{"gold_per_floor":[109,126,201,216,88,116,128,168,206,237,249,261,45,56,56,56],"floor_reached":16,"playtime":739,"items_purged":["Strike_G"],"score":204,"play_id":"59bf84dc-fd12-408c-8cb9-7d041f707140","local_time":"20190619185224","is_ascension_mode":true,"campfire_choices":[{"data":"Dash","floor":7,"key":"SMITH"},{"data":"Noxious Fumes","floor":12,"key":"SMITH"},{"data":"Footwork","floor":15,"key":"SMITH"}],"neow_cost":"NONE","seed_source_timestamp":70876734767427,"circlet_count":0,"master_deck":["AscendersBane","Defend_G","Defend_G","Defend_G","Defend_G","Strike_G+1","Strike_G","Strike_G","Strike_G","Survivor","Neutralize+1","Quick Slash","Dash+1","Underhanded Strike","Noxious Fumes+1","Phantasmal Killer","Footwork+1"],"relics":["Snecko Eye","MawBank","Dream Catcher","Whetstone","Membership Card"],"potions_floor_usage":[6,8,16,16],"damage_taken":[{"damage":0,"enemies":"2 Louse","floor":1,"turns":4},{"damage":4,"enemies":"Jaw Worm","floor":2,"turns":6},{"damage":2,"enemies":"Small Slimes","floor":4,"turns":5},{"damage":5,"enemies":"3 Sentries","floor":6,"turns":8},{"damage":13,"enemies":"Lagavulin","floor":8,"turns":8},{"damage":0,"enemies":"3 Louse","floor":10,"turns":2},{"damage":5,"enemies":"Looter","floor":14,"turns":4},{"damage":22,"enemies":"Hexaghost","floor":16,"turns":11}],"seed_played":"-533879051821740452","potions_obtained":[{"floor":2,"key":"Block Potion"},{"floor":4,"key":"Block Potion"},{"floor":8,"key":"FearPotion"},{"floor":14,"key":"Poison Potion"}],"is_trial":false,"path_per_floor":["M","M","?","M","$","E","R","E","T","M","?","R","$","M","R","B"],"character_chosen":"THE_SILENT","items_purchased":["Underhanded Strike","Membership Card"],"campfire_rested":0,"item_purchase_floors":[5,13],"current_hp_per_floor":[59,55,44,42,42,37,37,24,24,24,24,24,24,19,19,0],"gold":56,"neow_bonus":"BOSS_RELIC","is_prod":false,"is_daily":false,"chose_seed":false,"campfire_upgraded":3,"win_rate":0,"timestamp":1560991944,"path_taken":["M","M","?","M","$","E","R","E","T","M","?","R","$","M","R","BOSS"],"build_version":"2019-01-23","purchased_purges":1,"victory":false,"max_hp_per_floor":[66,66,66,66,66,66,66,66,66,66,66,66,66,66,66,66],"card_choices":[{"not_picked":["Sucker Punch","Terror"],"picked":"Quick Slash","floor":1},{"not_picked":["Skewer","Reflex","Bane"],"picked":"SKIP","floor":2},{"not_picked":["Poisoned Stab","Catalyst"],"picked":"Dash","floor":4},{"not_picked":["Tactician","Endless Agony","Prepared"],"picked":"SKIP","floor":6},{"not_picked":["Dodge and Roll","Poisoned Stab"],"picked":"Noxious Fumes","floor":8},{"not_picked":["Deadly Poison","Bane"],"picked":"Phantasmal Killer","floor":10},{"not_picked":["Well Laid Plans","Deflect"],"picked":"Footwork","floor":14}],"player_experience":962358,"relics_obtained":[{"floor":6,"key":"MawBank"},{"floor":8,"key":"Dream Catcher"},{"floor":9,"key":"Whetstone"}],"event_choices":[{"damage_healed":0,"gold_gain":75,"player_choice":"Gather Gold","damage_taken":11,"max_hp_gain":0,"max_hp_loss":0,"event_name":"World of Goop","floor":3,"gold_loss":0},{"cards_removed":["Defend_G"],"damage_healed":0,"gold_gain":0,"player_choice":"Forget","damage_taken":0,"max_hp_gain":0,"max_hp_loss":0,"event_name":"Living Wall","floor":11,"gold_loss":0}],"is_beta":false,"boss_relics":[],"items_purged_floors":[5],"is_endless":false,"potions_floor_spawned":[2,4,8,14],"killed_by":"Hexaghost","ascension_level":17}