{"gold_per_floor":[110,126,142,48,48,81,81,6,6,36,51,71,25,356,356,456,456,467,467,480,4,21,21,41,41],"floor_reached":25,"playtime":6585,"items_purged":["Strike_G","Defend_G"],"score":268,"play_id":"fea45d97-3bdd-4185-b692-5829255e596c","local_time":"20190218214429","is_ascension_mode":true,"campfire_choices":[{"floor":7.0,"key":"REST"},{"floor":15.0,"key":"REST"},{"floor":23,"key":"REST"}],"neow_cost":"NONE","seed_source_timestamp":0,"circlet_count":0,"master_deck":["Defend_G","Defend_G","Defend_G","Defend_G","Strike_G","Strike_G","Strike_G","Strike_G","Survivor","Neutralize","Deadly Poison","Cloak And Dagger","Infinite Blades+1","Blade Dance","Choke","Burst","Crippling Poison","Bane","Skewer","Deadly Poison","Bane","Venomology","Infinite Blades+1","Poisoned Stab","After Image+1","Mayhem+1","Backflip","Dodge and Roll","Cloak And Dagger"],"special_seed":0,"relics":["Ring of the Snake","NeowsBlessing","Frozen Egg 2","Omamori","Torii","Old Coin","Lizard Tail","CultistMask"],"potions_floor_usage":[22,22],"damage_taken":[{"damage":0.0,"enemies":"2 Louse","floor":1.0,"turns":1.0},{"damage":0.0,"enemies":"Cultist","floor":2.0,"turns":1.0},{"damage":0.0,"enemies":"Jaw Worm","floor":3.0,"turns":1.0},{"damage":36.0,"enemies":"Gremlin Nob","floor":6.0,"turns":5.0},{"damage":25.0,"enemies":"3 Sentries","floor":10.0,"turns":8.0},{"damage":5.0,"enemies":"Gremlin Gang","floor":11.0,"turns":6.0},{"damage":0.0,"enemies":"Large Slime","floor":12.0,"turns":5.0},{"damage":15.0,"enemies":"Lagavulin","floor":14.0,"turns":5.0},{"damage":19.0,"enemies":"Hexaghost","floor":16.0,"turns":9.0},{"damage":8,"enemies":"3 Byrds","floor":18,"turns":5},{"damage":39,"enemies":"Spheric Guardian","floor":20,"turns":6},{"damage":9,"enemies":"Chosen and Byrds","floor":22,"turns":5},{"damage":48,"enemies":"Snake Plant","floor":24,"turns":5},{"damage":26,"enemies":"3 Cultists","floor":25,"turns":4}],"seed_played":"2679327265693997511","potions_obtained":[{"floor":1.0,"key":"Energy Potion"},{"floor":3.0,"key":"Weak Potion"},{"floor":10.0,"key":"GhostInAJar"},{"floor":11.0,"key":"Dexterity Potion"},{"floor":12.0,"key":"Regen Potion"},{"floor":24,"key":"Dexterity Potion"}],"is_trial":false,"path_per_floor":["M","M","M","$","?","E","R","$","T","E","M","M","$","E","R","B",null,"M","?","M","$","M","R","M","M"],"character_chosen":"THE_SILENT","items_purchased":["Blade Dance","Choke","Deadly Poison","After Image+1","Mayhem+1","Backflip"],"campfire_rested":3,"item_purchase_floors":[4,4,13,21,21,21],"current_hp_per_floor":[70,70,70,70,70,34,55,55,55,30,25,25,25,25,46,27,70,62,62,23,23,14,35,26,0],"gold":41,"neow_bonus":"THREE_ENEMY_KILL","is_prod":false,"is_daily":false,"chose_seed":false,"campfire_upgraded":0,"win_rate":0,"timestamp":1550486669,"path_taken":["M","M","M","$","?","E","R","$","T","E","M","M","?","E","R","BOSS","M","?","M","$","M","R","M","M"],"build_version":"2019-01-23","purchased_purges":2,"victory":false,"max_hp_per_floor":[70,70,70,70,70,70,70,70,70,70,70,70,70,70,70,70,70,70,70,70,70,70,70,70,70],"card_choices":[{"not_picked":["Heel Hook","Blur"],"picked":"Deadly Poison","floor":1.0},{"not_picked":["Deflect","Blur"],"picked":"Cloak And Dagger","floor":2.0},{"not_picked":["Poisoned Stab","Deflect"],"picked":"Infinite Blades","floor":3.0},{"not_picked":["Bouncing Flask","PiercingWail"],"picked":"Burst","floor":6.0},{"not_picked":["Acrobatics","Escape Plan"],"picked":"Crippling Poison","floor":10.0},{"not_picked":["Eviscerate","PiercingWail"],"picked":"Bane","floor":11.0},{"not_picked":["Finisher","Dodge and Roll"],"picked":"Skewer","floor":12.0},{"not_picked":["Phantasmal Killer","Poisoned Stab"],"picked":"Bane","floor":14.0},{"not_picked":["Storm of Steel","Doppelganger"],"picked":"Venomology","floor":16.0},{"not_picked":["Flying Knee+1","Poisoned Stab"],"picked":"Infinite Blades+1","floor":18},{"not_picked":["PiercingWail","Calculated Gamble"],"picked":"Poisoned Stab","floor":20},{"not_picked":["Skewer","Cloak And Dagger"],"picked":"Dodge and Roll","floor":22},{"not_picked":["Acrobatics+1","Sucker Punch+1"],"picked":"Cloak And Dagger","floor":24}],"player_experience":547234,"relics_obtained":[{"floor":6.0,"key":"Frozen Egg 2"},{"floor":9.0,"key":"Omamori"},{"floor":10.0,"key":"Torii"},{"floor":14.0,"key":"Old Coin"}],"event_choices":[{"damage_healed":0.0,"max_hp_gain":0.0,"max_hp_loss":0.0,"gold_gain":0.0,"event_name":"Accursed Blacksmith","player_choice":"Forge","floor":5.0,"gold_loss":0.0,"damage_taken":0.0,"cards_upgraded":["Infinite Blades"]},{"damage_healed":0,"gold_gain":0,"player_choice":"Trade","damage_taken":0,"relics_obtained":["CultistMask"],"max_hp_gain":0,"max_hp_loss":0,"event_name":"FaceTrader","floor":19,"gold_loss":0}],"is_beta":false,"boss_relics":[{"not_picked":["White Beast Statue","HoveringKite"],"picked":"Lizard Tail"}],"items_purged_floors":[8,21],"is_endless":false,"potions_floor_spawned":[1,3,10,11,12,24],"killed_by":"3 Cultists","ascension_level":4}