{"gold_per_floor":[116,116,41,51,51,66,32,47,47,63,88,363,380,390,390,390],"floor_reached":16,"playtime":2955,"items_purged":["Strike_R"],"score":104,"play_id":"7ea238e6-8ccd-4b31-8c9d-76bf6a70d5f1","local_time":"20190526173811","is_ascension_mode":false,"campfire_choices":[{"data":"Spot Weakness","floor":15,"key":"SMITH"}],"neow_cost":"NONE","seed_source_timestamp":87583705992961,"circlet_count":0,"master_deck":["Strike_R","Strike_R","Strike_R","Strike_R","Defend_R","Defend_R","Defend_R","Bash+1","Anger","Impervious","Inflame","Sever Soul","Shockwave","Spot Weakness+1","Regret","Flex"],"relics":["Burning Blood","Paper Frog","Self Forming Clay","Bird Faced Urn"],"potions_floor_usage":[11,11,16],"damage_taken":[{"damage":12,"enemies":"Small Slimes","floor":1,"turns":5},{"damage":1,"enemies":"Jaw Worm","floor":4,"turns":3},{"damage":1,"enemies":"Cultist","floor":6,"turns":3},{"damage":5,"enemies":"Looter","floor":8,"turns":2},{"damage":9,"enemies":"Exordium Thugs","floor":10,"turns":4},{"damage":14,"enemies":"3 Sentries","floor":11,"turns":6},{"damage":18,"enemies":"Lots of Slimes","floor":13,"turns":5},{"damage":12,"enemies":"Red Slaver","floor":14,"turns":5},{"damage":2,"enemies":"Slime Boss","floor":16,"turns":3}],"seed_played":"-6161280805938348085","potions_obtained":[{"floor":1,"key":"LiquidBronze"},{"floor":4,"key":"Swift Potion"},{"floor":10,"key":"Fire Potion"}],"is_trial":false,"path_per_floor":["M","?","$","M","?","M","$","M","T","M","E","?","M","M","R","B"],"character_chosen":"IRONCLAD","items_purchased":["Sever Soul"],"campfire_rested":0,"item_purchase_floors":[7],"current_hp_per_floor":[74,67,67,72,72,77,77,78,78,75,67,67,57,53,53,53],"gold":390,"neow_bonus":"UPGRADE_CARD","is_prod":false,"is_daily":false,"chose_seed":false,"campfire_upgraded":1,"win_rate":0,"timestamp":1558856291,"path_taken":["M","?","$","M","?","M","$","?","T","M","E","?","M","M","R","BOSS"],"build_version":"2019-01-23","purchased_purges":1,"victory":false,"max_hp_per_floor":[80,80,80,80,80,80,80,80,80,80,80,80,80,80,80,80],"card_choices":[{"not_picked":["Infernal Blade","Body Slam"],"picked":"Anger","floor":1},{"not_picked":["Headbutt","Shrug It Off","Intimidate"],"picked":"SKIP","floor":4},{"not_picked":["Body Slam","Thunderclap"],"picked":"Inflame","floor":6},{"not_picked":["Blood for Blood","Bloodletting"],"picked":"Shockwave","floor":8},{"not_picked":["True Grit","Power Through","Headbutt"],"picked":"SKIP","floor":10},{"not_picked":["Reckless Charge","Dual Wield"],"picked":"Spot Weakness","floor":11},{"not_picked":["Bloodletting","Blood for Blood","Hemokinesis"],"picked":"SKIP","floor":13},{"not_picked":["Rampage","Body Slam"],"picked":"Flex","floor":14}],"player_experience":1987128,"relics_obtained":[{"floor":9,"key":"Self Forming Clay"},{"floor":11,"key":"Bird Faced Urn"}],"event_choices":[{"damage_healed":0,"gold_gain":0,"player_choice":"Success","damage_taken":7,"relics_obtained":["Paper Frog"],"max_hp_gain":0,"max_hp_loss":0,"event_name":"Scrap Ooze","floor":2,"gold_loss":0},{"damage_healed":0,"gold_gain":0,"cards_transformed":["Defend_R"],"player_choice":"Transformed","damage_taken":0,"max_hp_gain":0,"max_hp_loss":0,"event_name":"Transmorgrifier","floor":5,"gold_loss":0,"cards_obtained":["Impervious"]},{"damage_healed":0,"gold_gain":275,"player_choice":"Desecrate","damage_taken":0,"max_hp_gain":0,"max_hp_loss":0,"event_name":"Golden Shrine","floor":12,"gold_loss":0,"cards_obtained":["Regret"]}],"is_beta":false,"boss_relics":[],"items_purged_floors":[3],"is_endless":false,"potions_floor_spawned":[1,4,10],"killed_by":"Slime Boss","ascension_level":0}