{"gold_per_floor":[118,132,52,52,76,76,119,119,119,119,119,140,183,75,75,196,196,181,181,197,241,16,47,47,88,88,63,63,78,78,78,78,208,208,222,347,422,437,659,700,700,18,18,52,52,52,52,72,72,72],"floor_reached":51,"playtime":4050,"items_purged":["Strike_R","Strike_R","Strike_R"],"score":988,"play_id":"cdae8cc6-c6a7-4d83-9cb5-b24b6bf679a4","local_time":"20190607022124","is_ascension_mode":true,"campfire_choices":[{"data":"Inflame","floor":6.0,"key":"SMITH"},{"floor":8.0,"key":"REST"},{"data":"Clothesline","floor":10.0,"key":"SMITH"},{"floor":15.0,"key":"REST"},{"floor":24.0,"key":"REST"},{"data":"Fiend Fire","floor":28.0,"key":"SMITH"},{"data":"Whirlwind","floor":30.0,"key":"SMITH"},{"floor":32.0,"key":"REST"},{"floor":41.0,"key":"REST"},{"floor":45.0,"key":"REST"},{"data":"Feel No Pain","floor":47.0,"key":"SMITH"},{"floor":49,"key":"REST"}],"neow_cost":"NONE","seed_source_timestamp":302048362881635,"circlet_count":0,"master_deck":["Defend_R","Defend_R","Defend_R","Defend_R","Bash","Entrench","Inflame+1","Flame Barrier","Sword Boomerang","Clothesline+1","Sentinel+1","Battle Trance+1","Exhume+1","Headbutt","Infernal Blade+1","Spot Weakness+1","Iron Wave+1","True Grit+1","Whirlwind+1","Fiend Fire+1","Iron Wave","Flex+1","Exhume+1","Shrug It Off+1","Sword Boomerang+1","Sentinel+1","Shrug It Off+1","Feel No Pain+1","Shrug It Off+1","Exhume+1","Pommel Strike","Double Tap+1","Shockwave+1","Inflame+1","Limit Break+1","Flame Barrier+1"],"special_seed":0,"relics":["Burning Blood","Golden Idol","Toxic Egg 2","Mummified Hand","Prayer Wheel","Runic Pyramid","Red Mask","Blue Candle","Gremlin Horn","Kunai","Cursed Key","Magic Flower","Dream Catcher","Strange Spoon","Vajra","Frozen Egg 2"],"potions_floor_usage":[],"damage_taken":[{"damage":0.0,"enemies":"2 Louse","floor":1.0,"turns":3.0},{"damage":7.0,"enemies":"Small Slimes","floor":2.0,"turns":4.0},{"damage":1.0,"enemies":"Cultist","floor":5.0,"turns":5.0},{"damage":40.0,"enemies":"Lagavulin","floor":7.0,"turns":7.0},{"damage":14.0,"enemies":"Large Slime","floor":12.0,"turns":7.0},{"damage":12.0,"enemies":"Gremlin Nob","floor":13.0,"turns":3.0},{"damage":23.0,"enemies":"The Guardian","floor":16.0,"turns":14.0},{"damage":26.0,"enemies":"2 Thieves","floor":18.0,"turns":4.0},{"damage":0.0,"enemies":"Chosen","floor":20.0,"turns":4.0},{"damage":24.0,"enemies":"Masked Bandits","floor":21.0,"turns":5.0},{"damage":22.0,"enemies":"Book of Stabbing","floor":23.0,"turns":4.0},{"damage":12.0,"enemies":"Slavers","floor":25.0,"turns":4.0},{"damage":5.0,"enemies":"3 Cultists","floor":29.0,"turns":5.0},{"damage":28.0,"enemies":"Automaton","floor":33.0,"turns":6.0},{"damage":13.0,"enemies":"3 Darklings","floor":35.0,"turns":4.0},{"damage":3.0,"enemies":"Mind Bloom Boss Battle","floor":36.0,"turns":4.0},{"damage":7.0,"enemies":"3 Shapes","floor":38.0,"turns":2.0},{"damage":17.0,"enemies":"Reptomancer","floor":40.0,"turns":5.0},{"damage":37.0,"enemies":"Nemesis","floor":44.0,"turns":5.0},{"damage":17,"enemies":"Sphere and 2 Shapes","floor":48,"turns":5},{"damage":37,"enemies":"Donu and Deca","floor":50,"turns":6}],"seed_played":"4273664763581392572","potions_obtained":[{"floor":2.0,"key":"GamblersBrew"},{"floor":12.0,"key":"Swift Potion"},{"floor":13.0,"key":"SkillPotion"},{"floor":18.0,"key":"Weak Potion"},{"floor":29.0,"key":"Weak Potion"},{"floor":33.0,"key":"GamblersBrew"},{"floor":36.0,"key":"BloodPotion"},{"floor":40.0,"key":"EssenceOfSteel"},{"floor":48,"key":"Ancient Potion"}],"is_trial":false,"path_per_floor":["?","?","?","M","?","$","?","?","M","?","T"],"character_chosen":"IRONCLAD","items_purchased":["Flame Barrier","Battle Trance+1","True Grit+1","Whirlwind","Iron Wave","Strange Spoon","Exhume+1","Pommel Strike","Vajra"],"campfire_rested":7,"item_purchase_floors":[3,14,22,22,27,42,42,42,42],"current_hp_per_floor":[78,77,77,57,62,62,28,52,52,52,45,37,31,31,55,38,70,50,50,56,38,38,22,46,40,40,40,40,41,41,41,65,43,71,64,67,59,61,61,53,77,77,77,49,73,73,73,65,80,52],"gold":72,"neow_bonus":"THREE_CARDS","is_prod":false,"is_daily":false,"chose_seed":false,"campfire_upgraded":5,"win_rate":0,"timestamp":1559866884,"path_taken":["M","M","$","?","M","R","E","R","T","R","?","M","E","$","R","BOSS","M","?","?","?","$","E","R","E","T","?","R","M","R","$","R","BOSS","M","?","?","?","?","E","R","$","T","E","R","?","R","M","R","BOSS"],"build_version":"2019-01-23","purchased_purges":3,"victory":true,"max_hp_per_floor":[80,80,80,80,80,80,80,80,80,80,80,80,80,80,80,80,80,80,80,80,80,80,80,80,80,80,80,80,80,80,80,80,80,80,80,80,80,80,80,80,80,80,80,80,80,80,80,80,80,80],"card_choices":[{"not_picked":["Body Slam","Armaments"],"picked":"Entrench","floor":0.0},{"not_picked":["Flex","Armaments","Havoc"],"picked":"SKIP","floor":1.0},{"not_picked":["Combust","Havoc"],"picked":"Inflame","floor":2.0},{"not_picked":["Flex","Thunderclap"],"picked":"Sword Boomerang","floor":5.0},{"not_picked":["Cleave","Dropkick"],"picked":"Clothesline","floor":7.0},{"not_picked":["Bloodletting+1","Twin Strike","Seeing Red+1"],"picked":"SKIP","floor":12.0},{"not_picked":["Clothesline","Havoc+1"],"picked":"Sentinel+1","floor":13.0},{"not_picked":["Impervious+1","Berserk"],"picked":"Exhume+1","floor":16.0},{"not_picked":["Clash","Clothesline+1"],"picked":"Headbutt","floor":18.0},{"not_picked":["Power Through+1","Twin Strike","Seeing Red+1"],"picked":"SKIP","floor":18.0},{"not_picked":["Warcry+1","Blood for Blood+1"],"picked":"Infernal Blade+1","floor":20.0},{"not_picked":["Entrench+1","Clash+1"],"picked":"Spot Weakness+1","floor":20.0},{"not_picked":["Dropkick+1","Twin Strike"],"picked":"Iron Wave+1","floor":21.0},{"not_picked":["Blood for Blood+1","Spot Weakness+1"],"picked":"Fiend Fire","floor":23.0},{"not_picked":["Bloodletting+1","Second Wind+1","Dual Wield+1"],"picked":"SKIP","floor":25.0},{"not_picked":["Rupture","Wild Strike"],"picked":"Flex+1","floor":29.0},{"not_picked":["Pommel Strike","Whirlwind+1","Body Slam"],"picked":"SKIP","floor":29.0},{"not_picked":["Reaper","Brutality"],"picked":"Exhume+1","floor":33.0},{"not_picked":["Rage+1","Perfected Strike"],"picked":"Shrug It Off+1","floor":35.0},{"not_picked":["Havoc+1","Heavy Blade"],"picked":"Sword Boomerang+1","floor":35.0},{"not_picked":["Wild Strike","Rupture"],"picked":"Sentinel+1","floor":36.0},{"not_picked":["Thunderclap","Power Through+1"],"picked":"Shrug It Off+1","floor":38.0},{"not_picked":["Rampage","Clash","Perfected Strike+1"],"picked":"SKIP","floor":38.0},{"not_picked":["Second Wind+1","Cleave"],"picked":"Feel No Pain","floor":40.0},{"not_picked":["Whirlwind","Body Slam+1"],"picked":"Shrug It Off+1","floor":41.0},{"not_picked":["Armaments+1","Seeing Red+1"],"picked":"Double Tap+1","floor":44.0},{"not_picked":["Rupture+1","Body Slam+1"],"picked":"Shockwave+1","floor":45.0},{"not_picked":["Clothesline","Havoc+1"],"picked":"Inflame+1","floor":48},{"not_picked":["Perfected Strike","Pummel+1"],"picked":"Limit Break+1","floor":48},{"not_picked":["Thunderclap","Twin Strike+1"],"picked":"Flame Barrier+1","floor":49}],"player_experience":36372,"relics_obtained":[{"floor":7.0,"key":"Toxic Egg 2"},{"floor":9.0,"key":"Mummified Hand"},{"floor":13.0,"key":"Prayer Wheel"},{"floor":21.0,"key":"Red Mask"},{"floor":23.0,"key":"Blue Candle"},{"floor":25.0,"key":"Gremlin Horn"},{"floor":26.0,"key":"Kunai"},{"floor":36.0,"key":"Magic Flower"},{"floor":40.0,"key":"Dream Catcher"},{"floor":44.0,"key":"Frozen Egg 2"}],"event_choices":[{"damage_healed":0.0,"max_hp_gain":0.0,"max_hp_loss":0.0,"gold_gain":0.0,"event_name":"Golden Idol","player_choice":"Take Damage","floor":4.0,"gold_loss":0.0,"damage_taken":20.0,"relics_obtained":["Golden Idol"]},{"cards_removed":["Strike_R"],"damage_healed":0.0,"max_hp_gain":0.0,"max_hp_loss":0.0,"gold_gain":0.0,"event_name":"Golden Wing","player_choice":"Card Removal","floor":11.0,"gold_loss":0.0,"damage_taken":7.0},{"cards_removed":["Strike_R"],"damage_healed":0.0,"max_hp_gain":0.0,"max_hp_loss":0.0,"gold_gain":0.0,"event_name":"Bonfire Elementals","player_choice":"Offered Basic","floor":19.0,"gold_loss":0.0,"damage_taken":0.0},{"damage_healed":0.0,"max_hp_gain":0.0,"max_hp_loss":0.0,"gold_gain":0.0,"event_name":"Masked Bandits","player_choice":"Fought Bandits","floor":21.0,"gold_loss":0.0,"damage_taken":0.0},{"damage_healed":0.0,"max_hp_gain":0.0,"max_hp_loss":0.0,"gold_gain":0.0,"event_name":"MindBloom","player_choice":"Fight","floor":36.0,"gold_loss":0.0,"damage_taken":0.0},{"damage_healed":0.0,"max_hp_gain":0.0,"max_hp_loss":0.0,"gold_gain":75.0,"event_name":"FaceTrader","player_choice":"Touch","floor":37.0,"gold_loss":0.0,"damage_taken":8.0},{"damage_healed":0.0,"max_hp_gain":0.0,"max_hp_loss":0.0,"gold_gain":222.0,"event_name":"Tomb of Lord Red Mask","player_choice":"Wore Mask","floor":39.0,"gold_loss":0.0,"damage_taken":0.0}],"is_beta":false,"boss_relics":[{"not_picked":["Snecko Eye","Philosopher\u0027s Stone"],"picked":"Runic Pyramid"},{"not_picked":["Lizard Tail","Black Star"],"picked":"Cursed Key"}],"items_purged_floors":[14,22,42],"is_endless":false,"potions_floor_spawned":[2,12,13,18,29,33,36,40,48],"ascension_level":7}