{"gold_per_floor":[112,11,27,27,27,27,54,67,67,67,67,87,71,83,83,160,160,171,171,441,16,31,31,56,56,56,56,74,88,122,140,140,212,262,282,35,45,45,45,45,71,126,149,149,165,178,178,77,77,77],"floor_reached":51,"playtime":2908,"items_purged":["Shame"],"score":1206,"play_id":"97e9248f-b48f-4448-b527-7ceb77c12570","local_time":"20190610130831","is_ascension_mode":true,"campfire_choices":[{"data":"Chill","floor":6.0,"key":"SMITH"},{"data":"Zap","floor":10.0,"key":"SMITH"},{"data":"Static Discharge","floor":15.0,"key":"SMITH"},{"floor":23.0,"key":"REST"},{"floor":25.0,"key":"RECALL"},{"floor":27.0,"key":"REST"},{"floor":32.0,"key":"REST"},{"floor":40.0,"key":"REST"},{"floor":44.0,"key":"REST"},{"floor":47.0,"key":"REST"},{"floor":49.0,"key":"REST"}],"neow_cost":"CURSE","seed_source_timestamp":79833035688021,"circlet_count":0,"master_deck":["AscendersBane","Defend_B","Defend_B","Defend_B","Zap+1","Dualcast","Chill+1","Go for the Eyes","Sweeping Beam","Capacitor","Steam","Coolheaded+1","Coolheaded","Static Discharge+1","Echo Form","Coolheaded","Bite","Bite","Bite","Bite","Bite","Undo","Blind","Gash","Sunder","Turbo","Beam Cell","Buffer","Defragment","Conserve Battery","Seek","Storm","Doom and Gloom","Conserve Battery","Turbo","Barrage","Cold Snap","Chill","Aggregate","Sunder","Static Discharge"],"special_seed":0,"relics":["Cracked Core","Unceasing Top","Darkstone Periapt","Sundial","Fusion Hammer","Blue Candle","Pantograph","PreservedInsect","DataDisk","Tiny House","Tiny Chest","Thread and Needle","Centennial Puzzle","Calipers","Dream Catcher"],"potions_floor_usage":[50],"damage_taken":[{"damage":0.0,"enemies":"Small Slimes","floor":1.0,"turns":3.0},{"damage":0.0,"enemies":"Cultist","floor":3.0,"turns":4.0},{"damage":22.0,"enemies":"3 Sentries","floor":7.0,"turns":10.0},{"damage":6.0,"enemies":"2 Louse","floor":8.0,"turns":2.0},{"damage":2.0,"enemies":"Large Slime","floor":12.0,"turns":7.0},{"damage":8.0,"enemies":"Exordium Thugs","floor":13.0,"turns":5.0},{"damage":0.0,"enemies":"2 Fungi Beasts","floor":14.0,"turns":3.0},{"damage":9.0,"enemies":"Hexaghost","floor":16.0,"turns":8.0},{"damage":8.0,"enemies":"Shell Parasite","floor":18.0,"turns":6.0},{"damage":4.0,"enemies":"Chosen","floor":22.0,"turns":6.0},{"damage":17.0,"enemies":"Gremlin Leader","floor":24.0,"turns":10.0},{"damage":21.0,"enemies":"Snecko","floor":28.0,"turns":5.0},{"damage":20.0,"enemies":"Sentry and Sphere","floor":29.0,"turns":4.0},{"damage":2.0,"enemies":"Slavers","floor":30.0,"turns":6.0},{"damage":10.0,"enemies":"Centurion and Healer","floor":31.0,"turns":8.0},{"damage":19.0,"enemies":"Champ","floor":33.0,"turns":15.0},{"damage":2.0,"enemies":"Orb Walker","floor":35.0,"turns":4.0},{"damage":18.0,"enemies":"3 Shapes","floor":37.0,"turns":9.0},{"damage":18.0,"enemies":"Reptomancer","floor":41.0,"turns":4.0},{"damage":30.0,"enemies":"2 Orb Walkers","floor":42.0,"turns":6.0},{"damage":9.0,"enemies":"3 Darklings","floor":45.0,"turns":5.0},{"damage":0.0,"enemies":"Sphere and 2 Shapes","floor":46.0,"turns":7.0},{"damage":17,"enemies":"Awakened One","floor":50,"turns":17}],"seed_played":"6232212029018162392","potions_obtained":[{"floor":3.0,"key":"PowerPotion"},{"floor":12.0,"key":"LiquidBronze"},{"floor":16.0,"key":"AttackPotion"},{"floor":18.0,"key":"Weak Potion"},{"floor":29.0,"key":"Explosive Potion"},{"floor":31.0,"key":"PowerPotion"},{"floor":33.0,"key":"SkillPotion"},{"floor":34.0,"key":"FearPotion"},{"floor":35.0,"key":"LiquidBronze"},{"floor":37.0,"key":"AttackPotion"},{"floor":45.0,"key":"Fire Potion"}],"is_trial":false,"path_per_floor":["M","$","M","?","?","R","E","M","T","R","?","M","M","M","R","B",null,"M","?","?","$","M","R","E","R","T","R","M","M","E","M","R","B",null,"M","$","M","T","?","R","E","?","T","R","M","M","R","$","R","B",null],"character_chosen":"DEFECT","items_purchased":["Go for the Eyes","Undo","Blue Candle","Blind","Gash","Doom and Gloom","Tiny Chest","Conserve Battery","Sunder","Static Discharge"],"campfire_rested":7,"item_purchase_floors":[2,21,21,21,21,36,36,36,48,48],"current_hp_per_floor":[64,64,64,57,57,57,35,29,29,29,52,50,42,42,42,33,62,54,49,25,25,37,49,49,49,49,49,33,21,35,49,49,49,54,54,54,40,40,40,54,42,22,22,38,41,53,54,54,54,54],"gold":77,"neow_bonus":"ONE_RARE_RELIC","is_prod":false,"is_daily":false,"chose_seed":false,"campfire_upgraded":3,"win_rate":0,"timestamp":1560164911,"path_taken":["M","$","M","?","?","R","E","?","T","R","?","M","M","M","R","BOSS","M","?","?","$","M","R","E","R","T","R","M","M","E","M","R","BOSS","M","$","M","?","?","R","E","?","T","R","M","M","R","$","R","BOSS"],"build_version":"2019-01-23","purchased_purges":1,"victory":true,"max_hp_per_floor":[71,71,71,71,71,71,71,71,71,71,71,71,71,71,71,71,71,71,49,49,49,49,49,49,49,49,49,49,49,49,49,49,49,54,54,54,54,54,54,54,54,54,54,54,54,54,54,54,54,54],"card_choices":[{"not_picked":["Recycle","Go for the Eyes"],"picked":"Chill","floor":1.0},{"not_picked":["Lockon","Stack"],"picked":"Sweeping Beam","floor":3.0},{"not_picked":["Barrage","Rainbow"],"picked":"Capacitor","floor":7.0},{"not_picked":["Lockon","Heatsinks"],"picked":"Steam","floor":8.0},{"not_picked":["Compile Driver","Reprogram"],"picked":"Coolheaded","floor":12.0},{"not_picked":["Cold Snap","Stack"],"picked":"Coolheaded","floor":13.0},{"not_picked":["Fusion","Compile Driver"],"picked":"Static Discharge","floor":14.0},{"not_picked":["Rainbow","Electrodynamics"],"picked":"Echo Form","floor":16.0},{"not_picked":["Ball Lightning","Static Discharge"],"picked":"Coolheaded","floor":18.0},{"not_picked":["Go for the Eyes","Meteor Strike"],"picked":"Sunder","floor":22.0},{"not_picked":["Go for the Eyes","Capacitor"],"picked":"Turbo","floor":24.0},{"not_picked":["Melter","Aggregate"],"picked":"Beam Cell","floor":28.0},{"not_picked":["Go for the Eyes","Sweeping Beam+1"],"picked":"Buffer","floor":29.0},{"not_picked":["Aggregate+1","Self Repair"],"picked":"Defragment","floor":30.0},{"not_picked":["Redo","Gash"],"picked":"Conserve Battery","floor":31.0},{"not_picked":["Creative AI","Rainbow"],"picked":"Seek","floor":33.0},{"not_picked":["Stack+1","Ball Lightning"],"picked":"Storm","floor":34.0},{"not_picked":["Reprogram","Compile Driver+1","Rebound+1"],"picked":"SKIP","floor":35.0},{"not_picked":["Force Field+1","Go for the Eyes"],"picked":"Turbo","floor":37.0},{"not_picked":["Ball Lightning","BootSequence+1"],"picked":"Barrage","floor":41.0},{"not_picked":["Redo","Sweeping Beam"],"picked":"Cold Snap","floor":42.0},{"not_picked":["Gash+1","Ball Lightning"],"picked":"Chill","floor":44.0},{"not_picked":["Sweeping Beam","Streamline","Chaos"],"picked":"SKIP","floor":45.0},{"not_picked":["BootSequence","Rebound","Darkness"],"picked":"SKIP","floor":46.0},{"not_picked":["Multi-Cast","Fusion"],"picked":"Aggregate","floor":47.0}],"player_experience":731024,"relics_obtained":[{"floor":7.0,"key":"Darkstone Periapt"},{"floor":9.0,"key":"Sundial"},{"floor":24.0,"key":"Pantograph"},{"floor":26.0,"key":"PreservedInsect"},{"floor":30.0,"key":"DataDisk"},{"floor":38.0,"key":"Thread and Needle"},{"floor":41.0,"key":"Centennial Puzzle"},{"floor":42.0,"key":"Calipers"},{"floor":43.0,"key":"Dream Catcher"}],"event_choices":[{"cards_removed":["Strike_B"],"damage_healed":0.0,"max_hp_gain":0.0,"max_hp_loss":0.0,"gold_gain":0.0,"event_name":"Golden Wing","player_choice":"Card Removal","floor":4.0,"gold_loss":0.0,"damage_taken":7.0},{"cards_removed":["Strike_B"],"damage_healed":0.0,"max_hp_gain":0.0,"max_hp_loss":0.0,"gold_gain":0.0,"event_name":"Purifier","player_choice":"Purged","floor":5.0,"gold_loss":0.0,"damage_taken":0.0},{"damage_healed":23.0,"max_hp_gain":0.0,"max_hp_loss":0.0,"gold_gain":0.0,"event_name":"Big Fish","player_choice":"Banana","floor":11.0,"gold_loss":0.0,"damage_taken":0.0},{"damage_healed":0.0,"max_hp_gain":0.0,"max_hp_loss":22.0,"gold_gain":0.0,"event_name":"Vampires","player_choice":"Became a vampire","floor":19.0,"gold_loss":0.0,"damage_taken":0.0,"cards_obtained":["Bite","Bite","Bite","Bite","Bite"]},{"damage_healed":0.0,"max_hp_gain":0.0,"max_hp_loss":0.0,"gold_gain":270.0,"event_name":"Knowing Skull","player_choice":"GOLD GOLD GOLD ","floor":20.0,"potions_obtained":[],"gold_loss":0.0,"damage_taken":24.0,"cards_obtained":[]},{"cards_removed":["Defend_B"],"damage_healed":0.0,"max_hp_gain":0.0,"max_hp_loss":0.0,"gold_gain":0.0,"event_name":"Falling","player_choice":"Removed Skill","floor":39.0,"gold_loss":0.0,"damage_taken":0.0},{"damage_healed":0.0,"max_hp_gain":0.0,"max_hp_loss":0.0,"gold_gain":0.0,"event_name":"Mysterious Sphere","player_choice":"Fight","floor":42.0,"gold_loss":0.0,"damage_taken":0.0}],"is_beta":false,"boss_relics":[{"not_picked":["Orrery","Ectoplasm"],"picked":"Fusion Hammer"},{"not_picked":["Lizard Tail","Eternal Feather"],"picked":"Tiny House"}],"items_purged_floors":[2],"is_endless":false,"potions_floor_spawned":[3,12,13,16,18,29,31,33,35,37,45],"ascension_level":14}