{"gold_per_floor":[118,141,216,216,227,227,260,15,40,75,86,121,21,34,34,137,137,150,29,129,145,165,165,80,80,80,80,92,92,92,7,7,110,110,129,229,229,247,265,265,265,299,354,22,22,22,95,106,106,106],"floor_reached":51,"playtime":5586,"items_purged":["Strike_G","Strike_G+1"],"score":953,"play_id":"842a004e-4285-4b72-a463-db49b46ad0e7","local_time":"20190418000338","is_ascension_mode":true,"campfire_choices":[{"data":"Infinite Blades","floor":6.0,"key":"SMITH"},{"data":"Setup","floor":15.0,"key":"SMITH"},{"floor":23.0,"key":"REST"},{"data":"Venomology","floor":25.0,"key":"SMITH"},{"data":"Terror","floor":27.0,"key":"SMITH"},{"floor":32.0,"key":"REST"},{"data":"A Thousand Cuts","floor":40,"key":"SMITH"},{"data":"Riddle With Holes","floor":46,"key":"SMITH"},{"data":"Finisher","floor":49,"key":"SMITH"}],"neow_cost":"NONE","seed_source_timestamp":79137371266292,"circlet_count":0,"master_deck":["Defend_G+1","Defend_G+1","Defend_G+1","Defend_G+1","Strike_G+1","Strike_G+1","Survivor","Neutralize+1","Infinite Blades+1","Dagger Throw+1","Bane","Die Die Die","All Out Attack","Terror+1","Setup+1","Venomology+1","Predator+1","Deadly Poison","Leg Sweep","PiercingWail","Infinite Blades","Distraction","Crippling Poison+1","Necronomicurse","Footwork","Dagger Throw","A Thousand Cuts+1","Underhanded Strike+1","Outmaneuver","Crippling Poison","Underhanded Strike","Riddle With Holes+1","Madness","Madness","Finisher+1"],"special_seed":0,"relics":["Ring of the Snake","NeowsBlessing","Bag of Marbles","Paper Crane","Toy Ornithopter","Dream Catcher","Bag of Preparation","Whetstone","White Beast Statue","Thread and Needle","Bottled Flame","Girya","Juzu Bracelet","Necronomicon","Busted Crown","Gambling Chip","Bronze Scales","Oddly Smooth Stone","Happy Flower","Letter Opener"],"potions_floor_usage":[33,36,38,42,42,48,50,50,50,50],"damage_taken":[{"damage":0.0,"enemies":"Cultist","floor":1.0,"turns":1.0},{"damage":0.0,"enemies":"Small Slimes","floor":5.0,"turns":1.0},{"damage":0.0,"enemies":"Gremlin Nob","floor":7.0,"turns":1.0},{"damage":10.0,"enemies":"3 Sentries","floor":10.0,"turns":11.0},{"damage":0.0,"enemies":"2 Louse","floor":11.0,"turns":2.0},{"damage":5.0,"enemies":"Gremlin Nob","floor":12.0,"turns":3.0},{"damage":0.0,"enemies":"Gremlin Gang","floor":14.0,"turns":1.0},{"damage":0.0,"enemies":"Slime Boss","floor":16.0,"turns":4.0},{"damage":18.0,"enemies":"3 Byrds","floor":18.0,"turns":6.0},{"damage":3.0,"enemies":"Colosseum Slavers","floor":20.0,"turns":5.0},{"damage":28.0,"enemies":"Colosseum Nobs","floor":20.0,"turns":3.0},{"damage":0.0,"enemies":"Spheric Guardian","floor":21.0,"turns":3.0},{"damage":13.0,"enemies":"Snecko","floor":22.0,"turns":5.0},{"damage":6.0,"enemies":"Chosen and Byrds","floor":28.0,"turns":7.0},{"damage":4,"enemies":"Collector","floor":33,"turns":6},{"damage":0,"enemies":"3 Shapes","floor":35,"turns":2},{"damage":3,"enemies":"Mind Bloom Boss Battle","floor":36,"turns":7},{"damage":0,"enemies":"3 Darklings","floor":38,"turns":4},{"damage":12,"enemies":"4 Shapes","floor":39,"turns":1},{"damage":9,"enemies":"Giant Head","floor":42,"turns":8},{"damage":0,"enemies":"Sphere and 2 Shapes","floor":48,"turns":4},{"damage":54,"enemies":"Awakened One","floor":50,"turns":11}],"seed_played":"-4650358143503148953","potions_obtained":[{"floor":5.0,"key":"Weak Potion"},{"floor":11.0,"key":"FearPotion"},{"floor":16.0,"key":"Weak Potion"},{"floor":18.0,"key":"FearPotion"},{"floor":20.0,"key":"Strength Potion"},{"floor":21.0,"key":"Strength Potion"},{"floor":22.0,"key":"Fire Potion"},{"floor":28.0,"key":"Energy Potion"},{"floor":36,"key":"SteroidPotion"},{"floor":42,"key":"Explosive Potion"}],"is_trial":false,"path_per_floor":["M","T","?","?","M","R","E","$","T","E","M","E","$","M","R","B",null,"M","$","?","M","M","R","?","R","T","R","M","?","?","$","R","B",null,"M","?","?","M","M","R","?","E","T","$","?","R","T","M","R","B",null],"character_chosen":"THE_SILENT","items_purchased":["Toy Ornithopter","Footwork","SteroidPotion","Swift Potion","Deadly Poison","Footwork","Dexterity Potion","Happy Flower","Riddle With Holes"],"campfire_rested":2,"item_purchase_floors":[8,8,13,13,19,31,31,44,44],"current_hp_per_floor":[63,63,52,52,52,52,52,52,52,47,47,47,47,47,47,52,66,52,52,41,46,33,54,54,54,54,54,58,58,42,42,63,64,69,69,67,67,70,58,58,58,59,59,59,50,50,50,55,55,21],"gold":106,"neow_bonus":"THREE_ENEMY_KILL","is_prod":false,"is_daily":false,"chose_seed":false,"campfire_upgraded":7,"win_rate":0,"timestamp":1555509818,"path_taken":["M","?","?","?","?","R","E","$","T","E","M","E","$","M","R","BOSS","M","$","?","M","M","R","?","R","T","R","M","?","?","?","R","BOSS","M","?","?","M","M","R","?","E","T","$","?","R","?","M","R","BOSS"],"build_version":"2019-01-23","purchased_purges":2,"victory":true,"max_hp_per_floor":[70,70,70,70,70,70,70,70,70,70,70,70,70,70,70,70,70,70,70,70,70,70,70,70,70,70,70,70,70,70,70,70,70,70,70,70,70,70,70,70,70,70,70,70,70,70,70,70,70,70],"card_choices":[{"not_picked":["Deadly Poison","Finisher"],"picked":"Infinite Blades","floor":1.0},{"not_picked":["Prepared","Tactician"],"picked":"Dagger Throw","floor":5.0},{"not_picked":["Outmaneuver","Dagger Throw"],"picked":"Bane","floor":7.0},{"not_picked":["PiercingWail","Outmaneuver"],"picked":"Die Die Die","floor":10.0},{"not_picked":["PiercingWail","Quick Slash"],"picked":"All Out Attack","floor":11.0},{"not_picked":["Dagger Throw","Riddle With Holes"],"picked":"Terror","floor":12.0},{"not_picked":["Quick Slash","Tactician"],"picked":"Setup","floor":14.0},{"not_picked":["Doppelganger","Glass Knife"],"picked":"Venomology","floor":16.0},{"not_picked":["Blade Dance","Deadly Poison"],"picked":"Predator+1","floor":18.0},{"not_picked":["Underhanded Strike","Bane+1"],"picked":"Leg Sweep","floor":20.0},{"not_picked":["Dagger Spray","Outmaneuver"],"picked":"PiercingWail","floor":21.0},{"not_picked":["Expertise","Outmaneuver"],"picked":"Infinite Blades","floor":22.0},{"not_picked":["Outmaneuver","Deflect"],"picked":"Distraction","floor":23.0},{"not_picked":["Well Laid Plans","Terror"],"picked":"Crippling Poison+1","floor":28.0},{"not_picked":["Infinite Blades","Dagger Spray"],"picked":"Dagger Throw","floor":32.0},{"not_picked":["Envenom","Night Terror"],"picked":"A Thousand Cuts","floor":33},{"not_picked":["PiercingWail"],"picked":"SKIP","floor":35},{"not_picked":[],"picked":"Underhanded Strike+1","floor":36},{"not_picked":[],"picked":"Outmaneuver","floor":38},{"not_picked":[],"picked":"Crippling Poison","floor":39},{"not_picked":[],"picked":"Underhanded Strike","floor":42},{"not_picked":[],"picked":"Finisher","floor":48}],"player_experience":1249809,"relics_obtained":[{"floor":2.0,"key":"Bag of Marbles"},{"floor":7.0,"key":"Paper Crane"},{"floor":9.0,"key":"Dream Catcher"},{"floor":10.0,"key":"Bag of Preparation"},{"floor":12.0,"key":"Whetstone"},{"floor":20.0,"key":"Thread and Needle"},{"floor":20.0,"key":"Bottled Flame"},{"floor":26.0,"key":"Juzu Bracelet"},{"floor":30.0,"key":"Necronomicon"},{"floor":36,"key":"Gambling Chip"},{"floor":42,"key":"Bronze Scales"},{"floor":43,"key":"Oddly Smooth Stone"},{"floor":47,"key":"Letter Opener"}],"event_choices":[{"damage_healed":0.0,"max_hp_gain":0.0,"max_hp_loss":0.0,"gold_gain":75.0,"event_name":"World of Goop","player_choice":"Gather Gold","floor":3.0,"gold_loss":0.0,"damage_taken":11.0},{"cards_removed":["Strike_G"],"damage_healed":0.0,"max_hp_gain":0.0,"max_hp_loss":0.0,"gold_gain":0.0,"event_name":"Bonfire Elementals","player_choice":"Offered Basic","floor":4.0,"gold_loss":0.0,"damage_taken":0.0},{"damage_healed":0.0,"max_hp_gain":0.0,"max_hp_loss":0.0,"gold_gain":0.0,"event_name":"Colosseum","player_choice":"Fight","floor":20.0,"gold_loss":0.0,"damage_taken":0.0},{"damage_healed":0.0,"max_hp_gain":0.0,"max_hp_loss":0.0,"gold_gain":0.0,"event_name":"Colosseum","player_choice":"Fought Nobs","floor":20.0,"gold_loss":0.0,"damage_taken":0.0},{"damage_healed":0.0,"max_hp_gain":0.0,"max_hp_loss":0.0,"gold_gain":0.0,"event_name":"Addict","player_choice":"Obtained Relic","floor":24.0,"gold_loss":85.0,"damage_taken":0.0,"relics_obtained":["Girya"]},{"damage_healed":0.0,"max_hp_gain":0.0,"max_hp_loss":0.0,"gold_gain":0.0,"event_name":"Back to Basics","player_choice":"Simplicity","floor":29.0,"gold_loss":0.0,"damage_taken":0.0,"cards_upgraded":["Defend_G","Defend_G","Defend_G","Defend_G","Defend_G","Strike_G","Strike_G","Strike_G"]},{"damage_healed":0.0,"max_hp_gain":0.0,"max_hp_loss":0.0,"gold_gain":0.0,"event_name":"Cursed Tome","player_choice":"Obtained Book","floor":30.0,"gold_loss":0.0,"damage_taken":16.0},{"damage_healed":0,"gold_gain":0,"player_choice":"Fight","damage_taken":0,"max_hp_gain":0,"max_hp_loss":0,"event_name":"MindBloom","floor":36,"gold_loss":0},{"cards_removed":["Defend_G"],"damage_healed":0,"gold_gain":0,"player_choice":"Purged","damage_taken":0,"max_hp_gain":0,"max_hp_loss":0,"event_name":"Purifier","floor":37,"gold_loss":0},{"cards_removed":["Footwork"],"damage_healed":0,"gold_gain":0,"player_choice":"Removed Power","damage_taken":0,"max_hp_gain":0,"max_hp_loss":0,"event_name":"Falling","floor":41,"gold_loss":0},{"damage_healed":0,"gold_gain":0,"player_choice":"Embrace Madness","damage_taken":9,"max_hp_gain":0,"max_hp_loss":0,"event_name":"Winding Halls","floor":45,"gold_loss":0,"cards_obtained":["Madness","Madness"]}],"is_beta":false,"boss_relics":[{"not_picked":["Ectoplasm","Orrery"],"picked":"White Beast Statue"},{"not_picked":["Coffee Dripper","Velvet Choker"],"picked":"Busted Crown"}],"items_purged_floors":[19,44],"is_endless":false,"potions_floor_spawned":[5,11,16,18,20,20,21,22,28,33,35,36,38,39,42,48],"ascension_level":6}