{"gold_per_floor":[112,37,37,53,66,66,96,96,121,135,135,135,22,32,32,105,105,124,124,200,10,10,10,10,10],"floor_reached":25,"playtime":1246,"items_purged":[],"score":345,"play_id":"60626f8b-1b34-4c16-aebf-a2110263ca39","local_time":"20190405155640","is_ascension_mode":true,"campfire_choices":[{"data":"Hemokinesis","floor":6.0,"key":"SMITH"},{"data":"Whirlwind","floor":8.0,"key":"SMITH"},{"floor":15.0,"key":"REST"},{"floor":23.0,"key":"REST"},{"floor":24.0,"key":"REST"}],"neow_cost":"NONE","seed_source_timestamp":847239266194789,"circlet_count":0,"master_deck":["AscendersBane","Strike_R","Strike_R","Strike_R","Strike_R","Defend_R","Defend_R","Defend_R","Defend_R","Bash+1","Whirlwind+1","Hemokinesis+1","Heavy Blade","Brutality","Headbutt","Corruption","Sever Soul","Rupture","Limit Break","Shockwave","RitualDagger","Metamorphosis","Writhe"],"special_seed":0,"relics":["Black Blood","Bag of Preparation","Girya","PreservedInsect","WingedGreaves","Kunai","Question Card"],"potions_floor_usage":[],"damage_taken":[{"damage":8.0,"enemies":"Jaw Worm","floor":1.0,"turns":4.0},{"damage":1.0,"enemies":"Cultist","floor":4.0,"turns":3.0},{"damage":6.0,"enemies":"2 Louse","floor":5.0,"turns":2.0},{"damage":32.0,"enemies":"3 Sentries","floor":7.0,"turns":5.0},{"damage":15.0,"enemies":"Looter","floor":10.0,"turns":3.0},{"damage":17.0,"enemies":"Blue Slaver","floor":14.0,"turns":3.0},{"damage":38.0,"enemies":"Hexaghost","floor":16.0,"turns":7.0},{"damage":39.0,"enemies":"Spheric Guardian","floor":18.0,"turns":5.0},{"damage":70,"enemies":"Slavers","floor":25,"turns":4}],"seed_played":"3813337708606986298","potions_obtained":[{"floor":1.0,"key":"Energy Potion"},{"floor":5.0,"key":"SpeedPotion"},{"floor":14.0,"key":"Energy Potion"}],"is_trial":false,"path_per_floor":["M","?","?","M","M","R","E","R","T","M","?","?","$","M","R","B",null,"M","?","T","$","?","R","R","E"],"character_chosen":"IRONCLAD","items_purchased":["Corruption","Sever Soul","Metamorphosis"],"campfire_rested":3,"item_purchase_floors":[13,13,21],"current_hp_per_floor":[66,66,66,71,71,71,45,45,45,36,36,36,36,25,47,15,60,31,25,25,25,25,47,69,0],"gold":10,"neow_bonus":"UPGRADE_CARD","is_prod":false,"is_daily":false,"chose_seed":false,"campfire_upgraded":2,"win_rate":0,"timestamp":1554440200,"path_taken":["M","?","?","M","M","R","E","R","T","?","?","?","?","M","R","BOSS","M","?","?","$","?","R","R","E"],"build_version":"2019-01-23","purchased_purges":0,"victory":false,"max_hp_per_floor":[75,75,75,75,75,75,75,75,75,75,75,75,75,75,75,75,75,75,75,75,75,75,75,75,75],"card_choices":[{"not_picked":["Thunderclap","Entrench"],"picked":"Whirlwind","floor":1.0},{"not_picked":["Havoc","True Grit"],"picked":"Hemokinesis","floor":4.0},{"not_picked":["Armaments","Perfected Strike"],"picked":"Heavy Blade","floor":5.0},{"not_picked":["Havoc","Sword Boomerang"],"picked":"Brutality","floor":7.0},{"not_picked":["Anger","Sever Soul"],"picked":"Headbutt","floor":10.0},{"not_picked":["Armaments","Clash"],"picked":"Rupture","floor":14.0},{"not_picked":["Bludgeon","Berserk"],"picked":"Limit Break","floor":16.0},{"not_picked":["Warcry","Cleave"],"picked":"Shockwave","floor":18.0}],"player_experience":1148352,"relics_obtained":[{"floor":3.0,"key":"Bag of Preparation"},{"floor":7.0,"key":"Girya"},{"floor":9.0,"key":"PreservedInsect"},{"floor":20.0,"key":"Kunai"}],"event_choices":[{"cards_removed":["Strike_R"],"damage_healed":0.0,"max_hp_gain":0.0,"max_hp_loss":0.0,"gold_gain":0.0,"event_name":"The Cleric","player_choice":"Card Removal","floor":2.0,"gold_loss":75.0,"damage_taken":0.0},{"damage_healed":0.0,"max_hp_gain":0.0,"max_hp_loss":0.0,"gold_gain":0.0,"event_name":"Wheel of Change","player_choice":"Relic","floor":3.0,"gold_loss":0.0,"damage_taken":0.0},{"damage_healed":0.0,"max_hp_gain":0.0,"max_hp_loss":0.0,"gold_gain":0.0,"event_name":"Shining Light","player_choice":"Ignored","floor":11.0,"gold_loss":0.0,"damage_taken":0.0},{"damage_healed":0.0,"max_hp_gain":0.0,"max_hp_loss":0.0,"gold_gain":0.0,"event_name":"Dead Adventurer","player_choice":"Searched \u00271\u0027 times","floor":12.0,"gold_loss":0.0,"damage_taken":0.0,"relics_obtained":["WingedGreaves"]},{"damage_healed":0.0,"max_hp_gain":0.0,"max_hp_loss":0.0,"gold_gain":0.0,"event_name":"Nest","player_choice":"Joined the Cult","floor":19.0,"gold_loss":0.0,"damage_taken":6.0,"cards_obtained":["RitualDagger"]},{"damage_healed":0.0,"max_hp_gain":0.0,"max_hp_loss":0.0,"gold_gain":0.0,"event_name":"The Mausoleum","player_choice":"Opened","floor":22.0,"gold_loss":0.0,"damage_taken":0.0,"relics_obtained":["Question Card"],"cards_obtained":["Writhe"]}],"is_beta":false,"boss_relics":[{"not_picked":["Runic Dome","Orrery"],"picked":"Black Blood"}],"items_purged_floors":[],"is_endless":false,"potions_floor_spawned":[1,5,14],"killed_by":"Slavers","ascension_level":15}