{"gold_per_floor":[119,131,131,150,150,150,184,184,184,196,161,190,11,11,11,111,111,127,127,127,32,232,232,257,33,60,60,74,100,100,110,110,210,210,226,245,255,1254,196,196,216,216,216,249,249,267,267,267,267,267],"floor_reached":51,"playtime":4679,"items_purged":["Strike_R","Strike_R"],"score":908,"play_id":"24381d3d-daf4-4682-a41c-f1532779adbb","local_time":"20190209001049","is_ascension_mode":true,"campfire_choices":[{"data":"Limit Break","floor":6.0,"key":"SMITH"},{"data":"Armaments","floor":8.0,"key":"SMITH"},{"floor":15.0,"key":"REST"},{"data":"Barricade","floor":23.0,"key":"SMITH"},{"floor":27.0,"key":"REST"},{"floor":30.0,"key":"REST"},{"floor":32.0,"key":"REST"},{"floor":40.0,"key":"REST"},{"data":"Immolate","floor":47,"key":"SMITH"},{"data":"Chrysalis","floor":49,"key":"SMITH"}],"neow_cost":"TEN_PERCENT_HP_LOSS","seed_source_timestamp":0,"circlet_count":0,"master_deck":["Strike_R","Strike_R","Defend_R","Defend_R","Defend_R","Defend_R","Bash","Limit Break+1","Rage","Shrug It Off","Armaments+1","Anger","Anger","Inflame","Flex","Heavy Blade","Bludgeon","Whirlwind","Barricade+1","Enlightenment","Flame Barrier","Warcry","Inflame+1","Shrug It Off+1","Ghostly Armor","Entrench","Immolate+1","Twin Strike","Searing Blow","Chrysalis+1","Seeing Red","Metallicize","Rampage","Heavy Blade+1","Combust","Ghostly Armor+1","Flex","PanicButton","Mind Blast"],"special_seed":0,"relics":["Burning Blood","Mango","Pear","Magic Flower","Vajra","Lizard Tail","Gremlin Horn","Singing Bowl","Dream Catcher","Omamori","Torii","Busted Crown","Pantograph","HandDrill","Bottled Flame","Incense Burner","Question Card"],"potions_floor_usage":[41,41,41,50,50,50],"damage_taken":[{"damage":8.0,"enemies":"Jaw Worm","floor":1.0,"turns":4.0},{"damage":3.0,"enemies":"2 Louse","floor":2.0,"turns":3.0},{"damage":4.0,"enemies":"Small Slimes","floor":4.0,"turns":4.0},{"damage":38.0,"enemies":"Gremlin Nob","floor":7.0,"turns":4.0},{"damage":5.0,"enemies":"2 Fungi Beasts","floor":10.0,"turns":4.0},{"damage":37.0,"enemies":"Lagavulin","floor":12.0,"turns":6.0},{"damage":76.0,"enemies":"The Guardian","floor":16.0,"turns":16.0},{"damage":0.0,"enemies":"Chosen","floor":18.0,"turns":4.0},{"damage":30.0,"enemies":"Gremlin Leader","floor":24.0,"turns":7.0},{"damage":24.0,"enemies":"3 Byrds","floor":28.0,"turns":4.0},{"damage":45.0,"enemies":"Slavers","floor":29.0,"turns":5.0},{"damage":43.0,"enemies":"Snake Plant","floor":31.0,"turns":6.0},{"damage":66.0,"enemies":"Automaton","floor":33.0,"turns":9.0},{"damage":40.0,"enemies":"Orb Walker","floor":35.0,"turns":4.0},{"damage":60.0,"enemies":"3 Shapes","floor":36.0,"turns":4.0},{"damage":22.0,"enemies":"Maw","floor":37.0,"turns":9.0},{"damage":57,"enemies":"Transient","floor":41,"turns":5},{"damage":72,"enemies":"Reptomancer","floor":44,"turns":5},{"damage":0,"enemies":"3 Darklings","floor":46,"turns":3},{"damage":80,"enemies":"Awakened One","floor":50,"turns":12}],"seed_played":"-7630080952523250206","potions_obtained":[{"floor":1.0,"key":"AttackPotion"},{"floor":2.0,"key":"LiquidBronze"},{"floor":16.0,"key":"Weak Potion"},{"floor":24.0,"key":"GamblersBrew"},{"floor":33.0,"key":"Strength Potion"},{"floor":36.0,"key":"Fire Potion"},{"floor":41,"key":"Strength Potion"},{"floor":44,"key":"Strength Potion"},{"floor":46,"key":"Fire Potion"}],"is_trial":false,"path_per_floor":["M","M","?","M","?","R","E","R","T","M","?","E","$","?","R","B",null,"M","T","?","$","?","R","E","$","T","R","M","E","R","M","R","B",null,"M","M","M","?","$","R","M","T","T","E","?","M","R","?","R","B",null],"character_chosen":"IRONCLAD","items_purchased":["Flex","Heavy Blade","Bludgeon","Enlightenment","Dream Catcher","Pantograph","Chrysalis","Seeing Red","Metallicize","Rampage","Poison Potion","Block Potion","PowerPotion","HandDrill"],"campfire_rested":5,"item_purchase_floors":[13,13,13,21,25,39,39,39,39,39,39,39,39,39],"current_hp_per_floor":[70,72,77,77,88,88,66,66,66,70,95,67,67,67,97,30,101,101,101,81,81,81,81,60,60,60,91,76,40,71,37,68,11,106,75,24,11,11,11,42,89,89,89,26,106,106,106,101,101,35],"gold":267,"neow_bonus":"THREE_RARE_CARDS","is_prod":false,"is_daily":false,"chose_seed":false,"campfire_upgraded":5,"win_rate":0,"timestamp":1549631449,"path_taken":["M","M","?","M","?","R","E","R","T","M","?","E","$","?","R","BOSS","M","?","?","?","?","R","E","$","T","R","M","E","R","M","R","BOSS","M","?","M","?","$","R","M","?","T","E","?","?","R","?","R","BOSS"],"build_version":"2019-01-23","purchased_purges":2,"victory":true,"max_hp_per_floor":[72,72,77,77,91,91,101,101,101,101,101,101,101,101,101,101,101,101,101,106,106,106,106,106,106,106,106,106,106,106,106,106,106,106,106,106,106,106,106,106,106,106,106,106,106,106,106,106,106,106],"card_choices":[{"not_picked":["Immolate","Barricade"],"picked":"Limit Break","floor":0.0},{"not_picked":["True Grit","Sword Boomerang"],"picked":"Rage","floor":1.0},{"not_picked":["Iron Wave","Uppercut"],"picked":"Shrug It Off","floor":2.0},{"not_picked":["Body Slam","Shrug It Off"],"picked":"Armaments","floor":4.0},{"not_picked":["Clothesline","Thunderclap"],"picked":"Anger","floor":7.0},{"not_picked":["Dual Wield","Cleave"],"picked":"Anger","floor":10.0},{"not_picked":["Dark Embrace","Carnage"],"picked":"Inflame","floor":12.0},{"not_picked":["Fiend Fire","Feed"],"picked":"Barricade","floor":16.0},{"not_picked":["Clash","True Grit","Searing Blow"],"picked":"SKIP","floor":18.0},{"not_picked":["Anger","Flex"],"picked":"Flame Barrier","floor":24.0},{"not_picked":["Perfected Strike+1","Burning Pact"],"picked":"Warcry","floor":27.0},{"not_picked":["Sentinel","Havoc"],"picked":"Inflame+1","floor":28.0},{"not_picked":["Rupture+1","Exhume"],"picked":"Shrug It Off+1","floor":29.0},{"not_picked":["Thunderclap","Flex"],"picked":"Ghostly Armor","floor":30.0},{"not_picked":["Intimidate+1","Shrug It Off"],"picked":"Entrench","floor":31.0},{"not_picked":["Metallicize","Wild Strike"],"picked":"Ghostly Armor","floor":32.0},{"not_picked":["Offering","Demon Form"],"picked":"Immolate","floor":33.0},{"not_picked":[],"picked":"Twin Strike","floor":35.0},{"not_picked":[],"picked":"Searing Blow","floor":36.0},{"not_picked":["Warcry"],"picked":"SKIP","floor":37.0},{"not_picked":[],"picked":"Heavy Blade+1","floor":40.0},{"not_picked":[],"picked":"Combust","floor":41},{"not_picked":[],"picked":"Ghostly Armor+1","floor":44},{"not_picked":["Armaments+1"],"picked":"Flex","floor":46},{"not_picked":["Panache"],"picked":"PanicButton","floor":48},{"not_picked":["Swift Strike"],"picked":"Mind Blast","floor":48}],"player_experience":293951,"relics_obtained":[{"floor":7.0,"key":"Pear"},{"floor":9.0,"key":"Magic Flower"},{"floor":12.0,"key":"Vajra"},{"floor":19.0,"key":"Gremlin Horn"},{"floor":24.0,"key":"Singing Bowl"},{"floor":26.0,"key":"Omamori"},{"floor":29.0,"key":"Torii"},{"floor":42,"key":"Bottled Flame"},{"floor":43,"key":"Incense Burner"},{"floor":44,"key":"Question Card"}],"event_choices":[{"damage_healed":0.0,"max_hp_gain":5.0,"max_hp_loss":0.0,"gold_gain":0.0,"event_name":"Big Fish","player_choice":"Donut","floor":3.0,"gold_loss":0.0,"damage_taken":0.0},{"damage_healed":0.0,"max_hp_gain":0.0,"max_hp_loss":0.0,"gold_gain":0.0,"event_name":"Scrap Ooze","player_choice":"Success","floor":5.0,"gold_loss":0.0,"damage_taken":3.0,"relics_obtained":["Mango"]},{"damage_healed":25.0,"max_hp_gain":0.0,"max_hp_loss":0.0,"gold_gain":0.0,"event_name":"The Cleric","player_choice":"Healed","floor":11.0,"gold_loss":35.0,"damage_taken":0.0},{"damage_healed":0.0,"max_hp_gain":0.0,"max_hp_loss":0.0,"gold_gain":0.0,"cards_transformed":["Strike_R"],"event_name":"Transmorgrifier","player_choice":"Transformed","floor":14.0,"gold_loss":0.0,"damage_taken":0.0,"cards_obtained":["Whirlwind"]},{"damage_healed":0.0,"max_hp_gain":5.0,"max_hp_loss":0.0,"gold_gain":0.0,"event_name":"Forgotten Altar","player_choice":"Shed Blood","floor":20.0,"gold_loss":0.0,"damage_taken":25.0},{"damage_healed":0.0,"max_hp_gain":0.0,"max_hp_loss":0.0,"gold_gain":200.0,"event_name":"Wheel of Change","player_choice":"Gold","floor":22.0,"gold_loss":0.0,"damage_taken":0.0},{"damage_healed":0.0,"max_hp_gain":0.0,"max_hp_loss":0.0,"gold_gain":999.0,"event_name":"MindBloom","player_choice":"Gold","floor":38.0,"gold_loss":0.0,"damage_taken":0.0,"cards_obtained":["Normality","Normality"]},{"cards_removed":["Ghostly Armor"],"damage_healed":80,"gold_gain":0,"player_choice":"Offered Uncommon","damage_taken":0,"max_hp_gain":0,"max_hp_loss":0,"event_name":"Bonfire Elementals","floor":45,"gold_loss":0},{"damage_healed":0,"gold_gain":0,"player_choice":"Memory 2","damage_taken":5,"max_hp_gain":0,"max_hp_loss":0,"event_name":"SensoryStone","floor":48,"gold_loss":0}],"is_beta":false,"boss_relics":[{"not_picked":["Empty Cage","White Beast Statue"],"picked":"Lizard Tail"},{"not_picked":["Velvet Choker","Black Blood"],"picked":"Busted Crown"}],"items_purged_floors":[25,39],"is_endless":false,"potions_floor_spawned":[1,2,16,24,33,36,41,44,46],"ascension_level":4}