{"gold_per_floor":[117,117,130,130,156,156,188,188,242,253,253,281,291,318,318,419,419,434,446,446,361,31,31,31,59,59,79,114,114,143,162,162,259,259,279,333,333,206,206,239,239,273,319,319,353,353,57,72,72,72],"floor_reached":51,"playtime":2944,"items_purged":["Strike_R","Strike_R","Strike_R"],"score":1177,"play_id":"124e5724-d6cb-4173-a50a-6023bf121291","local_time":"20190613225513","is_ascension_mode":true,"campfire_choices":[{"data":"Infernal Blade","floor":6,"key":"SMITH"},{"data":"Anger","floor":8,"key":"SMITH"},{"data":"Cleave","floor":11,"key":"SMITH"},{"data":"True Grit","floor":15,"key":"SMITH"},{"data":"Ghostly","floor":23,"key":"SMITH"},{"data":"Ghostly","floor":29,"key":"SMITH"},{"data":"Ghostly","floor":32,"key":"SMITH"},{"data":"Ghostly","floor":41,"key":"SMITH"},{"data":"Double Tap","floor":44,"key":"SMITH"},{"data":"Pommel Strike","floor":49,"key":"SMITH"}],"neow_cost":"NONE","seed_source_timestamp":896755007977126,"circlet_count":0,"master_deck":["Strike_R","Strike_R","Defend_R","Defend_R","Defend_R","Defend_R","Bash+1","Infernal Blade+1","Clothesline","Anger+1","Cleave+1","True Grit+1","Corruption+1","Demon Form+1","Burning Pact","Ghostly","Ghostly+1","Ghostly+1","Ghostly+1","Ghostly+1","Inflame+1","Shrug It Off","Armaments","Double Tap+1","Dropkick+1","True Grit","Dark Shackles","Panacea","Disarm+1","Pommel Strike+1","Twin Strike+1"],"relics":["Burning Blood","Dream Catcher","Ancient Tea Set","Potion Belt","PreservedInsect","Frozen Egg 2","Bronze Scales","Busted Crown","Boot","Paper Frog","Blue Candle","Lantern","Omamori","Torii","Snecko Eye","WingedGreaves","Ornamental Fan","Matryoshka","Centennial Puzzle","Red Skull","Oddly Smooth Stone","Calipers","Bag of Preparation"],"potions_floor_usage":[14,14,14,16,50,50],"damage_taken":[{"damage":11,"enemies":"Small Slimes","floor":1,"turns":5},{"damage":2,"enemies":"Jaw Worm","floor":3,"turns":3},{"damage":40,"enemies":"3 Sentries","floor":7,"turns":8},{"damage":0,"enemies":"Cultist","floor":10,"turns":2},{"damage":15,"enemies":"Lagavulin","floor":12,"turns":3},{"damage":20,"enemies":"3 Louse","floor":13,"turns":3},{"damage":4,"enemies":"3 Sentries","floor":14,"turns":5},{"damage":29,"enemies":"The Guardian","floor":16,"turns":9},{"damage":18,"enemies":"Shell Parasite","floor":18,"turns":4},{"damage":0,"enemies":"Chosen","floor":19,"turns":3},{"damage":4,"enemies":"Book of Stabbing","floor":25,"turns":5},{"damage":3,"enemies":"Shelled Parasite and Fungi","floor":27,"turns":5},{"damage":3,"enemies":"Slavers","floor":28,"turns":3},{"damage":0,"enemies":"Book of Stabbing","floor":30,"turns":5},{"damage":5,"enemies":"3 Cultists","floor":31,"turns":5},{"damage":33,"enemies":"Automaton","floor":33,"turns":9},{"damage":19,"enemies":"3 Darklings","floor":35,"turns":5},{"damage":1,"enemies":"2 Orb Walkers","floor":36,"turns":4},{"damage":0,"enemies":"Giant Head","floor":40,"turns":5},{"damage":1,"enemies":"Nemesis","floor":42,"turns":5},{"damage":3,"enemies":"Reptomancer","floor":45,"turns":5},{"damage":1,"enemies":"Orb Walker","floor":48,"turns":3},{"damage":1,"enemies":"Time Eater","floor":50,"turns":7}],"seed_played":"7545621704967625961","potions_obtained":[{"floor":3,"key":"FearPotion"},{"floor":10,"key":"FearPotion"},{"floor":12,"key":"Regen Potion"},{"floor":13,"key":"EssenceOfSteel"},{"floor":18,"key":"Ancient Potion"},{"floor":31,"key":"SpeedPotion"},{"floor":33,"key":"Weak Potion"},{"floor":36,"key":"Dexterity Potion"},{"floor":48,"key":"Block Potion"}],"is_trial":false,"path_per_floor":["?","?","T","M","?","?","$","?","?","T","?","?"],"character_chosen":"IRONCLAD","items_purchased":["Paper Frog","True Grit","Pommel Strike","Bag of Preparation"],"campfire_rested":0,"item_purchase_floors":[22,38,47,47],"current_hp_per_floor":[67,67,71,71,71,71,37,37,37,43,43,34,20,36,36,13,63,51,57,40,40,40,40,40,40,40,40,40,40,40,40,40,13,33,20,25,25,25,15,21,21,26,26,26,29,40,40,40,40,40],"gold":72,"neow_bonus":"RANDOM_COMMON_RELIC","is_prod":false,"is_daily":false,"chose_seed":false,"campfire_upgraded":10,"win_rate":0,"timestamp":1560459313,"path_taken":["M","?","M","?","?","R","E","R","T","M","R","E","?","E","R","BOSS","M","M","?","?","?","R","?","E","T","M","E","R","E","M","R","BOSS","M","?","?","$","?","E","R","E","T","R","E","?","$","M","R","BOSS"],"build_version":"2019-01-23","purchased_purges":3,"victory":true,"max_hp_per_floor":[80,80,80,80,80,80,80,80,80,80,80,80,80,80,80,80,80,80,80,40,40,40,40,40,40,40,40,40,40,40,40,40,40,40,40,40,40,40,40,40,40,40,40,40,40,40,40,40,40,40],"card_choices":[{"not_picked":["Wild Strike","Shockwave"],"picked":"Infernal Blade","floor":1},{"not_picked":["Shrug It Off","Pommel Strike"],"picked":"Clothesline","floor":3},{"not_picked":["Warcry","Carnage"],"picked":"Anger","floor":7},{"not_picked":["Havoc","Entrench"],"picked":"Cleave","floor":10},{"not_picked":["Pummel","Clothesline","Perfected Strike"],"picked":"SKIP","floor":12},{"not_picked":["Dropkick","Armaments"],"picked":"True Grit","floor":13},{"not_picked":["Power Through","Pommel Strike"],"picked":"Corruption+1","floor":14},{"not_picked":["Bludgeon","Dark Embrace+1"],"picked":"Demon Form+1","floor":16},{"not_picked":["Thunderclap+1"],"picked":"SKIP","floor":18},{"not_picked":[],"picked":"Burning Pact","floor":19},{"not_picked":[],"picked":"Inflame+1","floor":25},{"not_picked":["Flex+1"],"picked":"SKIP","floor":27},{"not_picked":[],"picked":"Shrug It Off","floor":28},{"not_picked":["Anger"],"picked":"SKIP","floor":30},{"not_picked":[],"picked":"Armaments","floor":31},{"not_picked":[],"picked":"Double Tap","floor":33},{"not_picked":["Uppercut"],"picked":"SKIP","floor":35},{"not_picked":[],"picked":"Dropkick+1","floor":36},{"not_picked":[],"picked":"Dark Shackles","floor":39},{"not_picked":[],"picked":"Panacea","floor":39},{"not_picked":["Clash+1"],"picked":"SKIP","floor":40},{"not_picked":[],"picked":"Disarm+1","floor":42},{"not_picked":["Clash+1"],"picked":"SKIP","floor":45},{"not_picked":[],"picked":"Twin Strike+1","floor":48}],"player_experience":43707,"relics_obtained":[{"floor":5,"key":"Ancient Tea Set"},{"floor":7,"key":"Potion Belt"},{"floor":9,"key":"PreservedInsect"},{"floor":12,"key":"Frozen Egg 2"},{"floor":14,"key":"Bronze Scales"},{"floor":25,"key":"Blue Candle"},{"floor":26,"key":"Lantern"},{"floor":28,"key":"Omamori"},{"floor":30,"key":"Torii"},{"floor":36,"key":"WingedGreaves"},{"floor":37,"key":"Ornamental Fan"},{"floor":40,"key":"Matryoshka"},{"floor":42,"key":"Centennial Puzzle"},{"floor":43,"key":"Red Skull"},{"floor":43,"key":"Oddly Smooth Stone"},{"floor":45,"key":"Calipers"}],"event_choices":[{"damage_healed":0,"gold_gain":0,"player_choice":"Ignored","damage_taken":0,"max_hp_gain":0,"max_hp_loss":0,"event_name":"Liars Game","floor":2,"gold_loss":0},{"damage_healed":0,"gold_gain":0,"player_choice":"Grow","damage_taken":0,"max_hp_gain":0,"max_hp_loss":0,"event_name":"Living Wall","floor":4,"gold_loss":0,"cards_upgraded":["Bash"]},{"damage_healed":0,"gold_gain":0,"player_choice":"Became a Ghost","damage_taken":0,"max_hp_gain":0,"max_hp_loss":40,"event_name":"Ghosts","floor":20,"gold_loss":0,"cards_obtained":["Ghostly","Ghostly","Ghostly","Ghostly","Ghostly"]},{"damage_healed":0,"gold_gain":0,"player_choice":"Obtained Relic","damage_taken":0,"relics_obtained":["Boot"],"max_hp_gain":0,"max_hp_loss":0,"event_name":"Addict","floor":21,"gold_loss":85},{"damage_healed":0,"gold_gain":0,"player_choice":"Ignored","damage_taken":0,"max_hp_gain":0,"max_hp_loss":0,"event_name":"Beggar","floor":24,"gold_loss":0},{"damage_healed":0,"gold_gain":0,"player_choice":"Fight","damage_taken":0,"max_hp_gain":0,"max_hp_loss":0,"event_name":"Mysterious Sphere","floor":36,"gold_loss":0},{"damage_healed":0,"gold_gain":0,"player_choice":"Memory 3","damage_taken":10,"max_hp_gain":0,"max_hp_loss":0,"event_name":"SensoryStone","floor":39,"gold_loss":0},{"damage_healed":11,"gold_gain":0,"player_choice":"Full Heal","damage_taken":0,"max_hp_gain":0,"max_hp_loss":0,"event_name":"Wheel of Change","floor":46,"gold_loss":0}],"is_beta":false,"boss_relics":[{"not_picked":["Empty Cage","Lizard Tail"],"picked":"Busted Crown"},{"not_picked":["Fusion Hammer","Velvet Choker"],"picked":"Snecko Eye"}],"items_purged_floors":[22,38,47],"is_endless":false,"potions_floor_spawned":[3,10,12,13,18,31,33,36,48],"ascension_level":8}