{"gold_per_floor":[111,111,122,138,156,156,187,187,187,187,187,198,232,188,188,259,259,279,279,296,14,14,14,14],"floor_reached":24,"playtime":1071,"items_purged":["Defend_B"],"score":377,"play_id":"8aa81a31-6c7f-44c8-8c57-5c68b807e277","local_time":"20190528122111","is_ascension_mode":true,"campfire_choices":[{"data":"Doom and Gloom","floor":6.0,"key":"SMITH"},{"data":"Glacier","floor":8.0,"key":"SMITH"},{"floor":10.0,"key":"REST"},{"floor":15.0,"key":"REST"},{"data":"Consume","floor":23.0,"key":"SMITH"}],"neow_cost":"NONE","seed_source_timestamp":906946345882256,"circlet_count":0,"master_deck":["AscendersBane","Strike_B","Strike_B","Strike_B+1","Strike_B","Defend_B","Defend_B","Defend_B","Zap","Dualcast","Coolheaded","Glacier+1","Doom and Gloom+1","Turbo+1","Core Surge","Consume+1","Glacier","Echo Form+1","Cold Snap"],"special_seed":0,"relics":["Lizard Tail","Kunai","Frozen Egg 2","Bottled Lightning","Black Star","Orichalcum","Membership Card"],"potions_floor_usage":[],"damage_taken":[{"damage":9.0,"enemies":"Jaw Worm","floor":1.0,"turns":4.0},{"damage":12.0,"enemies":"Small Slimes","floor":3.0,"turns":3.0},{"damage":3.0,"enemies":"2 Louse","floor":4.0,"turns":5.0},{"damage":5.0,"enemies":"Looter","floor":5.0,"turns":4.0},{"damage":17.0,"enemies":"Lagavulin","floor":7.0,"turns":5.0},{"damage":3.0,"enemies":"Gremlin Gang","floor":12.0,"turns":4.0},{"damage":13.0,"enemies":"3 Sentries","floor":13.0,"turns":9.0},{"damage":58.0,"enemies":"Slime Boss","floor":16.0,"turns":19.0},{"damage":23.0,"enemies":"Shell Parasite","floor":18.0,"turns":8.0},{"damage":6.0,"enemies":"Spheric Guardian","floor":20.0,"turns":6.0},{"damage":47,"enemies":"Slavers","floor":24,"turns":3}],"seed_played":"-4567459815156609982","potions_obtained":[{"floor":3.0,"key":"Fire Potion"},{"floor":7.0,"key":"Energy Potion"},{"floor":12.0,"key":"PowerPotion"},{"floor":20.0,"key":"Fruit Juice"}],"is_trial":false,"path_per_floor":["M","?","M","M","M","R","E","R","T","R","?","M","E","?","R","B",null,"M","?","M","$","?","R","E"],"character_chosen":"DEFECT","items_purchased":["Membership Card","Cold Snap"],"campfire_rested":2,"item_purchase_floors":[21,21],"current_hp_per_floor":[55,60,48,45,40,40,23,23,23,45,22,19,6,6,28,11,60,37,37,36,36,36,36,0],"gold":14,"neow_bonus":"BOSS_RELIC","is_prod":false,"is_daily":false,"chose_seed":false,"campfire_upgraded":3,"win_rate":0,"timestamp":1559067671,"path_taken":["M","?","M","M","M","R","E","R","T","R","?","M","E","?","R","BOSS","M","?","?","$","?","R","E"],"build_version":"2019-01-23","purchased_purges":1,"victory":false,"max_hp_per_floor":[71,76,76,76,76,76,76,76,76,76,76,76,76,76,76,76,76,76,76,81,81,81,81,81],"card_choices":[{"not_picked":["Scrape","Auto Shields"],"picked":"Coolheaded","floor":1.0},{"not_picked":["Ball Lightning","Beam Cell"],"picked":"Glacier","floor":3.0},{"not_picked":["Tempest","Ball Lightning"],"picked":"Doom and Gloom","floor":4.0},{"not_picked":["Compile Driver","Gash"],"picked":"Turbo","floor":5.0},{"not_picked":["Beam Cell","Reinforced Body"],"picked":"Core Surge","floor":7.0},{"not_picked":["Leap","Stack"],"picked":"Consume","floor":12.0},{"not_picked":["Aggregate","Force Field"],"picked":"Glacier","floor":13.0},{"not_picked":["Fission","Seek"],"picked":"Echo Form+1","floor":16.0},{"not_picked":["Recycle","Glacier"],"picked":"Conserve Battery","floor":18.0},{"not_picked":["Turbo+1","Melter","Reinforced Body"],"picked":"SKIP","floor":20.0}],"player_experience":920865,"relics_obtained":[{"floor":7.0,"key":"Kunai"},{"floor":9.0,"key":"Frozen Egg 2"},{"floor":13.0,"key":"Bottled Lightning"}],"event_choices":[{"damage_healed":0.0,"max_hp_gain":5.0,"max_hp_loss":0.0,"gold_gain":0.0,"event_name":"Big Fish","player_choice":"Donut","floor":2.0,"gold_loss":0.0,"damage_taken":0.0},{"damage_healed":0.0,"max_hp_gain":0.0,"max_hp_loss":0.0,"gold_gain":0.0,"event_name":"Shining Light","player_choice":"Entered Light","floor":11.0,"gold_loss":0.0,"damage_taken":23.0,"cards_upgraded":["Turbo","Strike_B"]},{"damage_healed":0.0,"max_hp_gain":0.0,"max_hp_loss":0.0,"gold_gain":0.0,"event_name":"World of Goop","player_choice":"Left Gold","floor":14.0,"gold_loss":44.0,"damage_taken":0.0},{"cards_removed":["Conserve Battery"],"damage_healed":0.0,"max_hp_gain":0.0,"max_hp_loss":0.0,"gold_gain":0.0,"event_name":"WeMeetAgain","player_choice":"Gave Card","floor":19.0,"gold_loss":0.0,"damage_taken":0.0,"relics_obtained":["Orichalcum"]}],"is_beta":false,"boss_relics":[{"not_picked":["Empty Cage","Eternal Feather"],"picked":"Black Star"}],"items_purged_floors":[21],"is_endless":false,"potions_floor_spawned":[3,7,12,20],"killed_by":"Slavers","ascension_level":17}