{"gold_per_floor":[109,125,139,214,224,250,250,266,266,266,266,276,290,33,33,138,138,158,168,9,25,36,36,63,63],"floor_reached":25,"playtime":1638,"items_purged":["Strike_G"],"score":368,"play_id":"36b1d195-f03d-42a6-8fb0-ef8cd8947579","local_time":"20190611231019","is_ascension_mode":true,"campfire_choices":[{"floor":7,"key":"REST"},{"floor":10,"key":"REST"},{"floor":15,"key":"REST"},{"floor":23,"key":"REST"}],"neow_cost":"NONE","seed_source_timestamp":437194034325633,"circlet_count":0,"master_deck":["Defend_G","Defend_G","Defend_G","Defend_G","Defend_G","Strike_G","Strike_G","Strike_G","Strike_G","Survivor","Neutralize","Cloak And Dagger","Caltrops","Prepared","Cloak And Dagger","Backstab","Underhanded Strike","Dodge and Roll","Footwork+1","Envenom+1","Panache+1","Footwork+1","After Image+1","Underhanded Strike","Tactician","Cloak And Dagger","Cloak And Dagger","Blade Dance","Setup","PiercingWail","Noxious Fumes+1","Bane","Deflect+1","Venomology","Cloak And Dagger"],"relics":["Ring of the Snake","Frozen Egg 2","Kunai","Bottled Tornado","Orrery","Singing Bowl"],"potions_floor_usage":[6,16,16,19,24,25],"damage_taken":[{"damage":1,"enemies":"Jaw Worm","floor":1,"turns":6},{"damage":1,"enemies":"Small Slimes","floor":2,"turns":4},{"damage":3,"enemies":"2 Louse","floor":3,"turns":3},{"damage":6,"enemies":"Large Slime","floor":5,"turns":9},{"damage":37,"enemies":"Lagavulin","floor":6,"turns":9},{"damage":4,"enemies":"Looter","floor":8,"turns":4},{"damage":0,"enemies":"3 Louse","floor":12,"turns":4},{"damage":4,"enemies":"2 Fungi Beasts","floor":13,"turns":3},{"damage":19,"enemies":"Slime Boss","floor":16,"turns":11},{"damage":0,"enemies":"Spheric Guardian","floor":18,"turns":6},{"damage":0,"enemies":"Shell Parasite","floor":19,"turns":9},{"damage":25,"enemies":"Snake Plant","floor":21,"turns":5},{"damage":33,"enemies":"Cultist and Chosen","floor":22,"turns":9},{"damage":23,"enemies":"Book of Stabbing","floor":24,"turns":6},{"damage":5,"enemies":"Centurion and Healer","floor":25,"turns":1}],"seed_played":"-5509156843549929391","potions_obtained":[{"floor":1,"key":"FearPotion"},{"floor":8,"key":"LiquidBronze"},{"floor":13,"key":"Energy Potion"},{"floor":16,"key":"EssenceOfSteel"},{"floor":22,"key":"LiquidBronze"},{"floor":24,"key":"SkillPotion"}],"is_trial":false,"path_per_floor":["M","M","M","?","M","E","R","M","T","R","T","M","M","$","R","B",null,"M","M","$","M","M","R","E","M"],"character_chosen":"THE_SILENT","items_purchased":["Panache+1","Footwork+1","Noxious Fumes+1","Bane"],"campfire_rested":4,"item_purchase_floors":[14,14,20,20],"current_hp_per_floor":[62,61,58,47,41,4,25,21,21,42,42,42,38,38,59,40,63,63,63,63,38,5,26,3,0],"gold":63,"neow_bonus":"THREE_CARDS","is_prod":false,"is_daily":false,"chose_seed":false,"campfire_upgraded":0,"win_rate":0,"timestamp":1560258619,"path_taken":["M","M","M","?","M","E","R","M","T","R","?","M","M","$","R","BOSS","M","M","$","M","M","R","E","M"],"build_version":"2019-01-23","purchased_purges":1,"victory":false,"max_hp_per_floor":[70,70,70,70,70,70,70,70,70,70,70,70,70,70,70,70,70,70,70,70,70,70,70,70,70],"card_choices":[{"not_picked":["Flying Knee","Prepared"],"picked":"Cloak And Dagger","floor":0},{"not_picked":["Quick Slash","Dagger Spray"],"picked":"Caltrops","floor":1},{"not_picked":["Acrobatics","Heel Hook"],"picked":"Prepared","floor":2},{"not_picked":["Terror","Dagger Throw"],"picked":"Cloak And Dagger","floor":3},{"not_picked":["Riddle With Holes","PiercingWail"],"picked":"Backstab","floor":5},{"not_picked":["Calculated Gamble","Sucker Punch"],"picked":"Underhanded Strike","floor":6},{"not_picked":["Dagger Spray","Bane"],"picked":"Dodge and Roll","floor":8},{"not_picked":["Choke","Caltrops+1"],"picked":"Footwork+1","floor":12},{"not_picked":["Caltrops+1","Terror"],"picked":"Envenom+1","floor":13},{"not_picked":["Phantasmal Killer","Grand Finale"],"picked":"After Image+1","floor":16},{"not_picked":["Escape Plan","Backflip"],"picked":"Underhanded Strike","floor":17},{"not_picked":["Quick Slash","Underhanded Strike"],"picked":"Tactician","floor":17},{"not_picked":["Endless Agony","Dagger Spray"],"picked":"Cloak And Dagger","floor":17},{"not_picked":["Storm of Steel","Poisoned Stab"],"picked":"Cloak And Dagger","floor":17},{"not_picked":["Heel Hook","Deadly Poison"],"picked":"Blade Dance","floor":17},{"not_picked":["PiercingWail","Concentrate+1"],"picked":"Setup","floor":18},{"not_picked":["Escape Plan","Outmaneuver"],"picked":"PiercingWail","floor":19},{"not_picked":["PiercingWail","Quick Slash"],"picked":"Deflect+1","floor":21},{"not_picked":["Dodge and Roll","Prepared"],"picked":"Venomology","floor":22},{"not_picked":["Dodge and Roll","Adrenaline"],"picked":"Cloak And Dagger","floor":24}],"player_experience":2021842,"relics_obtained":[{"floor":6,"key":"Frozen Egg 2"},{"floor":9,"key":"Kunai"},{"floor":11,"key":"Bottled Tornado"},{"floor":24,"key":"Singing Bowl"}],"event_choices":[{"damage_healed":0,"gold_gain":75,"player_choice":"Gather Gold","damage_taken":11,"max_hp_gain":0,"max_hp_loss":0,"event_name":"World of Goop","floor":4,"gold_loss":0}],"is_beta":false,"boss_relics":[{"not_picked":["Coffee Dripper","Snecko Eye"],"picked":"Orrery"}],"items_purged_floors":[20],"is_endless":false,"potions_floor_spawned":[1,8,13,16,22,24],"killed_by":"Centurion and Healer","ascension_level":8}