{"gold_per_floor":[111,111,36,55,70,70,103,103,103,3,3,18,93,108,108,108],"floor_reached":16,"playtime":1040,"items_purged":["Decay","Strike_R"],"score":170,"play_id":"5ec3b775-24f4-4764-b457-bc1f43a18d9f","local_time":"20190331001213","is_ascension_mode":true,"campfire_choices":[{"data":"Iron Wave","floor":6.0,"key":"SMITH"},{"floor":8.0,"key":"REST"},{"data":"Bash","floor":15,"key":"SMITH"}],"neow_cost":"NONE","seed_source_timestamp":358673444397037,"circlet_count":0,"master_deck":["AscendersBane","Strike_R","Strike_R","Strike_R","Strike_R","Defend_R","Defend_R","Defend_R","Defend_R","Bash+1","Headbutt","Iron Wave+1","Heavy Blade","Feel No Pain","Intimidate","Headbutt"],"special_seed":0,"relics":["Burning Blood","Potion Belt","Thread and Needle","Bottled Tornado","Strawberry"],"potions_floor_usage":[14,16],"damage_taken":[{"damage":10.0,"enemies":"Jaw Worm","floor":1.0,"turns":6.0},{"damage":1.0,"enemies":"Cultist","floor":4.0,"turns":3.0},{"damage":11.0,"enemies":"Small Slimes","floor":5.0,"turns":3.0},{"damage":38.0,"enemies":"Lagavulin","floor":7.0,"turns":8.0},{"damage":0.0,"enemies":"3 Louse","floor":12.0,"turns":6.0},{"damage":11,"enemies":"Gremlin Gang","floor":14,"turns":6},{"damage":60,"enemies":"Slime Boss","floor":16,"turns":10}],"seed_played":"4316226670341437361","potions_obtained":[{"floor":4.0,"key":"Dexterity Potion"},{"floor":5.0,"key":"SpeedPotion"},{"floor":7.0,"key":"Weak Potion"}],"is_trial":false,"path_per_floor":["M","?","$","M","M","R","E","R","T","$","T","M","?","M","R","B"],"character_chosen":"IRONCLAD","items_purchased":[],"campfire_rested":1,"item_purchase_floors":[],"current_hp_per_floor":[64,64,64,69,64,64,32,54,54,54,61,67,56,51,51,0],"gold":108,"neow_bonus":"RANDOM_COMMON_RELIC","is_prod":false,"is_daily":false,"chose_seed":false,"campfire_upgraded":2,"win_rate":0,"timestamp":1553951533,"path_taken":["M","?","$","M","M","R","E","R","T","$","?","?","?","M","R","BOSS"],"build_version":"2019-01-23","purchased_purges":2,"victory":false,"max_hp_per_floor":[75,75,75,75,75,75,75,75,75,75,82,82,82,82,82,82],"card_choices":[{"not_picked":["Wild Strike","Clash"],"picked":"Headbutt","floor":1.0},{"not_picked":["Shrug It Off","Cleave"],"picked":"Iron Wave","floor":4.0},{"not_picked":["Havoc","Clash"],"picked":"Heavy Blade","floor":5.0},{"not_picked":["Pommel Strike","Twin Strike"],"picked":"Feel No Pain","floor":7.0},{"not_picked":["Headbutt","True Grit"],"picked":"Intimidate","floor":12.0},{"not_picked":["Thunderclap","Searing Blow"],"picked":"Headbutt","floor":14}],"player_experience":1130327,"relics_obtained":[{"floor":7.0,"key":"Thread and Needle"},{"floor":9.0,"key":"Bottled Tornado"},{"floor":11.0,"key":"Strawberry"}],"event_choices":[{"damage_healed":0.0,"max_hp_gain":0.0,"max_hp_loss":0.0,"gold_gain":0.0,"event_name":"Wheel of Change","player_choice":"Cursed","floor":2.0,"gold_loss":0.0,"damage_taken":0.0,"cards_obtained":["Decay"]},{"damage_healed":0.0,"max_hp_gain":0.0,"max_hp_loss":0.0,"gold_gain":75.0,"event_name":"World of Goop","player_choice":"Gather Gold","floor":13.0,"gold_loss":0.0,"damage_taken":11.0}],"is_beta":false,"boss_relics":[],"items_purged_floors":[3,10],"is_endless":false,"potions_floor_spawned":[4,5,7],"killed_by":"Slime Boss","ascension_level":14}