{"gold_per_floor":[111,286,302,34,47,79,79,114,114,114,130,147,147,163,163,262,262,236,262,162,162,173,173,173],"floor_reached":24,"playtime":2921,"items_purged":["Doubt","Strike_R"],"score":241,"play_id":"c46ada3a-6152-4dc5-bff3-f560f9329408","local_time":"20190110005805","is_ascension_mode":true,"campfire_choices":[{"data":"Chrysalis","floor":7.0,"key":"SMITH"},{"floor":15.0,"key":"REST"},{"data":"Demon Form","floor":23,"key":"SMITH"}],"neow_cost":"NONE","seed_source_timestamp":0,"circlet_count":0,"master_deck":["Strike_R","Strike_R","Strike_R","Strike_R","Defend_R","Defend_R","Defend_R","Defend_R","Bash","Armaments+1","Anger","Chrysalis+1","Shrug It Off","Fire Breathing","Feed","Barricade","Pommel Strike","Demon Form+1","Evolve","Anger","Bludgeon","Heavy Blade","Heavy Blade+1"],"special_seed":0,"relics":["Black Blood","NeowsBlessing","Question Card","Dodecahedron","Mercury Hourglass","Dream Catcher","Omamori"],"potions_floor_usage":[24,24,24],"damage_taken":[{"damage":0.0,"enemies":"Jaw Worm","floor":1.0,"turns":1.0},{"damage":0.0,"enemies":"Small Slimes","floor":3.0,"turns":1.0},{"damage":0.0,"enemies":"2 Louse","floor":5.0,"turns":1.0},{"damage":15.0,"enemies":"Lagavulin","floor":6.0,"turns":7.0},{"damage":27.0,"enemies":"3 Sentries","floor":8.0,"turns":11.0},{"damage":30.0,"enemies":"Exordium Wildlife","floor":11.0,"turns":11.0},{"damage":18.0,"enemies":"Red Slaver","floor":12.0,"turns":4.0},{"damage":0.0,"enemies":"3 Louse","floor":14.0,"turns":3.0},{"damage":26.0,"enemies":"Slime Boss","floor":16.0,"turns":5.0},{"damage":34.0,"enemies":"2 Thieves","floor":18.0,"turns":5.0},{"damage":29,"enemies":"Shell Parasite","floor":22,"turns":7},{"damage":60,"enemies":"Slavers","floor":24,"turns":4}],"seed_played":"-6278204772500847927","potions_obtained":[{"floor":3.0,"key":"FearPotion"},{"floor":5.0,"key":"Regen Potion"},{"floor":6.0,"key":"Energy Potion"},{"floor":8.0,"key":"SkillPotion"},{"floor":18,"key":"Fire Potion"}],"is_trial":false,"path_per_floor":["M","?","M","$","M","E","R","E","T","?","M","M","?","M","R","B",null,"M","T","$","?","M","R","E"],"character_chosen":"IRONCLAD","items_purchased":["Chrysalis","Shrug It Off"],"campfire_rested":1,"item_purchase_floors":[4,4],"current_hp_per_floor":[80,80,80,80,80,71,71,68,68,68,47,38,31,40,67,47,92,68,68,68,68,52,52,0],"gold":173,"neow_bonus":"THREE_ENEMY_KILL","is_prod":false,"is_daily":false,"chose_seed":false,"campfire_upgraded":2,"win_rate":0,"timestamp":1547042285,"path_taken":["M","?","M","$","M","E","R","E","T","?","M","M","?","?","R","BOSS","M","?","$","?","M","R","E"],"build_version":"2019-01-03v4","purchased_purges":2,"victory":false,"max_hp_per_floor":[80,80,80,80,80,80,80,83,83,83,86,89,89,92,92,92,92,92,92,92,92,95,95,95],"card_choices":[{"not_picked":["Anger","Reckless Charge"],"picked":"Armaments","floor":1.0},{"not_picked":["Whirlwind","Thunderclap"],"picked":"Anger","floor":3.0},{"not_picked":["Reckless Charge","Headbutt"],"picked":"Fire Breathing","floor":5.0},{"not_picked":["Armaments","Anger"],"picked":"Feed","floor":6.0},{"not_picked":["Twin Strike","Fiend Fire","Pommel Strike"],"picked":"Barricade","floor":8.0},{"not_picked":["Thunderclap","Clash","Power Through"],"picked":"Pommel Strike","floor":11.0},{"not_picked":["Wild Strike","Bloodletting","Cleave"],"picked":"Demon Form","floor":12.0},{"not_picked":["Armaments","Flex","Sever Soul"],"picked":"Evolve","floor":14.0},{"not_picked":["Twin Strike","Clothesline","Shockwave"],"picked":"Anger","floor":15.0},{"not_picked":["Brutality","Demon Form","Dark Embrace"],"picked":"Bludgeon","floor":16.0},{"not_picked":["Flex","Dual Wield","Disarm"],"picked":"Heavy Blade","floor":18},{"not_picked":["Sword Boomerang","Second Wind","Body Slam"],"picked":"Heavy Blade+1","floor":22}],"player_experience":105207,"relics_obtained":[{"floor":6.0,"key":"Question Card"},{"floor":8.0,"key":"Dodecahedron"},{"floor":9.0,"key":"Mercury Hourglass"},{"floor":19,"key":"Omamori"}],"event_choices":[{"damage_healed":0.0,"max_hp_gain":0.0,"max_hp_loss":0.0,"gold_gain":175.0,"event_name":"Liars Game","player_choice":"AGREE","floor":2.0,"gold_loss":0.0,"damage_taken":0.0,"cards_obtained":["Doubt"]},{"damage_healed":0.0,"max_hp_gain":0.0,"max_hp_loss":0.0,"gold_gain":0.0,"event_name":"Big Fish","player_choice":"Box","floor":10.0,"gold_loss":0.0,"damage_taken":0.0,"relics_obtained":["Dream Catcher"],"cards_obtained":["Regret"]},{"cards_removed":["Regret"],"damage_healed":0.0,"max_hp_gain":0.0,"max_hp_loss":0.0,"gold_gain":0.0,"event_name":"Golden Wing","player_choice":"Card Removal","floor":13.0,"gold_loss":0.0,"damage_taken":7.0},{"damage_healed":0,"gold_gain":0,"player_choice":"Forge","damage_taken":0,"max_hp_gain":0,"max_hp_loss":0,"event_name":"Accursed Blacksmith","floor":21,"gold_loss":0,"cards_upgraded":["Armaments"]}],"is_beta":false,"boss_relics":[{"not_picked":["Fusion Hammer","Calling Bell"],"picked":"Black Blood"}],"items_purged_floors":[4,20],"is_endless":false,"potions_floor_spawned":[3,5,6,8,18],"killed_by":"Slavers","ascension_level":1}