{"gold_per_floor":[113,133,143,65,65,65,93,111,164,177,177,81,81,115,115,215,215,233,183,183,211,211,211,80,80,80,93,109,129,129,149,149,149],"floor_reached":33,"playtime":12238,"items_purged":["Regret","Parasite"],"score":344,"play_id":"3a8bb328-d9f8-4601-af61-47e2bd19aa19","local_time":"20190501230631","is_ascension_mode":true,"campfire_choices":[{"floor":6.0,"key":"REST"},{"data":"Dodge and Roll","floor":11.0,"key":"SMITH"},{"data":"Bouncing Flask","floor":13.0,"key":"SMITH"},{"floor":15.0,"key":"REST"},{"floor":23.0,"key":"REST"},{"data":"Catalyst","floor":25.0,"key":"SMITH"},{"floor":30.0,"key":"REST"},{"floor":32.0,"key":"REST"}],"neow_cost":"NONE","seed_source_timestamp":0,"circlet_count":0,"master_deck":["Defend_G","Defend_G","Defend_G","Defend_G","Defend_G","Strike_G","Strike_G","Strike_G","Strike_G","Strike_G","Survivor","Neutralize","Deadly Poison","Prepared","Flying Knee","Dodge and Roll+1","Dagger Throw","Underhanded Strike","Prepared","Bane","Underhanded Strike","Bouncing Flask+1","Catalyst+1","Glass Knife","Footwork","J.A.X.","Blade Dance","Bandage Up","Choke+1","Slice","Slice","Accuracy"],"special_seed":0,"relics":["Ring of the Snake","Blood Vial","Darkstone Periapt","Orichalcum","Potion Belt","Smiling Mask","Calling Bell","Bronze Scales","Shuriken","WingedGreaves","Red Mask","The Courier"],"potions_floor_usage":[33,33],"damage_taken":[{"damage":5.0,"enemies":"Small Slimes","floor":1.0,"turns":6.0},{"damage":1.0,"enemies":"Cultist","floor":2.0,"turns":4.0},{"damage":3.0,"enemies":"2 Louse","floor":3.0,"turns":5.0},{"damage":15.0,"enemies":"Gremlin Nob","floor":7.0,"turns":4.0},{"damage":4.0,"enemies":"Blue Slaver","floor":8.0,"turns":4.0},{"damage":14.0,"enemies":"Exordium Thugs","floor":10.0,"turns":5.0},{"damage":16.0,"enemies":"Lagavulin","floor":14.0,"turns":4.0},{"damage":31.0,"enemies":"The Guardian","floor":16.0,"turns":8.0},{"damage":7.0,"enemies":"3 Byrds","floor":18.0,"turns":4.0},{"damage":46.0,"enemies":"Masked Bandits","floor":21.0,"turns":5.0},{"damage":12.0,"enemies":"2 Thieves","floor":27.0,"turns":5.0},{"damage":12.0,"enemies":"Chosen and Byrds","floor":28.0,"turns":5.0},{"damage":31.0,"enemies":"Centurion and Healer","floor":29.0,"turns":6.0},{"damage":9.0,"enemies":"Cultist and Chosen","floor":31.0,"turns":4.0},{"damage":66,"enemies":"Collector","floor":33,"turns":10}],"seed_played":"-7854575290909895615","potions_obtained":[{"floor":7.0,"key":"SkillPotion"},{"floor":8.0,"key":"Regen Potion"},{"floor":14.0,"key":"FearPotion"},{"floor":18.0,"key":"GamblersBrew"},{"floor":28.0,"key":"GhostInAJar"},{"floor":31.0,"key":"GamblersBrew"}],"is_trial":false,"path_per_floor":["M","M","M","$","?","R","E","M","T","M","R","$","R","E","R","B",null,"M","$","?","?","?","R","$","R","T","M","M","M","R","M","R","B"],"character_chosen":"THE_SILENT","items_purchased":["Dodge and Roll","Dagger Throw","Underhanded Strike","Bouncing Flask","Bandage Up"],"campfire_rested":5,"item_purchase_floors":[4,4,12,12,24],"current_hp_per_floor":[60,61,60,60,35,56,43,41,41,43,43,43,43,29,50,21,76,71,71,71,27,27,52,52,52,52,46,40,15,39,36,60,0],"gold":149,"neow_bonus":"RANDOM_COMMON_RELIC","is_prod":false,"is_daily":false,"chose_seed":false,"campfire_upgraded":3,"win_rate":0,"timestamp":1556715991,"path_taken":["M","M","M","$","?","R","E","M","T","M","R","$","R","E","R","BOSS","M","$","?","?","?","R","$","R","T","?","M","M","R","M","R","BOSS"],"build_version":"2019-01-23","purchased_purges":2,"victory":false,"max_hp_per_floor":[70,70,70,70,70,70,70,70,70,70,70,70,70,70,70,70,88,88,88,88,88,85,85,82,82,82,82,82,82,82,82,82,82],"card_choices":[{"not_picked":["Blade Dance","Tactician"],"picked":"Deadly Poison","floor":1.0},{"not_picked":["All Out Attack","Outmaneuver"],"picked":"Prepared","floor":2.0},{"not_picked":["Escape Plan","Acrobatics"],"picked":"Flying Knee","floor":3.0},{"not_picked":["Predator","Accuracy"],"picked":"Underhanded Strike","floor":7.0},{"not_picked":["Finisher","Riddle With Holes"],"picked":"Prepared","floor":8.0},{"not_picked":["Outmaneuver","Riddle With Holes"],"picked":"Bane","floor":10.0},{"not_picked":["Dodge and Roll","Bullet Time"],"picked":"Catalyst","floor":14.0},{"not_picked":["Envenom","Bullet Time"],"picked":"Glass Knife","floor":16.0},{"not_picked":["Slice","Concentrate"],"picked":"Footwork","floor":18.0},{"not_picked":["Deflect","Acrobatics"],"picked":"Blade Dance","floor":21.0},{"not_picked":["Prepared","Doppelganger"],"picked":"Choke+1","floor":27.0},{"not_picked":["Prepared","Well Laid Plans"],"picked":"Slice","floor":28.0},{"not_picked":["Sucker Punch","Deflect"],"picked":"Slice","floor":29.0},{"not_picked":["Blade Dance+1","Dagger Spray"],"picked":"Accuracy","floor":31.0}],"player_experience":1485717,"relics_obtained":[{"floor":7.0,"key":"Orichalcum"},{"floor":9.0,"key":"Potion Belt"},{"floor":14.0,"key":"Smiling Mask"},{"floor":17.0,"key":"Bronze Scales"},{"floor":17.0,"key":"Shuriken"},{"floor":17.0,"key":"WingedGreaves"},{"floor":21.0,"key":"Red Mask"},{"floor":26.0,"key":"The Courier"}],"event_choices":[{"damage_healed":0.0,"max_hp_gain":0.0,"max_hp_loss":0.0,"gold_gain":0.0,"event_name":"Scrap Ooze","player_choice":"Success","floor":5.0,"gold_loss":0.0,"damage_taken":25.0,"relics_obtained":["Darkstone Periapt"]},{"damage_healed":0.0,"max_hp_gain":0.0,"max_hp_loss":0.0,"gold_gain":0.0,"event_name":"Drug Dealer","player_choice":"Obtain J.A.X.","floor":20.0,"gold_loss":0.0,"damage_taken":0.0,"cards_obtained":["J.A.X."]},{"damage_healed":0.0,"max_hp_gain":0.0,"max_hp_loss":0.0,"gold_gain":0.0,"event_name":"Masked Bandits","player_choice":"Fought Bandits","floor":21.0,"gold_loss":0.0,"damage_taken":0.0},{"cards_removed":["Parasite"],"damage_healed":0.0,"max_hp_gain":0.0,"max_hp_loss":0.0,"gold_gain":0.0,"event_name":"Purifier","player_choice":"Purged","floor":22.0,"gold_loss":0.0,"damage_taken":0.0}],"is_beta":false,"boss_relics":[{"not_picked":["WristBlade","Empty Cage"],"picked":"Calling Bell"}],"items_purged_floors":[19,24],"is_endless":false,"potions_floor_spawned":[7,8,14,18,28,31],"killed_by":"Collector","ascension_level":7}