{"gold_per_floor":[110,128,144,19,19,19,19,50,74,105,105,124,124,24,24,124,124,134,144,157,174,184,216,216,245,245,245,259,270,270,298,298,393,393,409,27,27,47,58,58,86,60,87,102,102,29,29,39,39,39],"floor_reached":51,"playtime":5146,"items_purged":["Strike_G","Strike_G"],"score":1229,"play_id":"4b3c8174-e1ef-45fe-b0b2-8ec1eb23b8a7","local_time":"20190615085421","is_ascension_mode":true,"campfire_choices":[{"data":"Neutralize","floor":6.0,"key":"SMITH"},{"data":"Caltrops","floor":13.0,"key":"SMITH"},{"data":"Cloak And Dagger","floor":15.0,"key":"SMITH"},{"data":"Burst","floor":24.0,"key":"SMITH"},{"floor":27.0,"key":"REST"},{"data":"Footwork","floor":30.0,"key":"SMITH"},{"floor":32.0,"key":"REST"},{"data":"Footwork","floor":40,"key":"SMITH"},{"floor":45,"key":"REST"},{"floor":49,"key":"REST"}],"neow_cost":"NONE","seed_source_timestamp":0,"circlet_count":0,"master_deck":["AscendersBane","Defend_G","Defend_G+1","Defend_G+1","Defend_G","Defend_G","Strike_G","Survivor","Neutralize+1","Heel Hook","Dagger Spray","Dagger Throw","Dagger Throw","After Image","Cloak And Dagger+1","Caltrops+1","Wraith Form v2","Bouncing Flask","Deadly Poison+1","Footwork+1","Backstab","Prepared+1","Burst+1","Infinite Blades+1","Malaise","Adrenaline","PiercingWail","Footwork+1","Dash+1","PiercingWail","Deadly Poison+1","Blur+1","Footwork","Catalyst","Poisoned Stab+1"],"special_seed":0,"relics":["Ring of the Snake","War Paint","Bronze Scales","Lantern","Dream Catcher","Lizard Tail","Dead Branch","Red Mask","Bottled Flame","StoneCalendar","Philosopher\u0027s Stone","Incense Burner","Regal Pillow","Bag of Preparation"],"potions_floor_usage":[50,50],"damage_taken":[{"damage":0.0,"enemies":"2 Louse","floor":1.0,"turns":3.0},{"damage":0.0,"enemies":"Small Slimes","floor":2.0,"turns":4.0},{"damage":4.0,"enemies":"Jaw Worm","floor":3.0,"turns":5.0},{"damage":16.0,"enemies":"Gremlin Nob","floor":8.0,"turns":4.0},{"damage":11.0,"enemies":"Lagavulin","floor":10.0,"turns":8.0},{"damage":0.0,"enemies":"Exordium Thugs","floor":12.0,"turns":3.0},{"damage":0.0,"enemies":"Hexaghost","floor":16.0,"turns":9.0},{"damage":27.0,"enemies":"Spheric Guardian","floor":18.0,"turns":6.0},{"damage":0.0,"enemies":"3 Byrds","floor":19.0,"turns":3.0},{"damage":10.0,"enemies":"Centurion and Healer","floor":20.0,"turns":8.0},{"damage":7.0,"enemies":"Snecko","floor":21.0,"turns":7.0},{"damage":0.0,"enemies":"Chosen and Byrds","floor":22.0,"turns":6.0},{"damage":0.0,"enemies":"Book of Stabbing","floor":23.0,"turns":5.0},{"damage":1.0,"enemies":"Masked Bandits","floor":25.0,"turns":5.0},{"damage":9.0,"enemies":"3 Cultists","floor":28.0,"turns":5.0},{"damage":14.0,"enemies":"Centurion and Healer","floor":29.0,"turns":10.0},{"damage":12.0,"enemies":"Gremlin Leader","floor":31.0,"turns":7.0},{"damage":18.0,"enemies":"Automaton","floor":33.0,"turns":11.0},{"damage":18.0,"enemies":"3 Darklings","floor":35.0,"turns":6.0},{"damage":3,"enemies":"3 Shapes","floor":38,"turns":5},{"damage":0,"enemies":"Maw","floor":39,"turns":7},{"damage":16,"enemies":"Reptomancer","floor":41,"turns":7},{"damage":0,"enemies":"Transient","floor":44,"turns":5},{"damage":6,"enemies":"Sphere and 2 Shapes","floor":48,"turns":4},{"damage":20,"enemies":"Time Eater","floor":50,"turns":9}],"seed_played":"4602786163652197473","potions_obtained":[{"floor":1.0,"key":"PowerPotion"},{"floor":3.0,"key":"Poison Potion"},{"floor":12.0,"key":"GamblersBrew"},{"floor":20.0,"key":"LiquidBronze"},{"floor":21.0,"key":"Fire Potion"},{"floor":22.0,"key":"GamblersBrew"},{"floor":23.0,"key":"Poison Potion"},{"floor":29.0,"key":"Fire Potion"},{"floor":35.0,"key":"SteroidPotion"},{"floor":39,"key":"EssenceOfSteel"},{"floor":48,"key":"GhostInAJar"}],"is_trial":false,"path_per_floor":["M","M","M","$","?","R","?","E","T","E","?","M","R","$","R","B",null,"M","M","M","M","M","E","R","?","T","R","M","M","R","E","R","B",null,"M","$","?","M","M","R","E","$","T","M","R","$","?","M","R","B",null],"character_chosen":"THE_SILENT","items_purchased":["Dagger Throw","Incense Burner","Footwork","PiercingWail","Footwork"],"campfire_rested":4,"item_purchase_floors":[4,36,36,42,46],"current_hp_per_floor":[63,63,59,59,64,64,64,48,48,37,30,30,30,30,30,30,64,37,37,27,20,20,20,20,19,19,41,32,18,18,6,28,10,59,41,41,41,38,38,38,22,22,22,22,59,59,59,53,75,55],"gold":39,"neow_bonus":"RANDOM_COMMON_RELIC","is_prod":false,"is_daily":false,"chose_seed":false,"campfire_upgraded":6,"win_rate":0,"timestamp":1560606861,"path_taken":["M","M","M","$","?","R","?","E","T","E","?","M","R","?","R","BOSS","M","M","M","M","M","E","R","?","T","R","M","M","R","E","R","BOSS","M","$","?","M","M","R","E","$","T","M","R","?","?","M","R","BOSS"],"build_version":"2019-01-23","purchased_purges":2,"victory":true,"max_hp_per_floor":[70,70,70,70,75,75,75,75,75,75,75,75,75,75,75,75,75,75,75,75,75,75,75,75,75,75,75,75,75,75,75,75,75,75,75,75,75,75,75,75,75,75,75,75,75,75,75,75,75,75],"card_choices":[{"not_picked":["Infinite Blades","Finisher"],"picked":"Heel Hook","floor":1.0},{"not_picked":["Crippling Poison","Prepared"],"picked":"Dagger Spray","floor":2.0},{"not_picked":["Cloak And Dagger","Finisher"],"picked":"Dagger Throw","floor":3.0},{"not_picked":["Dodge and Roll","Acrobatics"],"picked":"After Image","floor":8.0},{"not_picked":["Blade Dance","Flechettes"],"picked":"Cloak And Dagger","floor":10.0},{"not_picked":["Dodge and Roll","Crippling Poison"],"picked":"Caltrops","floor":12.0},{"not_picked":["Unload","Phantasmal Killer"],"picked":"Wraith Form v2","floor":16.0},{"not_picked":["Dagger Throw","Escape Plan"],"picked":"Bouncing Flask","floor":18.0},{"not_picked":["Cloak And Dagger","Outmaneuver"],"picked":"Deadly Poison+1","floor":19.0},{"not_picked":["Outmaneuver+1","Skewer"],"picked":"Footwork","floor":20.0},{"not_picked":["Slice","Predator"],"picked":"Backstab","floor":21.0},{"not_picked":["Heel Hook","Eviscerate"],"picked":"Prepared+1","floor":22.0},{"not_picked":["Expertise+1","Flying Knee"],"picked":"Burst","floor":23.0},{"not_picked":["Flying Knee","Flechettes"],"picked":"Infinite Blades+1","floor":27.0},{"not_picked":["Distraction","Sucker Punch","Quick Slash+1"],"picked":"SKIP","floor":28.0},{"not_picked":["Blade Dance","Heel Hook","Expertise"],"picked":"SKIP","floor":29.0},{"not_picked":["Venomology","Dash"],"picked":"Malaise","floor":31.0},{"not_picked":["Wraith Form v2","Tools of the Trade"],"picked":"Adrenaline","floor":33.0},{"not_picked":["Cloak And Dagger+1","Flechettes"],"picked":"PiercingWail","floor":35.0},{"not_picked":["Deflect+1","Blur","Outmaneuver"],"picked":"SKIP","floor":38},{"not_picked":["Blur+1","Caltrops"],"picked":"Dash+1","floor":39},{"not_picked":["Predator","Blade Dance","Wraith Form v2"],"picked":"SKIP","floor":41},{"not_picked":["Blur","Quick Slash+1"],"picked":"Deadly Poison+1","floor":44},{"not_picked":["Flying Knee","Distraction+1"],"picked":"Blur+1","floor":45},{"not_picked":["Bane","Flying Knee","Deflect"],"picked":"SKIP","floor":48},{"not_picked":["Quick Slash","Underhanded Strike+1"],"picked":"Poisoned Stab+1","floor":49}],"player_experience":82781,"relics_obtained":[{"floor":8.0,"key":"Bronze Scales"},{"floor":9.0,"key":"Lantern"},{"floor":10.0,"key":"Dream Catcher"},{"floor":23.0,"key":"Dead Branch"},{"floor":25.0,"key":"Red Mask"},{"floor":26.0,"key":"Bottled Flame"},{"floor":31.0,"key":"StoneCalendar"},{"floor":41,"key":"Regal Pillow"},{"floor":43,"key":"Bag of Preparation"}],"event_choices":[{"damage_healed":0.0,"max_hp_gain":5.0,"max_hp_loss":0.0,"gold_gain":0.0,"event_name":"Big Fish","player_choice":"Donut","floor":5.0,"gold_loss":0.0,"damage_taken":0.0},{"damage_healed":0.0,"max_hp_gain":0.0,"max_hp_loss":0.0,"gold_gain":0.0,"event_name":"The Cleric","player_choice":"Leave","floor":7.0,"gold_loss":0.0,"damage_taken":0.0},{"cards_removed":["Strike_G"],"damage_healed":0.0,"max_hp_gain":0.0,"max_hp_loss":0.0,"gold_gain":0.0,"event_name":"Golden Wing","player_choice":"Card Removal","floor":11.0,"gold_loss":0.0,"damage_taken":7.0},{"damage_healed":0.0,"max_hp_gain":0.0,"max_hp_loss":0.0,"gold_gain":0.0,"event_name":"Masked Bandits","player_choice":"Fought Bandits","floor":25.0,"gold_loss":0.0,"damage_taken":0.0},{"damage_healed":0.0,"max_hp_gain":0.0,"max_hp_loss":0.0,"gold_gain":0.0,"event_name":"Mysterious Sphere","player_choice":"Ignored","floor":37.0,"gold_loss":0.0,"damage_taken":0.0},{"damage_healed":0,"gold_gain":0,"cards_transformed":["Strike_G"],"player_choice":"Transformed","damage_taken":0,"max_hp_gain":0,"max_hp_loss":0,"event_name":"Transmorgrifier","floor":47,"gold_loss":0,"cards_obtained":["Catalyst"]}],"is_beta":false,"boss_relics":[{"not_picked":["Runic Dome","Pandora\u0027s Box"],"picked":"Lizard Tail"},{"not_picked":["Orrery","Empty Cage"],"picked":"Philosopher\u0027s Stone"}],"items_purged_floors":[4,14],"is_endless":false,"potions_floor_spawned":[1,3,12,20,21,22,23,29,35,39,48],"ascension_level":11}