{"gold_per_floor":[115,40,40,40,60,85,85,116,187,187,205,105,105,122,122,122],"floor_reached":16,"playtime":8975,"items_purged":["Strike_G","Strike_G"],"score":186,"play_id":"5d191ac8-0dae-441e-bb67-a59972cbe850","local_time":"20190616221332","is_ascension_mode":true,"campfire_choices":[{"data":"Expertise","floor":7,"key":"SMITH"},{"floor":13,"key":"REST"},{"floor":15,"key":"REST"}],"neow_cost":"NONE","seed_source_timestamp":858454652244431,"circlet_count":0,"master_deck":["Defend_G","Defend_G","Defend_G","Defend_G","Strike_G","Strike_G","Survivor","Neutralize","Heel Hook","Expertise+1","Prepared","Heel Hook"],"relics":["Ring of the Snake","NeowsBlessing","Pen Nib","Kunai","Singing Bowl","Dead Branch"],"potions_floor_usage":[8,16],"damage_taken":[{"damage":0,"enemies":"Small Slimes","floor":1,"turns":1},{"damage":0,"enemies":"2 Louse","floor":5,"turns":1},{"damage":0,"enemies":"Gremlin Nob","floor":6,"turns":1},{"damage":50,"enemies":"Lagavulin","floor":8,"turns":10},{"damage":0,"enemies":"Cultist","floor":11,"turns":3},{"damage":0,"enemies":"Blue Slaver","floor":14,"turns":5},{"damage":54,"enemies":"Hexaghost","floor":16,"turns":19}],"seed_played":"-7865356797570569730","potions_obtained":[{"floor":5,"key":"EssenceOfSteel"},{"floor":11,"key":"EssenceOfSteel"}],"is_trial":false,"path_per_floor":["M","$","?","?","M","E","R","E","T","?","M","$","R","M","R","B"],"character_chosen":"THE_SILENT","items_purchased":[],"campfire_rested":2,"item_purchase_floors":[],"current_hp_per_floor":[63,63,63,56,56,56,56,6,6,6,6,6,27,27,48,0],"gold":122,"neow_bonus":"THREE_ENEMY_KILL","is_prod":false,"is_daily":false,"chose_seed":false,"campfire_upgraded":1,"win_rate":0,"timestamp":1560687212,"path_taken":["M","$","?","?","M","E","R","E","T","?","M","$","R","?","R","BOSS"],"build_version":"2019-01-23","purchased_purges":2,"victory":false,"max_hp_per_floor":[70,70,70,70,70,70,70,70,70,70,70,70,70,70,70,70],"card_choices":[{"not_picked":["Dodge and Roll","Underhanded Strike"],"picked":"Heel Hook","floor":1},{"not_picked":["Deflect","Eviscerate"],"picked":"Underhanded Strike","floor":5},{"not_picked":["Deflect","Prepared"],"picked":"Expertise","floor":6},{"not_picked":["Dagger Throw","Bane","Sucker Punch"],"picked":"SKIP","floor":8},{"not_picked":["Backflip","Underhanded Strike"],"picked":"Prepared","floor":11},{"not_picked":["Cloak And Dagger","Choke"],"picked":"Heel Hook","floor":14}],"player_experience":2198539,"relics_obtained":[{"floor":6,"key":"Pen Nib"},{"floor":8,"key":"Kunai"},{"floor":9,"key":"Singing Bowl"}],"event_choices":[{"cards_removed":["Strike_G"],"damage_healed":0,"gold_gain":0,"player_choice":"Forget","damage_taken":0,"max_hp_gain":0,"max_hp_loss":0,"event_name":"Living Wall","floor":3,"gold_loss":0},{"cards_removed":["Defend_G"],"damage_healed":0,"gold_gain":0,"player_choice":"Card Removal","damage_taken":7,"max_hp_gain":0,"max_hp_loss":0,"event_name":"Golden Wing","floor":4,"gold_loss":0},{"cards_removed":["Underhanded Strike"],"damage_healed":0,"gold_gain":0,"player_choice":"Gave Card","damage_taken":0,"relics_obtained":["Dead Branch"],"max_hp_gain":0,"max_hp_loss":0,"event_name":"WeMeetAgain","floor":10,"gold_loss":0}],"is_beta":false,"boss_relics":[],"items_purged_floors":[2,12],"is_endless":false,"potions_floor_spawned":[5,11],"killed_by":"Hexaghost","ascension_level":8}