{"gold_per_floor":[112,112,112,112,132,132,160,160,238,257,257,275,306,325,325,456,456,474,492,492],"floor_reached":20,"playtime":985,"items_purged":[],"score":267,"play_id":"c84b6992-e00d-43cc-882d-a1c577fe6e1c","local_time":"20190617232305","is_ascension_mode":true,"campfire_choices":[{"floor":6.0,"key":"REST"},{"floor":15.0,"key":"REST"}],"neow_cost":"NONE","seed_source_timestamp":1245661134410315,"circlet_count":0,"master_deck":["Strike_R","Strike_R","Strike_R+1","Strike_R","Defend_R","Defend_R+1","Defend_R","Defend_R","Bash+1","Uppercut+1","Bludgeon","True Grit+1","Juggernaut","Havoc+1","Immolate","Spot Weakness+1","True Grit+1"],"special_seed":0,"relics":["Burning Blood","Self Forming Clay","Dream Catcher","Toxic Egg 2","Golden Idol","Omamori","Snecko Eye"],"potions_floor_usage":[18,19,20,20],"damage_taken":[{"damage":3.0,"enemies":"2 Louse","floor":1.0,"turns":3.0},{"damage":7.0,"enemies":"Jaw Worm","floor":5.0,"turns":3.0},{"damage":30.0,"enemies":"3 Sentries","floor":7.0,"turns":9.0},{"damage":0.0,"enemies":"Small Slimes","floor":10.0,"turns":3.0},{"damage":12.0,"enemies":"3 Louse","floor":12.0,"turns":3.0},{"damage":12.0,"enemies":"Gremlin Nob","floor":13.0,"turns":3.0},{"damage":20.0,"enemies":"Exordium Thugs","floor":14.0,"turns":5.0},{"damage":16.0,"enemies":"Hexaghost","floor":16.0,"turns":10.0},{"damage":7,"enemies":"3 Byrds","floor":18,"turns":3},{"damage":24,"enemies":"Spheric Guardian","floor":19,"turns":4},{"damage":42,"enemies":"Colosseum Slavers","floor":20,"turns":5},{"damage":14,"enemies":"Colosseum Nobs","floor":20,"turns":4}],"seed_played":"1822260981536830316","potions_obtained":[{"floor":7.0,"key":"Fruit Juice"},{"floor":10.0,"key":"Dexterity Potion"},{"floor":14.0,"key":"LiquidBronze"},{"floor":16.0,"key":"AttackPotion"},{"floor":18,"key":"PowerPotion"},{"floor":19,"key":"SmokeBomb"}],"is_trial":false,"path_per_floor":["?","?","?","?","M","?","?"],"character_chosen":"IRONCLAD","items_purchased":[],"campfire_rested":2,"item_purchase_floors":[],"current_hp_per_floor":[75,75,72,65,64,80,56,40,40,46,46,40,34,20,42,32,64,63,50,0],"gold":492,"neow_bonus":"UPGRADE_CARD","is_prod":false,"is_daily":false,"chose_seed":false,"campfire_upgraded":0,"win_rate":0,"timestamp":1560806585,"path_taken":["M","?","?","?","M","R","E","?","T","?","?","M","E","M","R","BOSS","M","M","?"],"build_version":"2019-01-23","purchased_purges":0,"victory":false,"max_hp_per_floor":[80,80,80,80,80,80,80,80,80,80,74,74,74,74,74,74,74,74,79,79],"card_choices":[{"not_picked":["Havoc","Evolve"],"picked":"Uppercut","floor":1.0},{"not_picked":["Warcry","Sword Boomerang","Clash"],"picked":"SKIP","floor":5.0},{"not_picked":["Blood for Blood","Wild Strike"],"picked":"Bludgeon","floor":7.0},{"not_picked":["Feel No Pain","Headbutt"],"picked":"True Grit+1","floor":10.0},{"not_picked":["Thunderclap","Armaments+1","Iron Wave"],"picked":"SKIP","floor":12.0},{"not_picked":["True Grit+1","Iron Wave"],"picked":"Juggernaut","floor":13.0},{"not_picked":["Sword Boomerang","Perfected Strike","Clothesline"],"picked":"SKIP","floor":14.0},{"not_picked":["Rupture","Clash"],"picked":"Havoc+1","floor":15.0},{"not_picked":["Berserk","Bludgeon"],"picked":"Immolate","floor":16.0},{"not_picked":["Perfected Strike+1","Wild Strike"],"picked":"Spot Weakness+1","floor":18},{"not_picked":["Flex+1","Thunderclap"],"picked":"True Grit+1","floor":19}],"player_experience":50676,"relics_obtained":[{"floor":7.0,"key":"Dream Catcher"},{"floor":9.0,"key":"Toxic Egg 2"},{"floor":13.0,"key":"Omamori"}],"event_choices":[{"damage_healed":0.0,"max_hp_gain":0.0,"max_hp_loss":0.0,"gold_gain":0.0,"event_name":"Living Wall","player_choice":"Grow","floor":2.0,"gold_loss":0.0,"damage_taken":0.0,"cards_upgraded":["Uppercut"]},{"damage_healed":0.0,"max_hp_gain":0.0,"max_hp_loss":0.0,"gold_gain":0.0,"event_name":"Scrap Ooze","player_choice":"Success","floor":3.0,"gold_loss":0.0,"damage_taken":3.0,"relics_obtained":["Self Forming Clay"]},{"cards_removed":["Strike_R"],"damage_healed":0.0,"max_hp_gain":0.0,"max_hp_loss":0.0,"gold_gain":0.0,"event_name":"Golden Wing","player_choice":"Card Removal","floor":4.0,"gold_loss":0.0,"damage_taken":7.0},{"damage_healed":0.0,"max_hp_gain":0.0,"max_hp_loss":0.0,"gold_gain":0.0,"event_name":"Shining Light","player_choice":"Entered Light","floor":8.0,"gold_loss":0.0,"damage_taken":16.0,"cards_upgraded":["Strike_R","Defend_R"]},{"damage_healed":0.0,"max_hp_gain":0.0,"max_hp_loss":6.0,"gold_gain":0.0,"event_name":"Golden Idol","player_choice":"Lose Max HP","floor":11.0,"gold_loss":0.0,"damage_taken":0.0,"relics_obtained":["Golden Idol"]},{"damage_healed":0,"gold_gain":0,"player_choice":"Fight","damage_taken":0,"max_hp_gain":0,"max_hp_loss":0,"event_name":"Colosseum","floor":20,"gold_loss":0},{"damage_healed":0,"gold_gain":0,"player_choice":"Fought Nobs","damage_taken":0,"max_hp_gain":0,"max_hp_loss":0,"event_name":"Colosseum","floor":20,"gold_loss":0}],"is_beta":false,"boss_relics":[{"not_picked":["Busted Crown","Black Blood"],"picked":"Snecko Eye"}],"items_purged_floors":[],"is_endless":false,"potions_floor_spawned":[7,10,14,16,18,19],"killed_by":"Colosseum Nobs","ascension_level":9}