{"gold_per_floor":[110,126,139,289,214,214,228,228,228,228,19,19,53,53,53,128,128,143,154,154,173,58,58,74,74,74,74,104,115,165,165],"floor_reached":31,"playtime":11635,"items_purged":["Regret"],"score":530,"play_id":"400804f2-8878-40e9-b256-29c8d3099571","local_time":"20190405194053","is_ascension_mode":true,"campfire_choices":[{"data":"Secret Weapon","floor":6.0,"key":"SMITH"},{"data":"Infernal Blade","floor":10.0,"key":"SMITH"},{"data":"Metamorphosis","floor":12.0,"key":"SMITH"},{"data":"Hemokinesis","floor":15.0,"key":"SMITH"},{"data":"Inflame","floor":23,"key":"SMITH"},{"floor":25,"key":"REST"},{"data":"Body Slam","floor":27,"key":"SMITH"}],"neow_cost":"CURSE","seed_source_timestamp":850080152330307,"circlet_count":0,"master_deck":["AscendersBane","Strike_R","Strike_R","Strike_R","Strike_R","Strike_R","Defend_R","Defend_R","Defend_R","Defend_R","Bash","Secret Weapon+1","PanicButton","Clumsy","Iron Wave","Twin Strike","Iron Wave","Infernal Blade+1","Metamorphosis+1","Hemokinesis+1","Sever Soul","Double Tap+1","Carnage","Body Slam+1","Dropkick","Inflame+1","Feel No Pain","Flex","Iron Wave+1"],"special_seed":0,"relics":["Burning Blood","Meat on the Bone","Bronze Scales","Bag of Marbles","Pantograph","Velvet Choker","Molten Egg 2","Art of War"],"potions_floor_usage":[21,24,28],"damage_taken":[{"damage":0.0,"enemies":"Cultist","floor":1.0,"turns":3.0},{"damage":0.0,"enemies":"Small Slimes","floor":2.0,"turns":4.0},{"damage":7.0,"enemies":"Jaw Worm","floor":3.0,"turns":4.0},{"damage":10.0,"enemies":"3 Louse","floor":7.0,"turns":3.0},{"damage":15.0,"enemies":"Gremlin Nob","floor":13.0,"turns":4.0},{"damage":5.0,"enemies":"Slime Boss","floor":16.0,"turns":5.0},{"damage":2.0,"enemies":"Chosen","floor":18.0,"turns":4.0},{"damage":8.0,"enemies":"Spheric Guardian","floor":19.0,"turns":3.0},{"damage":45,"enemies":"Centurion and Healer","floor":21,"turns":4},{"damage":15,"enemies":"Cultist and Chosen","floor":24,"turns":4},{"damage":50,"enemies":"Slavers","floor":28,"turns":5},{"damage":24,"enemies":"Snake Plant","floor":29,"turns":2},{"damage":30,"enemies":"Book of Stabbing","floor":31,"turns":3}],"seed_played":"-2956033043454158840","potions_obtained":[{"floor":1.0,"key":"EssenceOfSteel"},{"floor":3.0,"key":"Strength Potion"},{"floor":7.0,"key":"Ancient Potion"},{"floor":16.0,"key":"Block Potion"},{"floor":18.0,"key":"Weak Potion"},{"floor":19,"key":"BloodPotion"},{"floor":24,"key":"Weak Potion"}],"is_trial":false,"path_per_floor":["M","M","M","?","?","R","M","?","T","R","$","R","E","?","R","B",null,"M","M","?","M","$","R","M","R","T","R","E","M","?","E"],"character_chosen":"IRONCLAD","items_purchased":["Metamorphosis","Hemokinesis","Inflame"],"campfire_rested":1,"item_purchase_floors":[11,11,22],"current_hp_per_floor":[74,75,74,74,74,74,70,70,70,70,70,70,61,61,61,75,75,75,73,73,53,53,53,44,66,66,66,34,28,28,0],"gold":165,"neow_bonus":"RANDOM_COLORLESS_2","is_prod":false,"is_daily":false,"chose_seed":false,"campfire_upgraded":6,"win_rate":0,"timestamp":1554453653,"path_taken":["M","M","?","?","?","R","M","?","T","R","$","R","E","?","R","BOSS","M","M","?","?","$","R","M","R","T","R","E","M","?","E"],"build_version":"2019-01-23","purchased_purges":1,"victory":false,"max_hp_per_floor":[75,75,75,75,75,75,75,75,75,75,75,75,75,75,75,75,75,75,75,75,75,75,75,75,75,75,75,75,75,75,75],"card_choices":[{"not_picked":["Warcry","Spot Weakness"],"picked":"Iron Wave","floor":1.0},{"not_picked":["Clash","Clothesline"],"picked":"Twin Strike","floor":2.0},{"not_picked":["Heavy Blade","Anger"],"picked":"Iron Wave","floor":3.0},{"not_picked":["Thunderclap","Anger"],"picked":"Infernal Blade","floor":7.0},{"not_picked":["Wild Strike","Heavy Blade"],"picked":"Sever Soul","floor":13.0},{"not_picked":["Brutality","Fiend Fire"],"picked":"Double Tap","floor":16.0},{"not_picked":["Sword Boomerang","Heavy Blade"],"picked":"Carnage","floor":18.0},{"not_picked":["Twin Strike+1","Thunderclap"],"picked":"Body Slam","floor":19},{"not_picked":["Heavy Blade","Sword Boomerang"],"picked":"Dropkick","floor":21},{"not_picked":["Pommel Strike","Berserk"],"picked":"Feel No Pain","floor":24},{"not_picked":["True Grit","Anger+1"],"picked":"Flex","floor":28},{"not_picked":["Havoc","Flex+1"],"picked":"Iron Wave+1","floor":29}],"player_experience":1149598,"relics_obtained":[{"floor":9.0,"key":"Bronze Scales"},{"floor":13.0,"key":"Bag of Marbles"},{"floor":26,"key":"Molten Egg 2"},{"floor":28,"key":"Art of War"}],"event_choices":[{"damage_healed":0.0,"max_hp_gain":0.0,"max_hp_loss":0.0,"gold_gain":150.0,"event_name":"Liars Game","player_choice":"AGREE","floor":4.0,"gold_loss":0.0,"damage_taken":0.0,"cards_obtained":["Doubt"]},{"cards_removed":["Doubt"],"damage_healed":0.0,"max_hp_gain":0.0,"max_hp_loss":0.0,"gold_gain":0.0,"event_name":"The Cleric","player_choice":"Card Removal","floor":5.0,"gold_loss":75.0,"damage_taken":0.0},{"damage_healed":0.0,"max_hp_gain":0.0,"max_hp_loss":0.0,"gold_gain":0.0,"event_name":"Dead Adventurer","player_choice":"Searched \u00271\u0027 times","floor":8.0,"gold_loss":0.0,"damage_taken":0.0,"relics_obtained":["Meat on the Bone"]},{"damage_healed":0.0,"max_hp_gain":0.0,"max_hp_loss":0.0,"gold_gain":0.0,"event_name":"Big Fish","player_choice":"Box","floor":14.0,"gold_loss":0.0,"damage_taken":0.0,"relics_obtained":["Pantograph"],"cards_obtained":["Regret"]},{"damage_healed":0,"gold_gain":0,"player_choice":"Upgraded","damage_taken":0,"max_hp_gain":0,"max_hp_loss":0,"event_name":"Upgrade Shrine","floor":20,"gold_loss":0,"cards_upgraded":["Double Tap"]},{"damage_healed":0,"gold_gain":50,"player_choice":"Stole From Cult","damage_taken":0,"max_hp_gain":0,"max_hp_loss":0,"event_name":"Nest","floor":30,"gold_loss":0}],"is_beta":false,"boss_relics":[{"not_picked":["Snecko Eye","Tiny House"],"picked":"Velvet Choker"}],"items_purged_floors":[22],"is_endless":false,"potions_floor_spawned":[1,3,7,16,18,19,24],"killed_by":"Book of Stabbing","ascension_level":15}