{"gold_per_floor":[112,112,131,56,73,98,98,23,23,23,23,38,51,64,64,64],"floor_reached":16,"playtime":468,"items_purged":["Strike_G"],"score":281,"play_id":"e217ff0a-2f6f-49f9-96f1-80e67742a397","local_time":"20190529193604","is_ascension_mode":true,"campfire_choices":[{"floor":11.0,"key":"REST"},{"floor":15.0,"key":"REST"}],"neow_cost":"NONE","seed_source_timestamp":1020087966193222,"circlet_count":0,"master_deck":["AscendersBane","Defend_G+1","Defend_G","Defend_G","Defend_G","Strike_G","Strike_G","Strike_G","Strike_G","Survivor","Neutralize+1","Deadly Poison","Deadly Poison","Bane","Deflect","PiercingWail","Poisoned Stab","Well Laid Plans"],"special_seed":0,"relics":["Ring of the Snake","NeowsBlessing","Paper Crane","Ninja Scroll","The Courier"],"potions_floor_usage":[16,16],"damage_taken":[{"damage":0.0,"enemies":"Jaw Worm","floor":1.0,"turns":1.0},{"damage":0.0,"enemies":"Cultist","floor":3.0,"turns":1.0},{"damage":0.0,"enemies":"Small Slimes","floor":5.0,"turns":1.0},{"damage":19.0,"enemies":"3 Sentries","floor":6.0,"turns":9.0},{"damage":0.0,"enemies":"2 Fungi Beasts","floor":12.0,"turns":3.0},{"damage":6.0,"enemies":"Looter","floor":13.0,"turns":3.0},{"damage":7.0,"enemies":"Exordium Thugs","floor":14.0,"turns":5.0},{"damage":52,"enemies":"Slime Boss","floor":16,"turns":10}],"seed_played":"4308773691150853198","potions_obtained":[{"floor":2.0,"key":"Explosive Potion"},{"floor":2.0,"key":"Fruit Juice"},{"floor":3.0,"key":"LiquidBronze"},{"floor":12.0,"key":"Weak Potion"},{"floor":13.0,"key":"EssenceOfSteel"}],"is_trial":false,"path_per_floor":["M","?","M","?","M","E","?","$","T","?","R","M","M","M","R","B"],"character_chosen":"THE_SILENT","items_purchased":[],"campfire_rested":2,"item_purchase_floors":[],"current_hp_per_floor":[59,64,64,64,64,45,34,34,34,13,34,34,28,21,42,0],"gold":64,"neow_bonus":"THREE_ENEMY_KILL","is_prod":false,"is_daily":false,"chose_seed":false,"campfire_upgraded":0,"win_rate":0,"timestamp":1559180164,"path_taken":["M","?","?","?","M","E","?","$","T","?","R","M","M","M","R","BOSS"],"build_version":"2019-01-23","purchased_purges":1,"victory":false,"max_hp_per_floor":[66,71,71,71,71,71,71,71,71,71,71,71,71,71,71,71],"card_choices":[{"not_picked":["Acrobatics","Blade Dance"],"picked":"Deadly Poison","floor":1.0},{"not_picked":["Blade Dance","Bane"],"picked":"Deadly Poison","floor":3.0},{"not_picked":["Deflect","Underhanded Strike"],"picked":"Bane","floor":5.0},{"not_picked":["Eviscerate","Night Terror"],"picked":"Deflect","floor":6.0},{"not_picked":["Concentrate","Terror"],"picked":"PiercingWail","floor":12.0},{"not_picked":["Dagger Throw","Distraction"],"picked":"Poisoned Stab","floor":13.0},{"not_picked":["Riddle With Holes","Endless Agony"],"picked":"Well Laid Plans","floor":14.0}],"player_experience":931444,"relics_obtained":[{"floor":6.0,"key":"Paper Crane"},{"floor":9.0,"key":"The Courier"}],"event_choices":[{"damage_healed":0.0,"max_hp_gain":0.0,"max_hp_loss":0.0,"gold_gain":0.0,"event_name":"Lab","player_choice":"Got Potions","floor":2.0,"gold_loss":0.0,"damage_taken":0.0},{"cards_removed":["Defend_G"],"damage_healed":0.0,"max_hp_gain":0.0,"max_hp_loss":0.0,"gold_gain":0.0,"event_name":"The Cleric","player_choice":"Card Removal","floor":4.0,"gold_loss":75.0,"damage_taken":0.0},{"damage_healed":0.0,"max_hp_gain":0.0,"max_hp_loss":0.0,"gold_gain":0.0,"event_name":"Scrap Ooze","player_choice":"Success","floor":7.0,"gold_loss":0.0,"damage_taken":11.0,"relics_obtained":["Ninja Scroll"]},{"damage_healed":0.0,"max_hp_gain":0.0,"max_hp_loss":0.0,"gold_gain":0.0,"event_name":"Shining Light","player_choice":"Entered Light","floor":10.0,"gold_loss":0.0,"damage_taken":21.0,"cards_upgraded":["Neutralize","Defend_G"]}],"is_beta":false,"boss_relics":[],"items_purged_floors":[8],"is_endless":false,"potions_floor_spawned":[3,12,13],"killed_by":"Slime Boss","ascension_level":17}