{"gold_per_floor":[119,131,141,155,54,79,94,94,94,107,123,123,123,134,134,238,238,250,263,283,40,40,40,40,40,65,65,91,103,115,147,159,271,283,314,326,349,361,270,270,284,304,384,384,397,397],"floor_reached":46,"playtime":6666,"items_purged":[],"score":469,"play_id":"068e990e-e216-4077-99d9-412c0c33e58e","local_time":"20181228005654","is_ascension_mode":false,"campfire_choices":[{"floor":8,"key":"REST"},{"floor":12,"key":"REST"},{"data":"1","floor":15,"key":"LIFT"},{"floor":23,"key":"REST"},{"floor":25,"key":"REST"},{"data":"2","floor":27,"key":"LIFT"},{"floor":32,"key":"REST"},{"data":"3","floor":40,"key":"LIFT"},{"floor":44,"key":"REST"}],"neow_cost":"NONE","seed_source_timestamp":383372663350483,"circlet_count":0,"master_deck":["Strike_B","Strike_B","Defend_B","Defend_B","Defend_B","Defend_B","Zap","Dualcast","Go for the Eyes","Genetic Algorithm","Leap","Tempest","Steam","Rip and Tear","Beam Cell","Compile Driver","Coolheaded","Darkness","Electrodynamics","Darkness+1","Hello World+1","Go for the Eyes+1","Beam Cell","Steam","Sweeping Beam","Discovery","Electrodynamics","Rainbow","Conserve Battery+1","Stack","Multi-Cast","Leap","Compile Driver+1","Genetic Algorithm","Leap","Hologram","Parasite","Melter","Redo"],"relics":["Cracked Core","NeowsBlessing","Matryoshka","Bag of Marbles","Girya","Gambling Chip","Lizard Tail","Vajra","PreservedInsect","MawBank","Busted Crown","Pantograph"],"potions_floor_usage":[33,33,33],"damage_taken":[{"damage":0,"enemies":"2 Louse","floor":1,"turns":2},{"damage":0,"enemies":"Cultist","floor":2,"turns":1},{"damage":0,"enemies":"Jaw Worm","floor":3,"turns":1},{"damage":0,"enemies":"Blue Slaver","floor":4,"turns":4},{"damage":24,"enemies":"Lagavulin","floor":6,"turns":6},{"damage":8,"enemies":"Red Slaver","floor":7,"turns":4},{"damage":15,"enemies":"Gremlin Gang","floor":10,"turns":5},{"damage":0,"enemies":"Looter","floor":11,"turns":2},{"damage":2,"enemies":"2 Fungi Beasts","floor":14,"turns":4},{"damage":16,"enemies":"Slime Boss","floor":16,"turns":12},{"damage":13,"enemies":"2 Thieves","floor":18,"turns":4},{"damage":13,"enemies":"Shell Parasite","floor":19,"turns":5},{"damage":31,"enemies":"Snake Plant","floor":20,"turns":6},{"damage":19,"enemies":"Book of Stabbing","floor":28,"turns":5},{"damage":24,"enemies":"Sentry and Sphere","floor":31,"turns":4},{"damage":55,"enemies":"Champ","floor":33,"turns":8},{"damage":6,"enemies":"Orb Walker","floor":35,"turns":3},{"damage":4,"enemies":"3 Darklings","floor":37,"turns":4},{"damage":36,"enemies":"Transient","floor":41,"turns":5},{"damage":10,"enemies":"Writhing Mass","floor":42,"turns":8},{"damage":25,"enemies":"Spire Growth","floor":45,"turns":5},{"damage":36,"enemies":"Giant Head","floor":46,"turns":7}],"seed_played":"-4329827188619694431","potions_obtained":[{"floor":3,"key":"Swift Potion"},{"floor":6,"key":"GamblersBrew"},{"floor":7,"key":"FocusPotion"},{"floor":14,"key":"LiquidBronze"},{"floor":19,"key":"Explosive Potion"},{"floor":28,"key":"Fire Potion"},{"floor":37,"key":"Dexterity Potion"},{"floor":41,"key":"LiquidBronze"},{"floor":45,"key":"GamblersBrew"}],"is_trial":false,"path_per_floor":["M","M","M","M","$","E","M","R","T","M","M","R","?","M","R","B",null,"M","M","M","$","?","R","$","R","T","R","E","?","?","M","R","B",null,"M","?","M","$","$","R","M","M","T","R","M","E"],"character_chosen":"DEFECT","items_purchased":["Steam","Rip and Tear","Beam Cell","Steam","Sweeping Beam","Discovery","Genetic Algorithm","Leap"],"campfire_rested":6,"item_purchase_floors":[5,5,21,21,21,21,39,39],"current_hp_per_floor":[75,75,75,75,75,51,43,65,65,50,50,72,72,70,70,54,75,62,49,18,18,18,40,40,62,62,62,43,29,29,5,29,15,80,74,74,70,70,70,70,34,24,24,48,23,0],"gold":397,"neow_bonus":"THREE_ENEMY_KILL","is_prod":false,"is_daily":false,"chose_seed":false,"campfire_upgraded":0,"win_rate":0.0,"timestamp":1545919014,"path_taken":["M","M","M","M","$","E","M","R","T","M","M","R","?","M","R","BOSS","M","M","M","$","?","R","$","R","T","R","E","?","?","M","R","BOSS","M","?","M","?","$","R","M","M","T","R","M","E"],"build_version":"2018-12-20","purchased_purges":0,"victory":false,"max_hp_per_floor":[75,75,75,75,75,75,75,75,75,75,75,75,75,75,75,75,75,75,75,75,75,75,75,75,75,75,75,75,80,80,80,80,80,80,80,80,80,80,80,80,80,80,80,80,80,80],"card_choices":[{"not_picked":["Ball Lightning","Conserve Battery"],"picked":"Go for the Eyes","floor":1},{"not_picked":["BootSequence","Steam Power"],"picked":"Genetic Algorithm","floor":2},{"not_picked":["Gash","Ball Lightning"],"picked":"Leap","floor":3},{"not_picked":["Biased Cognition","Go for the Eyes"],"picked":"Tempest","floor":4},{"not_picked":["Force Field","Blizzard"],"picked":"Beam Cell","floor":6},{"not_picked":["White Noise","Leap"],"picked":"Compile Driver","floor":7},{"not_picked":["Sweeping Beam","Consume"],"picked":"Double Energy","floor":10},{"not_picked":["Double Energy","Blizzard"],"picked":"Coolheaded","floor":11},{"not_picked":["Conserve Battery","Self Repair"],"picked":"Darkness","floor":14},{"not_picked":["Multi-Cast","Amplify"],"picked":"Electrodynamics","floor":16},{"not_picked":["Beam Cell","Melter"],"picked":"Darkness+1","floor":18},{"not_picked":["Static Discharge","Leap"],"picked":"Hello World+1","floor":19},{"not_picked":["Compile Driver","Leap"],"picked":"Go for the Eyes+1","floor":20},{"not_picked":["Darkness","Creative AI"],"picked":"Conserve Battery+1","floor":28},{"not_picked":["Go for the Eyes+1","Barrage+1"],"picked":"Stack","floor":31},{"not_picked":["Amplify","Buffer"],"picked":"Multi-Cast","floor":33},{"not_picked":[],"picked":"Leap","floor":35},{"not_picked":[],"picked":"Compile Driver+1","floor":37},{"not_picked":[],"picked":"Hologram","floor":41},{"not_picked":[],"picked":"Melter","floor":42},{"not_picked":[],"picked":"Redo","floor":45}],"player_experience":5390,"relics_obtained":[{"floor":6,"key":"Matryoshka"},{"floor":9,"key":"Bag of Marbles"},{"floor":9,"key":"Girya"},{"floor":26,"key":"Vajra"},{"floor":26,"key":"PreservedInsect"},{"floor":28,"key":"MawBank"},{"floor":43,"key":"Pantograph"}],"event_choices":[{"damage_healed":0,"gold_gain":0,"player_choice":"Gave Potion","damage_taken":0,"relics_obtained":["Gambling Chip"],"max_hp_gain":0,"max_hp_loss":0,"event_name":"WeMeetAgain","floor":13,"gold_loss":0},{"damage_healed":0,"gold_gain":0,"cards_transformed":["Double Energy","Strike_B"],"player_choice":"Became Test Subject","damage_taken":0,"max_hp_gain":0,"max_hp_loss":0,"event_name":"Drug Dealer","floor":22,"gold_loss":0,"cards_obtained":["Electrodynamics","Rainbow"]},{"damage_healed":0,"gold_gain":0,"player_choice":"Shed Blood","damage_taken":19,"max_hp_gain":5,"max_hp_loss":0,"event_name":"Forgotten Altar","floor":29,"gold_loss":0},{"damage_healed":0,"gold_gain":0,"player_choice":"Leave","damage_taken":0,"max_hp_gain":0,"max_hp_loss":0,"event_name":"FaceTrader","floor":30,"gold_loss":0},{"cards_removed":["Strike_B"],"damage_healed":0,"gold_gain":0,"player_choice":"Offered Basic","damage_taken":0,"max_hp_gain":0,"max_hp_loss":0,"event_name":"Bonfire Elementals","floor":36,"gold_loss":0}],"is_beta":false,"boss_relics":[{"not_picked":["Orrery","Tiny House"],"picked":"Lizard Tail"},{"not_picked":["Eternal Feather","White Beast Statue"],"picked":"Busted Crown"}],"items_purged_floors":[],"is_endless":false,"potions_floor_spawned":[3,6,7,14,19,28,37,41,45],"killed_by":"Giant Head","ascension_level":0}