{"gold_per_floor":[117,134,154,174,193,193,224,224,224,224,189,189,222,238,238,368,368,393,318,332,84,84,84,111,131,157,53,53,72,90,123,123,225,225,236,255,255,268,278,278,304,304,331,331,5,19,53,65,65,65,65,65,3,35,35],"floor_reached":55,"playtime":3298,"items_purged":["Defend_G"],"score":792,"play_id":"078d92de-34e1-4fcb-8700-4f8b8c862a9a","local_time":"20190501172316","is_ascension_mode":true,"campfire_choices":[{"data":"Neutralize","floor":6.0,"key":"SMITH"},{"data":"Predator","floor":8.0,"key":"SMITH"},{"data":"Quick Slash","floor":15.0,"key":"SMITH"},{"data":"Cloak And Dagger","floor":23.0,"key":"SMITH"},{"data":"Noxious Fumes","floor":28.0,"key":"SMITH"},{"floor":32.0,"key":"RECALL"},{"data":"Unload","floor":40.0,"key":"SMITH"},{"data":"Crippling Poison","floor":44.0,"key":"SMITH"},{"data":"Well Laid Plans","floor":49.0,"key":"SMITH"},{"data":"PiercingWail","floor":52.0,"key":"SMITH"}],"neow_cost":"NONE","seed_source_timestamp":576507472698603,"circlet_count":0,"master_deck":["Defend_G","Defend_G+1","Defend_G+1","Strike_G","Strike_G","Strike_G+1","Survivor","Neutralize+1","PiercingWail+1","Acrobatics+1","Quick Slash+1","Flying Knee","Predator+1","Crippling Poison+1","Unload+1","Cloak And Dagger+1","Noxious Fumes+1","Backflip","Well Laid Plans+1","Escape Plan","PiercingWail","Cloak And Dagger+1","Cloak And Dagger+1","Madness","Madness","Infinite Blades"],"special_seed":0,"relics":["Busted Crown","PreservedInsect","Gremlin Horn","Bloody Idol","Dead Branch","Empty Cage","Matryoshka","MawBank","Oddly Smooth Stone","The Courier","Coffee Dripper","Mercury Hourglass","War Paint","Orichalcum","Mummified Hand","Omamori","Strawberry"],"potions_floor_usage":[55],"damage_taken":[{"damage":2.0,"enemies":"Small Slimes","floor":1.0,"turns":4.0},{"damage":2.0,"enemies":"2 Louse","floor":2.0,"turns":2.0},{"damage":0.0,"enemies":"Jaw Worm","floor":3.0,"turns":6.0},{"damage":0.0,"enemies":"Large Slime","floor":4.0,"turns":7.0},{"damage":6.0,"enemies":"Exordium Wildlife","floor":5.0,"turns":4.0},{"damage":31.0,"enemies":"3 Sentries","floor":7.0,"turns":9.0},{"damage":8.0,"enemies":"Lagavulin","floor":13.0,"turns":5.0},{"damage":1.0,"enemies":"Looter","floor":14.0,"turns":4.0},{"damage":19.0,"enemies":"Slime Boss","floor":16.0,"turns":12.0},{"damage":5.0,"enemies":"3 Byrds","floor":18.0,"turns":5.0},{"damage":9.0,"enemies":"2 Thieves","floor":20.0,"turns":4.0},{"damage":5.0,"enemies":"Book of Stabbing","floor":24.0,"turns":4.0},{"damage":6.0,"enemies":"Snake Plant","floor":25.0,"turns":5.0},{"damage":0.0,"enemies":"Snecko","floor":29.0,"turns":5.0},{"damage":2.0,"enemies":"Cultist and Chosen","floor":30.0,"turns":4.0},{"damage":27.0,"enemies":"Slavers","floor":31.0,"turns":5.0},{"damage":27.0,"enemies":"Collector","floor":33.0,"turns":10.0},{"damage":4.0,"enemies":"Orb Walker","floor":35.0,"turns":3.0},{"damage":0.0,"enemies":"3 Shapes","floor":36.0,"turns":4.0},{"damage":0.0,"enemies":"3 Darklings","floor":38.0,"turns":4.0},{"damage":8.0,"enemies":"Spire Growth","floor":39.0,"turns":5.0},{"damage":5.0,"enemies":"Reptomancer","floor":41.0,"turns":4.0},{"damage":0.0,"enemies":"Sphere and 2 Shapes","floor":46.0,"turns":6.0},{"damage":14.0,"enemies":"Giant Head","floor":47.0,"turns":7.0},{"damage":1.0,"enemies":"3 Darklings","floor":48.0,"turns":4.0},{"damage":47.0,"enemies":"Donu and Deca","floor":50.0,"turns":10.0},{"damage":0.0,"enemies":"Shield and Spear","floor":54.0,"turns":6.0},{"damage":81,"enemies":"The Heart","floor":55,"turns":6}],"seed_played":"9047874871545580785","potions_obtained":[{"floor":2.0,"key":"Fruit Juice"},{"floor":4.0,"key":"Ancient Potion"},{"floor":13.0,"key":"Dexterity Potion"},{"floor":20.0,"key":"GhostInAJar"},{"floor":25.0,"key":"Weak Potion"},{"floor":38.0,"key":"Fire Potion"},{"floor":46.0,"key":"Block Potion"},{"floor":54.0,"key":"Fruit Juice"}],"is_trial":false,"path_per_floor":["M","M","M","M","M","R","E","R","T","?","?","?","E","M","R","B",null,"M","?","M","$","?","R","E","M","T","$","R","M","M","E","R","B",null,"M","M","?","M","M","R","E","?","T","R","$","M","E","M","R","B",null,"R","$","E","B"],"character_chosen":"THE_SILENT","items_purchased":["Cloak And Dagger","Noxious Fumes","Backflip","Well Laid Plans","Escape Plan","Orichalcum","Mummified Hand","Infinite Blades"],"campfire_rested":0,"item_purchase_floors":[21,21,21,27,27,45,45,53],"current_hp_per_floor":[68,71,71,71,65,65,34,34,34,19,37,37,29,28,28,9,69,64,64,55,55,55,55,55,54,59,64,64,69,69,47,47,25,69,69,69,69,69,66,66,66,57,62,62,62,67,58,62,62,15,69,69,69,81,0],"gold":35,"neow_bonus":"BOSS_RELIC","is_prod":false,"is_daily":false,"chose_seed":false,"campfire_upgraded":9,"win_rate":0,"timestamp":1556752996,"path_taken":["M","M","M","M","M","R","E","R","T","?","?","?","E","M","R","BOSS","M","?","M","$","?","R","E","M","T","?","R","M","M","E","R","BOSS","M","M","?","M","M","R","E","?","T","R","$","M","E","M","R","BOSS","R","$","E","BOSS"],"build_version":"2019-01-23","purchased_purges":1,"victory":false,"max_hp_per_floor":[70,75,75,75,75,75,75,75,75,75,75,69,69,69,69,69,69,69,69,69,69,69,69,69,69,69,69,69,69,69,69,69,69,69,69,69,69,69,69,69,69,69,69,69,69,69,69,69,69,69,69,69,69,81,81],"card_choices":[{"not_picked":[],"picked":"PiercingWail","floor":1.0},{"not_picked":[],"picked":"Acrobatics","floor":2.0},{"not_picked":[],"picked":"Quick Slash","floor":3.0},{"not_picked":[],"picked":"Flying Knee","floor":4.0},{"not_picked":[],"picked":"Predator","floor":5.0},{"not_picked":[],"picked":"Crippling Poison","floor":7.0},{"not_picked":["Setup"],"picked":"SKIP","floor":13.0},{"not_picked":["Prepared"],"picked":"SKIP","floor":14.0},{"not_picked":[],"picked":"Unload","floor":16.0},{"not_picked":["Deflect+1"],"picked":"SKIP","floor":18.0},{"not_picked":["Catalyst"],"picked":"SKIP","floor":20.0},{"not_picked":["Quick Slash"],"picked":"SKIP","floor":24.0},{"not_picked":["Outmaneuver+1"],"picked":"SKIP","floor":25.0},{"not_picked":["PiercingWail"],"picked":"SKIP","floor":29.0},{"not_picked":[],"picked":"PiercingWail","floor":29.0},{"not_picked":["Sucker Punch"],"picked":"SKIP","floor":30.0},{"not_picked":["Sucker Punch"],"picked":"SKIP","floor":30.0},{"not_picked":["Finisher"],"picked":"SKIP","floor":31.0},{"not_picked":["Underhanded Strike"],"picked":"SKIP","floor":35.0},{"not_picked":["Flechettes"],"picked":"SKIP","floor":36.0},{"not_picked":[],"picked":"Cloak And Dagger+1","floor":38.0},{"not_picked":["Bouncing Flask"],"picked":"SKIP","floor":39.0},{"not_picked":[],"picked":"Cloak And Dagger+1","floor":41.0},{"not_picked":["Slice"],"picked":"SKIP","floor":46.0},{"not_picked":["Prepared"],"picked":"SKIP","floor":47.0},{"not_picked":["Acrobatics+1"],"picked":"SKIP","floor":48.0},{"not_picked":["Outmaneuver"],"picked":"SKIP","floor":54.0}],"player_experience":871969,"relics_obtained":[{"floor":7.0,"key":"PreservedInsect"},{"floor":9.0,"key":"Gremlin Horn"},{"floor":13.0,"key":"Dead Branch"},{"floor":24.0,"key":"Matryoshka"},{"floor":26.0,"key":"MawBank"},{"floor":26.0,"key":"Oddly Smooth Stone"},{"floor":31.0,"key":"The Courier"},{"floor":41.0,"key":"Mercury Hourglass"},{"floor":43.0,"key":"War Paint"},{"floor":47.0,"key":"Omamori"},{"floor":54.0,"key":"Strawberry"}],"event_choices":[{"damage_healed":0.0,"max_hp_gain":0.0,"max_hp_loss":0.0,"gold_gain":0.0,"event_name":"Shining Light","player_choice":"Entered Light","floor":10.0,"gold_loss":0.0,"damage_taken":15.0,"cards_upgraded":["Acrobatics","Strike_G"]},{"damage_healed":18.0,"max_hp_gain":0.0,"max_hp_loss":0.0,"gold_gain":0.0,"event_name":"The Cleric","player_choice":"Healed","floor":11.0,"gold_loss":35.0,"damage_taken":0.0},{"damage_healed":0.0,"max_hp_gain":0.0,"max_hp_loss":6.0,"gold_gain":0.0,"event_name":"Golden Idol","player_choice":"Lose Max HP","floor":12.0,"gold_loss":0.0,"damage_taken":0.0,"relics_obtained":["Golden Idol"]},{"cards_removed":["Defend_G"],"damage_healed":0.0,"max_hp_gain":0.0,"max_hp_loss":0.0,"gold_gain":0.0,"event_name":"Beggar","player_choice":"Gave Gold","floor":19.0,"gold_loss":75.0,"damage_taken":0.0},{"damage_healed":0.0,"max_hp_gain":0.0,"max_hp_loss":0.0,"gold_gain":0.0,"event_name":"Forgotten Altar","player_choice":"Gave Idol","floor":22.0,"relics_lost":["Golden Idol"],"gold_loss":0.0,"damage_taken":0.0,"relics_obtained":["Bloody Idol"]},{"damage_healed":0.0,"max_hp_gain":0.0,"max_hp_loss":0.0,"gold_gain":0.0,"event_name":"SensoryStone","player_choice":"Memory 1","floor":37.0,"gold_loss":0.0,"damage_taken":0.0},{"damage_healed":0.0,"max_hp_gain":0.0,"max_hp_loss":0.0,"gold_gain":0.0,"event_name":"Winding Halls","player_choice":"Embrace Madness","floor":42.0,"gold_loss":0.0,"damage_taken":9.0,"cards_obtained":["Madness","Madness"]}],"is_beta":false,"boss_relics":[{"not_picked":["Runic Dome","Fusion Hammer"],"picked":"Empty Cage"},{"not_picked":["Orrery","Velvet Choker"],"picked":"Coffee Dripper"}],"items_purged_floors":[21],"is_endless":false,"potions_floor_spawned":[2,4,13,20,25,30,31,38,41,46,48,54],"killed_by":"The Heart","ascension_level":1}