{"gold_per_floor":[20,38,13,28,3,3,35,0,46,58,58,76,76,46,46,146,146,159,159,173,190,190,190,190],"floor_reached":24,"playtime":2920,"items_purged":[],"score":274,"play_id":"b71ca88f-3ee1-4f53-bcd1-85d5e0d192e8","local_time":"20190521222225","is_ascension_mode":true,"campfire_choices":[{"data":"Crippling Poison","floor":6,"key":"SMITH"},{"floor":11,"key":"REST"},{"floor":13,"key":"REST"},{"data":"Infinite Blades","floor":15,"key":"SMITH"},{"floor":23,"key":"REST"}],"neow_cost":"NO_GOLD","seed_source_timestamp":333117627922671,"circlet_count":0,"master_deck":["Defend_G","Defend_G+1","Defend_G","Defend_G+1","Defend_G","Strike_G","Strike_G","Strike_G","Strike_G","Strike_G","Survivor","Neutralize","Distraction","Crippling Poison+1","Dagger Throw","Dash","Underhanded Strike","Underhanded Strike","Infinite Blades+1","Bane","Bane","Backstab","Malaise","Deflect+1","Sucker Punch+1","Wraith Form v2","Bouncing Flask+1"],"relics":["Ring of the Snake","Dream Catcher","White Beast Statue","Darkstone Periapt","Nloth\u0027s Gift"],"potions_floor_usage":[7,16,16,16,24],"damage_taken":[{"damage":7,"enemies":"Small Slimes","floor":1,"turns":3},{"damage":0,"enemies":"2 Louse","floor":2,"turns":3},{"damage":8,"enemies":"Cultist","floor":4,"turns":4},{"damage":29,"enemies":"Lagavulin","floor":7,"turns":6},{"damage":4,"enemies":"Lots of Slimes","floor":10,"turns":2},{"damage":7,"enemies":"Large Slime","floor":12,"turns":6},{"damage":24,"enemies":"Hexaghost","floor":16,"turns":8},{"damage":8,"enemies":"3 Byrds","floor":18,"turns":4},{"damage":11,"enemies":"Chosen","floor":20,"turns":6},{"damage":45,"enemies":"3 Cultists","floor":21,"turns":7},{"damage":36,"enemies":"Book of Stabbing","floor":24,"turns":4}],"seed_played":"-243038393244023887","potions_obtained":[{"floor":1,"key":"Swift Potion"},{"floor":10,"key":"SteroidPotion"},{"floor":14,"key":"AttackPotion"},{"floor":14,"key":"SteroidPotion"},{"floor":18,"key":"LiquidBronze"},{"floor":20,"key":"Ancient Potion"},{"floor":21,"key":"Energy Potion"}],"is_trial":false,"path_per_floor":["M","M","$","M","$","R","E","?","T","M","R","M","R","?","R","B",null,"M","?","M","M","?","R","E"],"character_chosen":"THE_SILENT","items_purchased":["Dagger Throw","Underhanded Strike"],"campfire_rested":3,"item_purchase_floors":[3,5],"current_hp_per_floor":[70,70,70,62,62,62,33,33,33,29,54,47,72,72,72,48,75,67,67,56,11,11,36,0],"gold":190,"neow_bonus":"TWENTY_PERCENT_HP_BONUS","is_prod":false,"is_daily":false,"chose_seed":false,"campfire_upgraded":2,"win_rate":0,"timestamp":1558441345,"path_taken":["M","M","$","M","$","R","E","?","T","M","R","M","R","?","R","BOSS","M","?","?","M","?","R","E"],"build_version":"2019-01-23","purchased_purges":0,"victory":false,"max_hp_per_floor":[84,84,84,84,84,84,84,84,84,84,84,84,84,84,84,84,84,84,84,84,84,84,84,84],"card_choices":[{"not_picked":["Dodge and Roll","Deflect"],"picked":"Distraction","floor":1},{"not_picked":["Well Laid Plans","Distraction"],"picked":"Crippling Poison","floor":2},{"not_picked":["Quick Slash","Dagger Spray"],"picked":"Dash","floor":4},{"not_picked":["PiercingWail","Sucker Punch"],"picked":"Underhanded Strike","floor":7},{"not_picked":["Flechettes","Slice"],"picked":"Infinite Blades","floor":10},{"not_picked":["Dagger Throw","Setup"],"picked":"Bane","floor":11},{"not_picked":["Flying Knee","Acrobatics"],"picked":"Bane","floor":12},{"not_picked":["Eviscerate","Blur"],"picked":"Backstab","floor":13},{"not_picked":["Doppelganger","Night Terror"],"picked":"Malaise","floor":16},{"not_picked":["Sucker Punch+1","Blade Dance"],"picked":"Deflect+1","floor":18},{"not_picked":["Dodge and Roll","Distraction"],"picked":"Sucker Punch+1","floor":20},{"not_picked":["Deflect+1","Bouncing Flask"],"picked":"Wraith Form v2","floor":21},{"not_picked":["Bane+1","PiercingWail"],"picked":"Bouncing Flask+1","floor":23}],"player_experience":1955758,"relics_obtained":[{"floor":7,"key":"War Paint"},{"floor":9,"key":"Dream Catcher"}],"event_choices":[{"damage_healed":0,"gold_gain":0,"player_choice":"Left Gold","damage_taken":0,"max_hp_gain":0,"max_hp_loss":0,"event_name":"World of Goop","floor":8,"gold_loss":35},{"damage_healed":0,"gold_gain":0,"player_choice":"Bought 2 Potions","damage_taken":0,"max_hp_gain":0,"max_hp_loss":0,"event_name":"The Woman in Blue","floor":14,"gold_loss":0},{"damage_healed":0,"gold_gain":0,"player_choice":"Gave Potion","damage_taken":0,"relics_obtained":["Darkstone Periapt"],"max_hp_gain":0,"max_hp_loss":0,"event_name":"WeMeetAgain","floor":19,"gold_loss":0},{"damage_healed":0,"gold_gain":0,"player_choice":"Traded Relic","damage_taken":0,"relics_obtained":["Nloth\u0027s Gift"],"max_hp_gain":0,"max_hp_loss":0,"event_name":"N\u0027loth","floor":22,"relics_lost":["War Paint"],"gold_loss":0}],"is_beta":false,"boss_relics":[{"not_picked":["Velvet Choker","Runic Pyramid"],"picked":"White Beast Statue"}],"items_purged_floors":[],"is_endless":false,"potions_floor_spawned":[1,10,18,20,21],"killed_by":"Book of Stabbing","ascension_level":8}