{"gold_per_floor":[116,291,291,302,14,45,63,97,97,70,97,97,108,121,121,223,223,243,261,278,378,148,148,181,181,233,233,243,261,261,69,69,169,169,187,13,24,42,61,61,76,111,111,128,128,141,159,174,174,174],"floor_reached":50,"playtime":8329,"items_purged":["Strike_R","Strike_R","Strike_R"],"score":880,"play_id":"1436cb01-4545-4d6a-818b-d57948ca7166","local_time":"20190301221455","is_ascension_mode":true,"campfire_choices":[{"data":"Body Slam","floor":15.0,"key":"SMITH"},{"floor":23.0,"key":"REST"},{"floor":27.0,"key":"REST"},{"floor":30.0,"key":"REST"},{"data":"Heavy Blade","floor":32.0,"key":"SMITH"},{"data":"Fiend Fire","floor":40.0,"key":"SMITH"},{"floor":45.0,"key":"REST"},{"floor":49.0,"key":"REST"}],"neow_cost":"NONE","seed_source_timestamp":0,"circlet_count":0,"master_deck":["Strike_R","Strike_R","Defend_R","Defend_R","Defend_R","Defend_R","Bash","Reaper","Body Slam+1","Power Through","Flame Barrier","Power Through","Sword Boomerang","Demon Form+1","Sever Soul","Pummel","Impervious","Reckless Charge","Warcry","Fiend Fire+1","Entrench","Evolve+1","Battle Trance+1","Reckless Charge","Anger+1","Heavy Blade+1","Corruption+1","PanicButton","Ghostly Armor","Twin Strike+1","Pummel+1","Feel No Pain+1","Double Tap","Heavy Blade+1","Pummel","Bandage Up","Dropkick+1","Seeing Red+1","Combust+1","Heavy Blade","Normality","Sword Boomerang+1","Pummel","Body Slam+1","Armaments+1"],"special_seed":0,"relics":["Burning Blood","Pen Nib","Happy Flower","Kunai","Art of War","Frozen Egg 2","NlothsMask","Orrery","Charon\u0027s Ashes","Mercury Hourglass","Boot","Enchiridion","Cursed Key","Bag of Preparation","Sundial"],"potions_floor_usage":[50,50],"damage_taken":[{"damage":12.0,"enemies":"2 Louse","floor":1.0,"turns":4.0},{"damage":15.0,"enemies":"Cultist","floor":4.0,"turns":5.0},{"damage":35.0,"enemies":"Lagavulin","floor":6.0,"turns":8.0},{"damage":0.0,"enemies":"Small Slimes","floor":7.0,"turns":5.0},{"damage":6.0,"enemies":"Gremlin Nob","floor":8.0,"turns":4.0},{"damage":33.0,"enemies":"3 Sentries","floor":11.0,"turns":14.0},{"damage":0.0,"enemies":"3 Louse","floor":13.0,"turns":3.0},{"damage":21.0,"enemies":"Gremlin Gang","floor":14.0,"turns":4.0},{"damage":0.0,"enemies":"Slime Boss","floor":16.0,"turns":6.0},{"damage":24.0,"enemies":"3 Byrds","floor":18.0,"turns":7.0},{"damage":23.0,"enemies":"Spheric Guardian","floor":19.0,"turns":4.0},{"damage":27.0,"enemies":"Snake Plant","floor":20.0,"turns":4.0},{"damage":8.0,"enemies":"Colosseum Slavers","floor":21.0,"turns":4.0},{"damage":32.0,"enemies":"Colosseum Nobs","floor":21.0,"turns":8.0},{"damage":7.0,"enemies":"Slavers","floor":24.0,"turns":4.0},{"damage":0.0,"enemies":"Centurion and Healer","floor":28.0,"turns":19.0},{"damage":33.0,"enemies":"3 Cultists","floor":29.0,"turns":4.0},{"damage":31.0,"enemies":"Champ","floor":33.0,"turns":9.0},{"damage":5.0,"enemies":"Orb Walker","floor":35.0,"turns":2.0},{"damage":8.0,"enemies":"3 Shapes","floor":37.0,"turns":3.0},{"damage":0.0,"enemies":"Maw","floor":38.0,"turns":6.0},{"damage":2.0,"enemies":"Sphere and 2 Shapes","floor":39.0,"turns":4.0},{"damage":34.0,"enemies":"4 Shapes","floor":41.0,"turns":3.0},{"damage":33.0,"enemies":"Reptomancer","floor":42.0,"turns":4.0},{"damage":27.0,"enemies":"Transient","floor":44.0,"turns":5.0},{"damage":26.0,"enemies":"Spire Growth","floor":46.0,"turns":5.0},{"damage":2.0,"enemies":"Writhing Mass","floor":47.0,"turns":3.0},{"damage":5.0,"enemies":"Maw","floor":48.0,"turns":5.0},{"damage":95,"enemies":"Donu and Deca","floor":50,"turns":8}],"seed_played":"6848045052386595201","potions_obtained":[{"floor":6.0,"key":"Weak Potion"},{"floor":7.0,"key":"Block Potion"},{"floor":11.0,"key":"SpeedPotion"},{"floor":13.0,"key":"PowerPotion"},{"floor":16.0,"key":"FearPotion"},{"floor":24.0,"key":"Dexterity Potion"},{"floor":28.0,"key":"SpeedPotion"},{"floor":33.0,"key":"Dexterity Potion"},{"floor":37.0,"key":"GamblersBrew"},{"floor":38.0,"key":"Dexterity Potion"},{"floor":39.0,"key":"Ancient Potion"},{"floor":46.0,"key":"Regen Potion"}],"is_trial":false,"path_per_floor":["M","?","?","M","$","E","M","E","T","?","E","?","M","M","R","B",null,"M","M","M","?","$","R","E","?","T","R","M","M","R","$","R","B",null,"M","$","M","M","M","R","M","E","T","M","R","M","M","M","R","B"],"character_chosen":"IRONCLAD","items_purchased":["Flame Barrier","Pen Nib","Corruption+1","PanicButton","Feel No Pain+1","Pummel","Bandage Up","Dexterity Potion"],"campfire_rested":5,"item_purchase_floors":[5,5,22,22,31,36,36,36],"current_hp_per_floor":[74,74,74,69,69,43,57,65,65,65,50,50,68,71,71,80,80,67,50,47,27,27,51,50,34,34,58,64,52,76,76,76,58,75,76,76,79,80,80,80,52,43,43,35,59,44,53,58,80,0],"gold":174,"neow_bonus":"ONE_RANDOM_RARE_CARD","is_prod":false,"is_daily":false,"chose_seed":false,"campfire_upgraded":3,"win_rate":0,"timestamp":1551438895,"path_taken":["M","?","?","?","$","E","M","E","T","?","E","?","M","M","R","BOSS","M","?","M","?","$","R","E","?","T","R","M","M","R","?","R","BOSS","M","$","M","M","M","R","?","E","T","?","R","M","M","M","R","BOSS"],"build_version":"2019-01-23","purchased_purges":3,"victory":false,"max_hp_per_floor":[80,80,80,80,80,80,80,80,80,80,80,80,80,80,80,80,80,80,80,80,80,80,80,80,80,80,80,80,80,80,80,80,80,80,80,80,80,80,80,80,80,80,80,80,80,80,80,80,80,80],"card_choices":[{"not_picked":["Shrug It Off","Sever Soul"],"picked":"Body Slam","floor":1.0},{"not_picked":["Combust","Spot Weakness"],"picked":"Power Through","floor":4.0},{"not_picked":["Sever Soul","Blood for Blood"],"picked":"Power Through","floor":6.0},{"not_picked":["Wild Strike","Feel No Pain"],"picked":"Sword Boomerang","floor":7.0},{"not_picked":["Power Through","Sword Boomerang","Sentinel"],"picked":"SKIP","floor":8.0},{"not_picked":["True Grit","Infernal Blade"],"picked":"Demon Form","floor":11.0},{"not_picked":["Blood for Blood","Corruption+1"],"picked":"Sever Soul","floor":13.0},{"not_picked":["Iron Wave","Ghostly Armor"],"picked":"Pummel","floor":14.0},{"not_picked":["Bludgeon","Limit Break"],"picked":"Impervious","floor":16.0},{"not_picked":["Hemokinesis","Rampage"],"picked":"Reckless Charge","floor":17.0},{"not_picked":["Wild Strike","Clash"],"picked":"Warcry","floor":17.0},{"not_picked":["Body Slam","Shrug It Off"],"picked":"Fiend Fire","floor":17.0},{"not_picked":["Sentinel","Headbutt"],"picked":"Entrench","floor":17.0},{"not_picked":["Cleave","Perfected Strike"],"picked":"Evolve+1","floor":17.0},{"not_picked":["Infernal Blade","Shockwave+1"],"picked":"Battle Trance+1","floor":18.0},{"not_picked":["Havoc","Sword Boomerang"],"picked":"Reckless Charge","floor":19.0},{"not_picked":["Wild Strike","Warcry+1"],"picked":"Anger+1","floor":20.0},{"not_picked":["Sever Soul","Armaments"],"picked":"Heavy Blade","floor":21.0},{"not_picked":["Uppercut","Rampage+1"],"picked":"Ghostly Armor","floor":24.0},{"not_picked":["Searing Blow","Cleave"],"picked":"Twin Strike+1","floor":28.0},{"not_picked":["Anger","Sword Boomerang"],"picked":"Pummel+1","floor":29.0},{"not_picked":["Brutality+1","Feed"],"picked":"Double Tap","floor":33.0},{"not_picked":["Perfected Strike","Bloodletting+1"],"picked":"Heavy Blade+1","floor":35.0},{"not_picked":["Havoc+1","Perfected Strike+1"],"picked":"Dropkick+1","floor":37.0},{"not_picked":["Anger+1","Pummel+1"],"picked":"Seeing Red+1","floor":38.0},{"not_picked":["Shrug It Off","Twin Strike"],"picked":"Combust+1","floor":39.0},{"not_picked":["Flame Barrier","Disarm"],"picked":"Heavy Blade","floor":41.0},{"not_picked":["Rage","Searing Blow+1","Perfected Strike"],"picked":"SKIP","floor":42.0},{"not_picked":["Perfected Strike","Hemokinesis"],"picked":"Sword Boomerang+1","floor":44.0},{"not_picked":["Uppercut+1","Reaper"],"picked":"Pummel","floor":46.0},{"not_picked":["Heavy Blade+1","Searing Blow"],"picked":"Body Slam+1","floor":47.0},{"not_picked":["Reckless Charge","Perfected Strike+1"],"picked":"Armaments+1","floor":48.0}],"player_experience":794930,"relics_obtained":[{"floor":6.0,"key":"Happy Flower"},{"floor":8.0,"key":"Kunai"},{"floor":9.0,"key":"Art of War"},{"floor":11.0,"key":"Frozen Egg 2"},{"floor":21.0,"key":"Charon\u0027s Ashes"},{"floor":21.0,"key":"Mercury Hourglass"},{"floor":24.0,"key":"Boot"},{"floor":25.0,"key":"Enchiridion"},{"floor":42.0,"key":"Bag of Preparation"},{"floor":43.0,"key":"Sundial"}],"event_choices":[{"damage_healed":0.0,"max_hp_gain":0.0,"max_hp_loss":0.0,"gold_gain":175.0,"event_name":"Liars Game","player_choice":"AGREE","floor":2.0,"gold_loss":0.0,"damage_taken":0.0,"cards_obtained":["Doubt"]},{"cards_removed":["Doubt"],"damage_healed":0.0,"max_hp_gain":0.0,"max_hp_loss":0.0,"gold_gain":0.0,"event_name":"Purifier","player_choice":"Purged","floor":3.0,"gold_loss":0.0,"damage_taken":0.0},{"damage_healed":0.0,"max_hp_gain":0.0,"max_hp_loss":0.0,"gold_gain":0.0,"event_name":"World of Goop","player_choice":"Left Gold","floor":10.0,"gold_loss":27.0,"damage_taken":0.0},{"damage_healed":0.0,"max_hp_gain":0.0,"max_hp_loss":0.0,"gold_gain":0.0,"event_name":"FaceTrader","player_choice":"Trade","floor":12.0,"gold_loss":0.0,"damage_taken":0.0,"relics_obtained":["NlothsMask"]},{"damage_healed":0.0,"max_hp_gain":0.0,"max_hp_loss":0.0,"gold_gain":0.0,"event_name":"Colosseum","player_choice":"Fight","floor":21.0,"gold_loss":0.0,"damage_taken":0.0},{"damage_healed":0.0,"max_hp_gain":0.0,"max_hp_loss":0.0,"gold_gain":0.0,"event_name":"Colosseum","player_choice":"Fought Nobs","floor":21.0,"gold_loss":0.0,"damage_taken":0.0},{"damage_healed":0.0,"max_hp_gain":0.0,"max_hp_loss":0.0,"gold_gain":0.0,"event_name":"Cursed Tome","player_choice":"Obtained Book","floor":25.0,"gold_loss":0.0,"damage_taken":16.0}],"is_beta":false,"boss_relics":[{"not_picked":["Busted Crown","Lizard Tail"],"picked":"Orrery"},{"not_picked":["Astrolabe","White Beast Statue"],"picked":"Cursed Key"}],"items_purged_floors":[5,22,31],"is_endless":false,"potions_floor_spawned":[6,7,11,13,16,21,24,28,33,37,38,39,46],"killed_by":"Donu and Deca","ascension_level":8}