{"gold_per_floor":[114,134,134,84,104,134,8,8,87,87,87,107,127,158,158,262,262,278,291,316,335,335,335,348,348,348,360,372,402,414,53,53,149,149,168,390,439,119,219,249,249,283,309,329,343,343,358,12,12,12],"floor_reached":51,"playtime":10848,"items_purged":["Strike_R","Strike_R","Strike_R"],"score":738,"play_id":"f6131bc8-967d-476f-8aec-a17e676efa04","local_time":"20190104014459","is_ascension_mode":false,"campfire_choices":[{"data":"Armaments","floor":8,"key":"SMITH"},{"floor":11,"key":"REST"},{"data":"Feed","floor":15,"key":"SMITH"},{"data":"Flex","floor":23,"key":"SMITH"},{"floor":28,"key":"REST"},{"floor":30,"key":"REST"},{"floor":32,"key":"REST"},{"floor":46,"key":"REST"},{"data":"Transmutation","floor":49,"key":"SMITH"}],"neow_cost":"NONE","seed_source_timestamp":435423418672522,"circlet_count":0,"master_deck":["Strike_R+1","Defend_R","Defend_R","Defend_R","Bash","Panacea","Rampage+1","Flex","Rage","Armaments+1","Heavy Blade","Inflame","Battle Trance","Feed+1","Juggernaut","Body Slam","Pummel+1","Disarm+1","Flex+1","Searing Blow","Iron Wave+1","Reaper","Sword Boomerang+1","Warcry","True Grit","Transmutation+1","Anger+1","Fiend Fire","Cleave","Shockwave+1","Entrench+1","Spot Weakness"],"relics":["Burning Blood","Bag of Marbles","Pocketwatch","Kunai","Potion Belt","Mark of Pain","Red Mask","Matryoshka","MawBank","Ornamental Fan","Ice Cream","Philosopher\u0027s Stone","Torii","Mango","FossilizedHelix","Ginger","Pear","Anchor"],"potions_floor_usage":[33,37,40,40,40,40,42,42,45,50,50,50,50],"damage_taken":[{"damage":1,"enemies":"Cultist","floor":1,"turns":3},{"damage":7,"enemies":"2 Louse","floor":2,"turns":4},{"damage":0,"enemies":"Small Slimes","floor":5,"turns":3},{"damage":33,"enemies":"3 Sentries","floor":6,"turns":10},{"damage":4,"enemies":"Looter","floor":12,"turns":3},{"damage":8,"enemies":"2 Fungi Beasts","floor":13,"turns":3},{"damage":15,"enemies":"Lagavulin","floor":14,"turns":4},{"damage":21,"enemies":"Hexaghost","floor":16,"turns":8},{"damage":0,"enemies":"Chosen","floor":18,"turns":4},{"damage":17,"enemies":"Shell Parasite","floor":19,"turns":4},{"damage":28,"enemies":"Masked Bandits","floor":20,"turns":4},{"damage":21,"enemies":"Centurion and Healer","floor":21,"turns":7},{"damage":15,"enemies":"Snake Plant","floor":24,"turns":3},{"damage":8,"enemies":"Chosen and Byrds","floor":29,"turns":6},{"damage":29,"enemies":"Champ","floor":33,"turns":9},{"damage":7,"enemies":"Orb Walker","floor":35,"turns":3},{"damage":35,"enemies":"2 Orb Walkers","floor":37,"turns":4},{"damage":22,"enemies":"Mind Bloom Boss Battle","floor":39,"turns":5},{"damage":37,"enemies":"Giant Head","floor":40,"turns":8},{"damage":55,"enemies":"Nemesis","floor":42,"turns":7},{"damage":25,"enemies":"3 Darklings","floor":44,"turns":6},{"damage":0,"enemies":"Transient","floor":45,"turns":5},{"damage":0,"enemies":"Sphere and 2 Shapes","floor":47,"turns":4},{"damage":63,"enemies":"Donu and Deca","floor":50,"turns":9}],"seed_played":"6731446068463451113","potions_obtained":[{"floor":1,"key":"SkillPotion"},{"floor":6,"key":"GamblersBrew"},{"floor":13,"key":"Strength Potion"},{"floor":18,"key":"FearPotion"},{"floor":24,"key":"Swift Potion"},{"floor":33,"key":"Weak Potion"},{"floor":39,"key":"SkillPotion"},{"floor":40,"key":"GamblersBrew"},{"floor":42,"key":"Fire Potion"},{"floor":47,"key":"GamblersBrew"}],"is_trial":false,"path_per_floor":["M","M","?","?","M","E","$","R","T","?","R","M","M","E","R","B",null,"M","M","?","M","?","R","M","?","T","?","R","M","R","$","R","B",null,"M","?","?","$","?","E","?","E","T","M","M","R","M","$","R","B",null],"character_chosen":"IRONCLAD","items_purchased":["Heavy Blade","Regen Potion","Ice Cream","True Grit","Transmutation","Spot Weakness","Swift Potion","AttackPotion","AttackPotion"],"campfire_rested":5,"item_purchase_floors":[7,31,31,38,38,48,48,48,48],"current_hp_per_floor":[80,79,76,76,80,53,53,53,53,37,61,63,61,52,52,41,84,84,77,55,44,44,44,35,35,35,17,46,48,78,78,101,78,101,100,100,71,71,85,71,71,28,38,39,45,82,97,97,97,56],"gold":12,"neow_bonus":"RANDOM_COLORLESS","is_prod":false,"is_daily":false,"chose_seed":false,"campfire_upgraded":4,"win_rate":0.0,"timestamp":1546526699,"path_taken":["M","M","?","?","M","E","$","R","T","?","R","M","M","E","R","BOSS","M","M","?","M","?","R","?","?","T","?","R","?","R","$","R","BOSS","M","?","?","$","?","E","?","E","T","M","M","R","M","$","R","BOSS"],"build_version":"2018-12-20","purchased_purges":3,"victory":true,"max_hp_per_floor":[80,80,80,80,80,80,80,80,80,80,80,80,80,80,80,84,84,84,88,88,92,92,92,92,92,92,97,97,101,101,101,101,101,101,101,101,101,101,115,115,115,115,125,125,125,125,125,125,125,125],"card_choices":[{"not_picked":["Shrug It Off","Clash"],"picked":"Rampage","floor":1},{"not_picked":["Perfected Strike","Heavy Blade"],"picked":"Flex","floor":2},{"not_picked":["Ghostly Armor","Whirlwind"],"picked":"Rage","floor":5},{"not_picked":["Body Slam","Brutality"],"picked":"Armaments","floor":6},{"not_picked":["Flex","Headbutt"],"picked":"Inflame","floor":12},{"not_picked":["Clash","Rampage"],"picked":"Battle Trance","floor":13},{"not_picked":["Cleave","Hemokinesis"],"picked":"Feed","floor":14},{"not_picked":["Bludgeon","Feed"],"picked":"Juggernaut","floor":16},{"not_picked":["Armaments","Clothesline"],"picked":"Body Slam","floor":18},{"not_picked":["Carnage","Thunderclap"],"picked":"Pummel+1","floor":19},{"not_picked":["True Grit","Hemokinesis"],"picked":"Disarm+1","floor":20},{"not_picked":["Clothesline+1","True Grit"],"picked":"Flex","floor":21},{"not_picked":["Body Slam","Rupture+1"],"picked":"Searing Blow","floor":24},{"not_picked":["Twin Strike","Berserk"],"picked":"Iron Wave+1","floor":29},{"not_picked":["Double Tap","Offering"],"picked":"Reaper","floor":33},{"not_picked":["Headbutt+1","Warcry"],"picked":"Sword Boomerang+1","floor":35},{"not_picked":["Perfected Strike+1","Flex"],"picked":"Warcry","floor":37},{"not_picked":["Twin Strike","Clothesline+1"],"picked":"Anger+1","floor":39},{"not_picked":["Armaments+1","Shockwave+1"],"picked":"Fiend Fire","floor":40},{"not_picked":["Burning Pact","Uppercut","Searing Blow"],"picked":"SKIP","floor":42},{"not_picked":["Warcry+1","Bloodletting"],"picked":"Cleave","floor":44},{"not_picked":["Fire Breathing","Heavy Blade+1"],"picked":"Shockwave+1","floor":45},{"not_picked":["Iron Wave+1","Heavy Blade+1"],"picked":"Entrench+1","floor":47}],"player_experience":60178,"relics_obtained":[{"floor":6,"key":"Pocketwatch"},{"floor":9,"key":"Kunai"},{"floor":14,"key":"Potion Belt"},{"floor":20,"key":"Red Mask"},{"floor":26,"key":"MawBank"},{"floor":26,"key":"Ornamental Fan"},{"floor":37,"key":"Torii"},{"floor":39,"key":"Mango"},{"floor":40,"key":"FossilizedHelix"},{"floor":42,"key":"Ginger"},{"floor":43,"key":"Pear"},{"floor":43,"key":"Anchor"}],"event_choices":[{"damage_healed":0,"gold_gain":0,"player_choice":"Success","damage_taken":3,"relics_obtained":["Bag of Marbles"],"max_hp_gain":0,"max_hp_loss":0,"event_name":"Scrap Ooze","floor":3,"gold_loss":0},{"cards_removed":["Strike_R"],"damage_healed":0,"gold_gain":0,"player_choice":"Card Removal","damage_taken":0,"max_hp_gain":0,"max_hp_loss":0,"event_name":"The Cleric","floor":4,"gold_loss":50},{"damage_healed":0,"gold_gain":0,"player_choice":"Entered Light","damage_taken":16,"max_hp_gain":0,"max_hp_loss":0,"event_name":"Shining Light","floor":10,"gold_loss":0,"cards_upgraded":["Strike_R","Rampage"]},{"damage_healed":0,"gold_gain":0,"player_choice":"Fought Bandits","damage_taken":0,"max_hp_gain":0,"max_hp_loss":0,"event_name":"Masked Bandits","floor":20,"gold_loss":0},{"damage_healed":0,"gold_gain":0,"player_choice":"Gave Potion","damage_taken":0,"relics_obtained":["Matryoshka"],"max_hp_gain":0,"max_hp_loss":0,"event_name":"WeMeetAgain","floor":22,"gold_loss":0},{"damage_healed":0,"gold_gain":0,"player_choice":"Ignored","damage_taken":0,"max_hp_gain":0,"max_hp_loss":0,"event_name":"Vampires","floor":25,"gold_loss":0},{"damage_healed":0,"gold_gain":0,"player_choice":"Shed Blood","damage_taken":23,"max_hp_gain":5,"max_hp_loss":0,"event_name":"Forgotten Altar","floor":27,"gold_loss":0},{"damage_healed":0,"gold_gain":222,"player_choice":"Wore Mask","damage_taken":0,"max_hp_gain":0,"max_hp_loss":0,"event_name":"Tomb of Lord Red Mask","floor":36,"gold_loss":0},{"damage_healed":0,"gold_gain":0,"player_choice":"Fight","damage_taken":0,"max_hp_gain":0,"max_hp_loss":0,"event_name":"Mysterious Sphere","floor":37,"gold_loss":0},{"damage_healed":0,"gold_gain":0,"player_choice":"Fight","damage_taken":0,"max_hp_gain":0,"max_hp_loss":0,"event_name":"MindBloom","floor":39,"gold_loss":0},{"cards_removed":["Defend_R"],"damage_healed":0,"gold_gain":0,"player_choice":"Removed Skill","damage_taken":0,"max_hp_gain":0,"max_hp_loss":0,"event_name":"Falling","floor":41,"gold_loss":0}],"is_beta":false,"boss_relics":[{"not_picked":["Eternal Feather","Busted Crown"],"picked":"Mark of Pain"},{"not_picked":["White Beast Statue","Black Star"],"picked":"Philosopher\u0027s Stone"}],"items_purged_floors":[7,38,48],"is_endless":false,"potions_floor_spawned":[1,6,13,18,24,33,39,40,42,47],"ascension_level":0}