{"gold_per_floor":[363,12,24,40,40,40,76,90,117,186,199,199,199,18,18,114,114,139,154,22,36,50,50,50,50,50,50,65,100,0,24,24,24],"floor_reached":33,"playtime":1314,"items_purged":["Strike_G","Strike_G"],"score":499,"play_id":"1ecaec1d-7dd9-4ff2-a3af-3b04263bf805","local_time":"20190529020102","is_ascension_mode":true,"campfire_choices":[{"data":"Neutralize","floor":6,"key":"SMITH"},{"data":"Footwork","floor":13,"key":"SMITH"},{"floor":15,"key":"REST"},{"data":"Survivor","floor":23,"key":"SMITH"},{"data":"Dagger Spray","floor":25,"key":"SMITH"},{"data":"Defend_G","floor":27,"key":"SMITH"},{"data":"Defend_G","floor":32,"key":"SMITH"}],"neow_cost":"TEN_PERCENT_HP_LOSS","seed_source_timestamp":33006853390320,"circlet_count":0,"master_deck":["AscendersBane","Defend_G+1","Defend_G+1","Defend_G","Defend_G","Defend_G","Strike_G","Strike_G","Strike_G","Survivor+1","Neutralize+1","Cloak And Dagger+1","Flying Knee","Dodge and Roll+1","PiercingWail+1","Corpse Explosion+1","Footwork+1","Deadly Poison+1","Dodge and Roll+1","Deadly Poison+1","Backstab","Good Instincts+1","Night Terror+1","Terror+1","Deadly Poison+1","Cloak And Dagger+1","Dagger Spray+1","Deflect+1","Venomology+1"],"relics":["Ring of the Snake","Toxic Egg 2","Golden Idol","Vajra","Lantern","Tiny Chest","Coffee Dripper","Smiling Mask","Calipers"],"potions_floor_usage":[7,7,29,31,33,33,33],"damage_taken":[{"damage":0,"enemies":"Cultist","floor":1,"turns":5},{"damage":0,"enemies":"Small Slimes","floor":3,"turns":4},{"damage":1,"enemies":"Jaw Worm","floor":4,"turns":4},{"damage":43,"enemies":"Lagavulin","floor":7,"turns":12},{"damage":2,"enemies":"Looter","floor":8,"turns":3},{"damage":13,"enemies":"3 Sentries","floor":10,"turns":4},{"damage":0,"enemies":"2 Fungi Beasts","floor":11,"turns":3},{"damage":25,"enemies":"Slime Boss","floor":16,"turns":18},{"damage":3,"enemies":"2 Thieves","floor":18,"turns":5},{"damage":0,"enemies":"3 Byrds","floor":19,"turns":2},{"damage":14,"enemies":"Centurion and Healer","floor":21,"turns":5},{"damage":0,"enemies":"3 Cultists","floor":22,"turns":3},{"damage":0,"enemies":"Cultist and Chosen","floor":28,"turns":4},{"damage":20,"enemies":"Book of Stabbing","floor":29,"turns":5},{"damage":0,"enemies":"Snecko","floor":31,"turns":6},{"damage":50,"enemies":"Automaton","floor":33,"turns":6}],"seed_played":"5040646217750351622","potions_obtained":[{"floor":3,"key":"Regen Potion"},{"floor":4,"key":"Regen Potion"},{"floor":7,"key":"Ancient Potion"},{"floor":16,"key":"Dexterity Potion"}],"is_trial":false,"path_per_floor":["M","$","M","M","?","R","E","M","T","E","M","?","R","$","R","B",null,"M","M","$","M","M","R","$","R","T","R","M","E","$","M","R","B"],"character_chosen":"THE_SILENT","items_purchased":["Toxic Egg 2","Cloak And Dagger+1","Flying Knee","Deadly Poison+1","Backstab","Good Instincts+1","Deadly Poison+1","Deflect+1"],"campfire_rested":1,"item_purchase_floors":[2,2,2,14,14,14,20,30],"current_hp_per_floor":[59,59,59,58,58,58,55,53,53,40,40,40,40,40,58,33,53,50,50,50,36,36,36,36,36,36,36,36,16,16,16,16,0],"gold":24,"neow_bonus":"TWO_FIFTY_GOLD","is_prod":false,"is_daily":false,"chose_seed":false,"campfire_upgraded":6,"win_rate":0,"timestamp":1559088062,"path_taken":["M","$","M","M","?","R","E","M","T","E","M","?","R","$","R","BOSS","M","M","?","?","M","R","$","R","T","R","M","E","$","M","R","BOSS"],"build_version":"2019-01-23","purchased_purges":2,"victory":false,"max_hp_per_floor":[60,60,60,60,60,60,60,60,60,60,60,60,60,60,60,60,60,60,60,60,60,60,60,60,60,60,60,60,60,60,60,60,60],"card_choices":[{"not_picked":["Sucker Punch","Prepared","Distraction"],"picked":"SKIP","floor":1},{"not_picked":["Poisoned Stab","Tactician+1"],"picked":"Dodge and Roll+1","floor":3},{"not_picked":["Outmaneuver+1","Skewer"],"picked":"PiercingWail+1","floor":4},{"not_picked":["After Image","Caltrops"],"picked":"Corpse Explosion+1","floor":7},{"not_picked":["Setup+1","Quick Slash"],"picked":"Footwork","floor":8},{"not_picked":["Outmaneuver+1","Prepared+1"],"picked":"Deadly Poison+1","floor":10},{"not_picked":["Outmaneuver+1","Poisoned Stab"],"picked":"Dodge and Roll+1","floor":11},{"not_picked":["Wraith Form v2","Unload"],"picked":"Night Terror+1","floor":16},{"not_picked":["Quick Slash","Finisher","Poisoned Stab"],"picked":"SKIP","floor":18},{"not_picked":["Quick Slash","Distraction+1"],"picked":"Terror+1","floor":19},{"not_picked":["Dodge and Roll+1","Blade Dance+1"],"picked":"Cloak And Dagger+1","floor":21},{"not_picked":["Reflex+1","Masterful Stab"],"picked":"Dagger Spray","floor":22},{"not_picked":["Endless Agony","Skewer","Tactician+1"],"picked":"SKIP","floor":28},{"not_picked":["Underhanded Strike","Masterful Stab","Finisher"],"picked":"SKIP","floor":29},{"not_picked":["Backflip+1","Calculated Gamble+1"],"picked":"Venomology+1","floor":31}],"player_experience":699364,"relics_obtained":[{"floor":7,"key":"Vajra"},{"floor":9,"key":"Lantern"},{"floor":10,"key":"Tiny Chest"},{"floor":26,"key":"Smiling Mask"},{"floor":29,"key":"Calipers"}],"event_choices":[{"damage_healed":0,"gold_gain":0,"player_choice":"Take Wound","damage_taken":0,"relics_obtained":["Golden Idol"],"max_hp_gain":0,"max_hp_loss":0,"event_name":"Golden Idol","floor":5,"gold_loss":0,"cards_obtained":["Injury"]},{"cards_removed":["Injury"],"damage_healed":0,"gold_gain":0,"player_choice":"Purged","damage_taken":0,"max_hp_gain":0,"max_hp_loss":0,"event_name":"Purifier","floor":12,"gold_loss":0}],"is_beta":false,"boss_relics":[{"not_picked":["WristBlade","Tiny House"],"picked":"Coffee Dripper"}],"items_purged_floors":[20,30],"is_endless":false,"potions_floor_spawned":[3,4,7,16,18,19],"killed_by":"Automaton","ascension_level":16}