{"gold_per_floor":[111,186,206,216,23,50,50,84,109,140,140,140,175,195,195,300,300,313,313,170,170,95,122,122,22,22,22,56,76,76,107,107,212,212,223,24,24,1023,1071,1071,1071,1071,1071,1071,98,98,116,136,136,136],"floor_reached":50,"playtime":5608,"items_purged":["Strike_R","Strike_R","Strike_R"],"score":672,"play_id":"4e26d71b-821b-4238-8344-c6097f08a5c4","local_time":"20190208224320","is_ascension_mode":true,"campfire_choices":[{"floor":7,"key":"REST"},{"floor":12,"key":"REST"},{"floor":15,"key":"REST"},{"data":"Heavy Blade","floor":24,"key":"SMITH"},{"data":"Bash","floor":27,"key":"SMITH"},{"data":"Searing Blow+1","floor":30,"key":"SMITH"},{"data":"Shockwave","floor":32,"key":"SMITH"},{"floor":40,"key":"REST"},{"data":"Chrysalis","floor":41,"key":"SMITH"},{"data":"Searing Blow+2","floor":42,"key":"SMITH"},{"data":"Impervious","floor":44,"key":"SMITH"},{"floor":49,"key":"REST"}],"neow_cost":"NONE","seed_source_timestamp":272072537686073,"circlet_count":0,"master_deck":["Strike_R+1","Strike_R+1","Defend_R","Defend_R","Defend_R","Bash+1","Entrench","Spot Weakness","Evolve","Shockwave","Heavy Blade+1","Ghostly Armor","Anger+1","Pommel Strike+1","Exhume","Impervious+1","Dual Wield+1","Searing Blow+3","Shockwave+1","Body Slam+1","Infernal Blade","Combust+1","Double Tap","Armaments","Clothesline+1","Chrysalis+1","Normality","Wild Strike+1","Mayhem","Fire Breathing","Wild Strike+1","Jack Of All Trades","Feed+1","Heavy Blade+1","Uppercut+1","Corruption+1"],"special_seed":0,"relics":["Burning Blood","Omamori","Centennial Puzzle","PreservedInsect","Whetstone","Molten Egg 2","Vajra","Happy Flower","Snecko Eye","Unceasing Top","Orichalcum","Boot","Regal Pillow","Bronze Scales","Bottled Flame","Mark of Pain","WingedGreaves","Sundial","Anchor","Blood Vial"],"potions_floor_usage":[4,4,8,13,16,33,50,50,50],"damage_taken":[{"damage":6,"enemies":"2 Louse","floor":1,"turns":3},{"damage":9,"enemies":"Small Slimes","floor":3,"turns":4},{"damage":0,"enemies":"Cultist","floor":4,"turns":2},{"damage":41,"enemies":"Lagavulin","floor":6,"turns":9},{"damage":29,"enemies":"Gremlin Nob","floor":8,"turns":4},{"damage":19,"enemies":"3 Sentries","floor":10,"turns":5},{"damage":15,"enemies":"Lagavulin","floor":13,"turns":3},{"damage":3,"enemies":"Blue Slaver","floor":14,"turns":3},{"damage":48,"enemies":"Slime Boss","floor":16,"turns":9},{"damage":10,"enemies":"2 Thieves","floor":18,"turns":3},{"damage":17,"enemies":"Book of Stabbing","floor":23,"turns":4},{"damage":18,"enemies":"Slavers","floor":28,"turns":5},{"damage":0,"enemies":"Chosen","floor":29,"turns":3},{"damage":12,"enemies":"Gremlin Leader","floor":31,"turns":5},{"damage":35,"enemies":"Collector","floor":33,"turns":7},{"damage":0,"enemies":"Orb Walker","floor":35,"turns":1},{"damage":37,"enemies":"2 Orb Walkers","floor":39,"turns":4},{"damage":12,"enemies":"3 Darklings","floor":47,"turns":5},{"damage":20,"enemies":"Maw","floor":48,"turns":7},{"damage":83,"enemies":"Time Eater","floor":50,"turns":7}],"seed_played":"7585930518586012222","potions_obtained":[{"floor":1,"key":"Strength Potion"},{"floor":3,"key":"PowerPotion"},{"floor":4,"key":"Energy Potion"},{"floor":6,"key":"Energy Potion"},{"floor":13,"key":"SteroidPotion"},{"floor":18,"key":"Energy Potion"},{"floor":29,"key":"SteroidPotion"},{"floor":47,"key":"Energy Potion"}],"is_trial":false,"path_per_floor":["M","?","M","M","$","E","R","E","T","E","?","R","E","M","R","B",null,"M","?","$","?","?","E","R","$","T","R","E","M","R","E","R","B",null,"M","$","?","?","?","R","R","R","T","R","$","?","M","M","R","B"],"character_chosen":"IRONCLAD","items_purchased":["Shockwave","Omamori","Searing Blow+1","Clothesline+1","Chrysalis","Mayhem","SkillPotion","Dexterity Potion","Fire Breathing","Wild Strike+1","Anchor","Blood Vial","Jack Of All Trades","Feed+1"],"campfire_rested":5,"item_purchase_floors":[5,5,20,36,36,45,45,45,45,45,45,45,45,45],"current_hp_per_floor":[80,69,66,72,72,37,61,38,38,25,18,42,33,36,60,18,80,76,76,76,76,76,65,65,65,65,65,53,59,59,53,53,24,80,80,80,80,80,49,80,80,80,80,80,80,80,74,62,80,0],"gold":136,"neow_bonus":"RANDOM_COLORLESS","is_prod":false,"is_daily":false,"chose_seed":false,"campfire_upgraded":7,"win_rate":0,"timestamp":1549626200,"path_taken":["M","?","M","M","$","E","R","E","T","E","?","R","E","M","R","BOSS","M","?","?","?","?","E","R","$","T","R","E","M","R","E","R","BOSS","M","$","?","?","?","R","R","R","T","R","$","?","M","M","R","BOSS"],"build_version":"2019-01-23","purchased_purges":3,"victory":false,"max_hp_per_floor":[80,80,80,80,80,80,80,80,80,80,80,80,80,80,80,80,80,80,80,80,80,80,80,80,80,80,80,80,80,80,80,80,80,80,80,80,80,80,80,80,80,80,80,80,80,80,80,80,80,80],"card_choices":[{"not_picked":["True Grit","Bloodletting"],"picked":"Entrench","floor":1},{"not_picked":["Sword Boomerang","True Grit"],"picked":"Spot Weakness","floor":3},{"not_picked":["Shockwave","Fire Breathing"],"picked":"Evolve","floor":4},{"not_picked":["Sentinel","Anger"],"picked":"Heavy Blade","floor":6},{"not_picked":["Seeing Red","Blood for Blood"],"picked":"Ghostly Armor","floor":8},{"not_picked":["Shrug It Off","Headbutt"],"picked":"Anger","floor":10},{"not_picked":["Havoc","Rampage+1"],"picked":"Pommel Strike+1","floor":13},{"not_picked":["Feel No Pain","True Grit"],"picked":"Exhume","floor":14},{"not_picked":["Brutality","Exhume"],"picked":"Impervious","floor":16},{"not_picked":["Combust","Sword Boomerang+1"],"picked":"Dual Wield+1","floor":18},{"not_picked":["Flex","Clash+1"],"picked":"Shockwave","floor":23},{"not_picked":["Battle Trance","Warcry"],"picked":"Body Slam+1","floor":28},{"not_picked":["Cleave+1","Clash+1"],"picked":"Infernal Blade","floor":29},{"not_picked":["Wild Strike+1","Sentinel"],"picked":"Combust+1","floor":31},{"not_picked":["Exhume","Brutality"],"picked":"Double Tap","floor":33},{"not_picked":["Havoc+1","Bloodletting+1"],"picked":"Armaments","floor":35},{"not_picked":["Pommel Strike+1","Brutality"],"picked":"Wild Strike+1","floor":39},{"not_picked":["Headbutt+1","Thunderclap+1"],"picked":"Uppercut+1","floor":47},{"not_picked":["Clash+1","Disarm+1"],"picked":"Corruption+1","floor":48}],"player_experience":288343,"relics_obtained":[{"floor":6,"key":"Centennial Puzzle"},{"floor":8,"key":"PreservedInsect"},{"floor":9,"key":"Whetstone"},{"floor":10,"key":"Molten Egg 2"},{"floor":13,"key":"Happy Flower"},{"floor":23,"key":"Boot"},{"floor":26,"key":"Regal Pillow"},{"floor":28,"key":"Bronze Scales"},{"floor":31,"key":"Bottled Flame"},{"floor":39,"key":"WingedGreaves"},{"floor":43,"key":"Sundial"}],"event_choices":[{"damage_healed":0,"gold_gain":75,"player_choice":"Gather Gold","damage_taken":11,"max_hp_gain":0,"max_hp_loss":0,"event_name":"World of Goop","floor":2,"gold_loss":0},{"damage_healed":0,"gold_gain":0,"player_choice":"Success","damage_taken":7,"relics_obtained":["Vajra"],"max_hp_gain":0,"max_hp_loss":0,"event_name":"Scrap Ooze","floor":11,"gold_loss":0},{"damage_healed":0,"gold_gain":0,"player_choice":"Gave Potion","damage_taken":0,"relics_obtained":["Unceasing Top"],"max_hp_gain":0,"max_hp_loss":0,"event_name":"WeMeetAgain","floor":19,"gold_loss":0},{"damage_healed":0,"gold_gain":0,"player_choice":"Stole Relic","damage_taken":0,"relics_obtained":["Orichalcum"],"max_hp_gain":0,"max_hp_loss":0,"event_name":"Addict","floor":21,"gold_loss":0,"cards_obtained":["Shame"]},{"cards_removed":["Defend_R"],"damage_healed":0,"gold_gain":0,"player_choice":"Gave Gold","damage_taken":0,"max_hp_gain":0,"max_hp_loss":0,"event_name":"Beggar","floor":22,"gold_loss":75},{"cards_removed":["Blind"],"damage_healed":0,"gold_gain":0,"player_choice":"Removed Skill","damage_taken":0,"max_hp_gain":0,"max_hp_loss":0,"event_name":"Falling","floor":37,"gold_loss":0},{"damage_healed":0,"gold_gain":999,"player_choice":"Gold","damage_taken":0,"max_hp_gain":0,"max_hp_loss":0,"event_name":"MindBloom","floor":38,"gold_loss":0,"cards_obtained":["Normality","Normality"]},{"damage_healed":0,"gold_gain":0,"player_choice":"Fight","damage_taken":0,"max_hp_gain":0,"max_hp_loss":0,"event_name":"Mysterious Sphere","floor":39,"gold_loss":0},{"damage_healed":0,"gold_gain":0,"player_choice":"Copied","damage_taken":0,"max_hp_gain":0,"max_hp_loss":0,"event_name":"Duplicator","floor":46,"gold_loss":0,"cards_obtained":["Heavy Blade"]}],"is_beta":false,"boss_relics":[{"not_picked":["White Beast Statue","Philosopher\u0027s Stone"],"picked":"Snecko Eye"},{"not_picked":["Pandora\u0027s Box","Runic Pyramid"],"picked":"Mark of Pain"}],"items_purged_floors":[20,25,45],"is_endless":false,"potions_floor_spawned":[1,3,4,6,13,18,29,47,48],"killed_by":"Time Eater","ascension_level":4}