{"gold_per_floor":[116,41,41,12,24,24,57,57,131,131,150,160,195,213,213,286,286,298,313,313,313,313],"floor_reached":22,"playtime":925,"items_purged":[],"score":394,"play_id":"f94d2e1e-cb7e-44c6-9801-fd41cd60e6c7","local_time":"20190514114844","is_ascension_mode":true,"campfire_choices":[{"data":"Neutralize","floor":6,"key":"SMITH"},{"data":"Dagger Throw","floor":10,"key":"SMITH"},{"floor":15,"key":"REST"}],"neow_cost":"NONE","seed_source_timestamp":1682691831949987,"circlet_count":0,"master_deck":["AscendersBane","Defend_G+1","Defend_G","Defend_G+1","Defend_G","Defend_G","Strike_G","Strike_G","Strike_G","Strike_G","Survivor","Neutralize+1","Dagger Throw+1","PiercingWail","Infinite Blades","Noxious Fumes","Dash","Die Die Die","Crippling Poison","Cloak And Dagger","Glass Knife","Well Laid Plans","Predator","Leg Sweep","Flying Knee","Cloak And Dagger","Wraith Form v2"],"relics":["Ring of the Snake","NeowsBlessing","Dream Catcher","Gremlin Horn","Omamori","Orrery","MutagenicStrength"],"potions_floor_usage":[8,16,16,19,22],"damage_taken":[{"damage":0,"enemies":"2 Louse","floor":1,"turns":1},{"damage":0,"enemies":"Small Slimes","floor":5,"turns":1},{"damage":0,"enemies":"Gremlin Nob","floor":7,"turns":1},{"damage":0,"enemies":"Cultist","floor":11,"turns":4},{"damage":0,"enemies":"2 Fungi Beasts","floor":12,"turns":3},{"damage":21,"enemies":"3 Sentries","floor":13,"turns":8},{"damage":0,"enemies":"Blue Slaver","floor":14,"turns":5},{"damage":34,"enemies":"Slime Boss","floor":16,"turns":10},{"damage":16,"enemies":"Spheric Guardian","floor":18,"turns":7},{"damage":3,"enemies":"3 Byrds","floor":19,"turns":4},{"damage":35,"enemies":"Colosseum Slavers","floor":20,"turns":7},{"damage":5,"enemies":"Snecko","floor":22,"turns":3}],"seed_played":"-5056033058954691983","potions_obtained":[{"floor":1,"key":"SkillPotion"},{"floor":7,"key":"EssenceOfSteel"},{"floor":8,"key":"Fruit Juice"},{"floor":8,"key":"FearPotion"},{"floor":14,"key":"AttackPotion"},{"floor":18,"key":"LiquidBronze"},{"floor":19,"key":"GamblersBrew"}],"is_trial":false,"path_per_floor":["M","?","?","$","M","R","E","?","T","R","M","M","E","M","R","B",null,"M","M","?","?","M"],"character_chosen":"THE_SILENT","items_purchased":["PiercingWail"],"campfire_rested":1,"item_purchase_floors":[4],"current_hp_per_floor":[59,59,39,39,39,39,39,44,44,44,44,44,23,23,44,10,56,40,37,2,2,0],"gold":313,"neow_bonus":"THREE_ENEMY_KILL","is_prod":false,"is_daily":false,"chose_seed":false,"campfire_upgraded":2,"win_rate":0,"timestamp":1557856124,"path_taken":["M","?","?","$","M","R","E","?","T","R","M","M","E","M","R","BOSS","M","M","?","?","M"],"build_version":"2019-01-23","purchased_purges":0,"victory":false,"max_hp_per_floor":[66,66,66,66,66,66,66,71,71,71,71,71,71,71,71,71,71,71,71,71,71,71],"card_choices":[{"not_picked":["PiercingWail","Catalyst"],"picked":"Dagger Throw","floor":1},{"not_picked":["Endless Agony","Deflect","Setup"],"picked":"SKIP","floor":5},{"not_picked":["Wraith Form v2","Slice"],"picked":"Infinite Blades","floor":7},{"not_picked":["Quick Slash","Bouncing Flask"],"picked":"Noxious Fumes","floor":11},{"not_picked":["Bane","Escape Plan"],"picked":"Dash","floor":12},{"not_picked":["Deflect","Dagger Spray"],"picked":"Die Die Die","floor":13},{"not_picked":["Calculated Gamble","Flying Knee"],"picked":"Crippling Poison","floor":14},{"not_picked":["Expertise","Outmaneuver"],"picked":"Cloak And Dagger","floor":15},{"not_picked":["Unload","Doppelganger"],"picked":"Glass Knife","floor":16},{"not_picked":["Blade Dance","PiercingWail"],"picked":"Well Laid Plans","floor":17},{"not_picked":["Concentrate","Skewer"],"picked":"Predator","floor":17},{"not_picked":["Flying Knee","Quick Slash"],"picked":"Leg Sweep","floor":17},{"not_picked":["Heel Hook","Acrobatics"],"picked":"Flying Knee","floor":17},{"not_picked":["Prepared","Blade Dance"],"picked":"Cloak And Dagger","floor":18},{"not_picked":["Dagger Throw","Blade Dance"],"picked":"Wraith Form v2","floor":19}],"player_experience":902260,"relics_obtained":[{"floor":7,"key":"Dream Catcher"},{"floor":9,"key":"Gremlin Horn"},{"floor":13,"key":"Omamori"}],"event_choices":[{"cards_removed":["Strike_G"],"damage_healed":0,"gold_gain":0,"player_choice":"Card Removal","damage_taken":0,"max_hp_gain":0,"max_hp_loss":0,"event_name":"The Cleric","floor":2,"gold_loss":75},{"damage_healed":0,"gold_gain":0,"player_choice":"Entered Light","damage_taken":20,"max_hp_gain":0,"max_hp_loss":0,"event_name":"Shining Light","floor":3,"gold_loss":0,"cards_upgraded":["Defend_G","Defend_G"]},{"damage_healed":0,"gold_gain":0,"player_choice":"Got Potions","damage_taken":0,"max_hp_gain":0,"max_hp_loss":0,"event_name":"Lab","floor":8,"gold_loss":0},{"damage_healed":0,"gold_gain":0,"player_choice":"Fight","damage_taken":0,"max_hp_gain":0,"max_hp_loss":0,"event_name":"Colosseum","floor":20,"gold_loss":0},{"damage_healed":0,"gold_gain":0,"player_choice":"Fled From Nobs","damage_taken":0,"max_hp_gain":0,"max_hp_loss":0,"event_name":"Colosseum","floor":20,"gold_loss":0},{"damage_healed":0,"gold_gain":0,"player_choice":"Inject Mutagens","damage_taken":0,"relics_obtained":["MutagenicStrength"],"max_hp_gain":0,"max_hp_loss":0,"event_name":"Drug Dealer","floor":21,"gold_loss":0}],"is_beta":false,"boss_relics":[{"not_picked":["Busted Crown","Runic Dome"],"picked":"Orrery"}],"items_purged_floors":[],"is_endless":false,"potions_floor_spawned":[1,7,13,14,18,19],"killed_by":"Snecko","ascension_level":16}