{"gold_per_floor":[117,292,567,584,70,70,95,108,132,157,172,182,200,233,233,336,336,346,4,4,279,293,293,305,336,362,362],"floor_reached":27,"playtime":2747,"items_purged":["Regret","Doubt"],"score":359,"play_id":"634ec0e9-3da8-48b0-8474-c1a94b5ec541","local_time":"20190219125918","is_ascension_mode":true,"campfire_choices":[{"data":"Crippling Poison","floor":6.0,"key":"SMITH"},{"floor":15.0,"key":"REST"},{"floor":23.0,"key":"REST"}],"neow_cost":"NONE","seed_source_timestamp":471771297625125,"circlet_count":0,"master_deck":["Defend_G","Defend_G","Defend_G","Defend_G","Defend_G","Strike_G","Strike_G","Strike_G","Survivor","Neutralize","Poisoned Stab","Skewer","Crippling Poison+1","Terror","Outmaneuver","Underhanded Strike","Poisoned Stab","Cloak And Dagger","Backflip","Burst","Backflip","Noxious Fumes","Deadly Poison","Regret","Bane","Quick Slash+1","Acrobatics+1"],"special_seed":0,"relics":["Ring of the Snake","NeowsBlessing","Happy Flower","Matryoshka","Lantern","Smiling Mask","Bag of Marbles","Potion Belt","Nunchaku","Empty Cage","Art of War","The Courier","Pen Nib","Ancient Tea Set"],"potions_floor_usage":[27],"damage_taken":[{"damage":0.0,"enemies":"2 Louse","floor":1.0,"turns":1.0},{"damage":0.0,"enemies":"Small Slimes","floor":4.0,"turns":1.0},{"damage":0.0,"enemies":"3 Sentries","floor":7.0,"turns":1.0},{"damage":0.0,"enemies":"Cultist","floor":8.0,"turns":3.0},{"damage":12.0,"enemies":"Lagavulin","floor":10.0,"turns":5.0},{"damage":9.0,"enemies":"Blue Slaver","floor":11.0,"turns":2.0},{"damage":0.0,"enemies":"2 Fungi Beasts","floor":12.0,"turns":1.0},{"damage":0.0,"enemies":"Lots of Slimes","floor":13.0,"turns":3.0},{"damage":28.0,"enemies":"Gremlin Nob","floor":14.0,"turns":5.0},{"damage":34.0,"enemies":"The Guardian","floor":16.0,"turns":15.0},{"damage":13.0,"enemies":"Spheric Guardian","floor":18.0,"turns":4.0},{"damage":17.0,"enemies":"2 Thieves","floor":22.0,"turns":4.0},{"damage":18.0,"enemies":"Snake Plant","floor":24.0,"turns":3.0},{"damage":30.0,"enemies":"Slavers","floor":25.0,"turns":5.0},{"damage":27,"enemies":"Book of Stabbing","floor":27,"turns":5}],"seed_played":"7487911964267878859","potions_obtained":[{"floor":7.0,"key":"Strength Potion"},{"floor":8.0,"key":"SteroidPotion"},{"floor":11.0,"key":"Weak Potion"},{"floor":16.0,"key":"Poison Potion"},{"floor":18.0,"key":"SteroidPotion"},{"floor":22.0,"key":"Strength Potion"},{"floor":24.0,"key":"Regen Potion"}],"is_trial":false,"path_per_floor":["M","?","?","M","$","R","E","M","T","E","M","M","M","E","R","B",null,"M","$","?","?","M","R","M","E","T","E"],"character_chosen":"THE_SILENT","items_purchased":["Happy Flower","Matryoshka","Crippling Poison","Noxious Fumes","Art of War","Deadly Poison","Explosive Potion"],"campfire_rested":2,"item_purchase_floors":[5,5,5,19,19,19,19],"current_hp_per_floor":[70,70,70,70,70,70,70,70,70,58,49,49,49,21,42,8,70,57,57,57,57,40,61,43,27,27,0],"gold":362,"neow_bonus":"THREE_ENEMY_KILL","is_prod":false,"is_daily":false,"chose_seed":false,"campfire_upgraded":1,"win_rate":0,"timestamp":1550541558,"path_taken":["M","?","?","M","$","R","E","M","T","E","M","?","M","E","R","BOSS","M","$","?","?","M","R","?","E","T","E"],"build_version":"2019-01-23","purchased_purges":2,"victory":false,"max_hp_per_floor":[70,70,70,70,70,70,70,70,70,70,70,70,70,70,70,70,70,70,70,70,70,70,70,70,70,70,70],"card_choices":[{"not_picked":["Tactician","Heel Hook"],"picked":"Poisoned Stab","floor":1.0},{"not_picked":["Quick Slash","Blade Dance"],"picked":"Skewer","floor":4.0},{"not_picked":["Backflip","Blade Dance"],"picked":"Terror","floor":7.0},{"not_picked":["Slice","Masterful Stab"],"picked":"Outmaneuver","floor":8.0},{"not_picked":["PiercingWail","Deflect"],"picked":"Underhanded Strike","floor":10.0},{"not_picked":["Storm of Steel","Tactician"],"picked":"Poisoned Stab","floor":11.0},{"not_picked":["Concentrate","Skewer"],"picked":"Cloak And Dagger","floor":12.0},{"not_picked":["PiercingWail","Setup"],"picked":"Backflip","floor":13.0},{"not_picked":["Riddle With Holes","Quick Slash","Eviscerate"],"picked":"SKIP","floor":14.0},{"not_picked":["Tools of the Trade","Corpse Explosion"],"picked":"Burst","floor":16.0},{"not_picked":["Dagger Throw","Prepared"],"picked":"Backflip","floor":18.0},{"not_picked":["Slice","Backflip+1"],"picked":"Bane","floor":22.0},{"not_picked":["Deflect","Acrobatics"],"picked":"Quick Slash+1","floor":24.0},{"not_picked":["Setup","Backflip"],"picked":"Acrobatics+1","floor":25.0}],"player_experience":558550,"relics_obtained":[{"floor":7.0,"key":"Lantern"},{"floor":9.0,"key":"Smiling Mask"},{"floor":9.0,"key":"Bag of Marbles"},{"floor":10.0,"key":"Potion Belt"},{"floor":14.0,"key":"Nunchaku"},{"floor":25.0,"key":"The Courier"},{"floor":26.0,"key":"Pen Nib"},{"floor":26.0,"key":"Ancient Tea Set"}],"event_choices":[{"damage_healed":0.0,"max_hp_gain":0.0,"max_hp_loss":0.0,"gold_gain":175.0,"event_name":"Liars Game","player_choice":"AGREE","floor":2.0,"gold_loss":0.0,"damage_taken":0.0,"cards_obtained":["Doubt"]},{"damage_healed":0.0,"max_hp_gain":0.0,"max_hp_loss":0.0,"gold_gain":275.0,"event_name":"Golden Shrine","player_choice":"Desecrate","floor":3.0,"gold_loss":0.0,"damage_taken":0.0,"cards_obtained":["Regret"]},{"damage_healed":0.0,"max_hp_gain":0.0,"max_hp_loss":0.0,"gold_gain":0.0,"event_name":"Vampires","player_choice":"Ignored","floor":20.0,"gold_loss":0.0,"damage_taken":0.0},{"damage_healed":0.0,"max_hp_gain":0.0,"max_hp_loss":0.0,"gold_gain":275.0,"event_name":"Golden Shrine","player_choice":"Desecrate","floor":21.0,"gold_loss":0.0,"damage_taken":0.0,"cards_obtained":["Regret"]}],"is_beta":false,"boss_relics":[{"not_picked":["Velvet Choker","Eternal Feather"],"picked":"Empty Cage"}],"items_purged_floors":[5,19],"is_endless":false,"potions_floor_spawned":[7,8,11,16,18,22,24],"killed_by":"Book of Stabbing","ascension_level":4}