{"gold_per_floor":[110,110,130,55,71,71,101,101,101,101,101,133,153,173,173,250,250,266,81,97,107,29,29,44,44,44,44,79,34,54,54,54,125,125,141,189,0,0,16,16,16],"floor_reached":41,"playtime":1963,"items_purged":["Strike_B","Strike_B"],"score":733,"play_id":"6cdee1a9-0036-4a85-81de-f7f43a9d19fb","local_time":"20190617175728","is_ascension_mode":true,"campfire_choices":[{"data":"Zap","floor":6.0,"key":"SMITH"},{"floor":10.0,"key":"REST"},{"data":"Static Discharge","floor":15.0,"key":"SMITH"},{"floor":23.0,"key":"REST"},{"data":"Defragment","floor":25.0,"key":"SMITH"},{"data":"Defragment","floor":27.0,"key":"SMITH"},{"data":"Coolheaded","floor":32,"key":"SMITH"},{"data":"Sunder","floor":40,"key":"SMITH"}],"neow_cost":"TEN_PERCENT_HP_LOSS","seed_source_timestamp":6675672709484,"circlet_count":0,"master_deck":["AscendersBane","Defend_B","Defend_B","Defend_B","Defend_B","Zap+1","Hyperbeam+1","Cold Snap","Glacier","Sunder+1","Static Discharge+1","Leap","Machine Learning","Loop+1","Defragment+1","Ball Lightning","Self Repair","Auto Shields+1","Defragment+1","Undo","Turbo","Coolheaded+1","Hologram","Electrodynamics","Stack","Coolheaded"],"special_seed":0,"relics":["FrozenCore","Meat on the Bone","Bag of Preparation","Strawberry","Gremlin Horn","Turnip","Nuclear Battery","Peace Pipe","Red Mask"],"potions_floor_usage":[28,30,41],"damage_taken":[{"damage":0.0,"enemies":"2 Louse","floor":1.0,"turns":2.0},{"damage":7.0,"enemies":"Jaw Worm","floor":3.0,"turns":3.0},{"damage":6.0,"enemies":"Small Slimes","floor":5.0,"turns":3.0},{"damage":18.0,"enemies":"3 Sentries","floor":7.0,"turns":4.0},{"damage":14.0,"enemies":"Gremlin Nob","floor":12.0,"turns":3.0},{"damage":4.0,"enemies":"Red Slaver","floor":13.0,"turns":3.0},{"damage":0.0,"enemies":"Lots of Slimes","floor":14.0,"turns":1.0},{"damage":35.0,"enemies":"Hexaghost","floor":16.0,"turns":9.0},{"damage":18.0,"enemies":"2 Thieves","floor":18.0,"turns":4.0},{"damage":20.0,"enemies":"Shell Parasite","floor":20.0,"turns":5.0},{"damage":31.0,"enemies":"Snake Plant","floor":21.0,"turns":4.0},{"damage":4.0,"enemies":"Centurion and Healer","floor":24.0,"turns":8.0},{"damage":1,"enemies":"Gremlin Leader","floor":28,"turns":8},{"damage":0,"enemies":"Cultist and Chosen","floor":30,"turns":10},{"damage":51,"enemies":"Champ","floor":33,"turns":17},{"damage":8,"enemies":"Orb Walker","floor":35,"turns":5},{"damage":42,"enemies":"2 Orb Walkers","floor":36,"turns":4},{"damage":0,"enemies":"3 Darklings","floor":39,"turns":4},{"damage":51,"enemies":"Nemesis","floor":41,"turns":8}],"seed_played":"-790735764455437952","potions_obtained":[{"floor":5.0,"key":"Energy Potion"},{"floor":12.0,"key":"FocusPotion"},{"floor":16.0,"key":"SpeedPotion"},{"floor":18.0,"key":"FearPotion"},{"floor":33,"key":"FearPotion"},{"floor":35,"key":"Block Potion"}],"is_trial":false,"path_per_floor":["M","?","M","$","M","R","E","?","T","R","?","E","M","M","R","B",null,"M","$","M","M","$","R","M","R","T","R","E","$","M","?","R","B",null,"M","?","?","?","M","R","E"],"character_chosen":"DEFECT","items_purchased":["Defragment","Ball Lightning","Defragment","Coolheaded"],"campfire_rested":2,"item_purchase_floors":[19,19,22,29],"current_hp_per_floor":[64,64,57,57,51,51,33,26,26,45,45,50,46,46,46,23,59,41,41,33,14,14,35,50,50,50,50,56,56,63,63,63,31,61,60,30,30,30,49,49,0],"gold":16,"neow_bonus":"THREE_RARE_CARDS","is_prod":false,"is_daily":false,"chose_seed":false,"campfire_upgraded":6,"win_rate":0,"timestamp":1560787048,"path_taken":["M","?","M","$","M","R","E","?","T","R","?","E","M","?","R","BOSS","M","?","M","M","$","R","?","R","T","R","E","$","M","?","R","BOSS","M","?","?","?","M","R","E"],"build_version":"2019-01-23","purchased_purges":2,"victory":false,"max_hp_per_floor":[64,64,64,64,64,64,64,64,64,64,64,71,71,71,71,71,71,71,71,71,71,71,71,71,71,71,71,71,71,71,71,71,71,71,71,71,71,71,71,71,71],"card_choices":[{"not_picked":["Buffer","Meteor Strike"],"picked":"Hyperbeam","floor":0.0},{"not_picked":["Streamline","Aggregate","Beam Cell"],"picked":"SKIP","floor":1.0},{"not_picked":["Fusion","Streamline"],"picked":"Cold Snap","floor":3.0},{"not_picked":["Double Energy","Hello World"],"picked":"Glacier","floor":5.0},{"not_picked":["Barrage","Beam Cell"],"picked":"Sunder","floor":7.0},{"not_picked":["BootSequence","Sweeping Beam"],"picked":"Static Discharge","floor":12.0},{"not_picked":["Rebound","Turbo","Stack"],"picked":"SKIP","floor":13.0},{"not_picked":["Barrage","FTL"],"picked":"Leap","floor":14.0},{"not_picked":["Fission","Meteor Strike"],"picked":"Machine Learning","floor":16.0},{"not_picked":["Reinforced Body","Steam"],"picked":"Loop+1","floor":18.0},{"not_picked":["Redo","Compile Driver"],"picked":"Self Repair","floor":20.0},{"not_picked":["Beam Cell","Hologram"],"picked":"Auto Shields+1","floor":21.0},{"not_picked":["Turbo","Tempest"],"picked":"Undo","floor":24.0},{"not_picked":["Compile Driver","Streamline"],"picked":"Turbo","floor":28},{"not_picked":["Chill","Leap"],"picked":"Hologram","floor":30},{"not_picked":["Meteor Strike","Machine Learning"],"picked":"Electrodynamics","floor":33},{"not_picked":["Gash","Turbo"],"picked":"Stack","floor":35},{"not_picked":["Rebound","Go for the Eyes"],"picked":"Coolheaded","floor":36},{"not_picked":["Melter","Rebound","FTL"],"picked":"SKIP","floor":39}],"player_experience":780072,"relics_obtained":[{"floor":7.0,"key":"Meat on the Bone"},{"floor":9.0,"key":"Bag of Preparation"},{"floor":12.0,"key":"Strawberry"},{"floor":26.0,"key":"Gremlin Horn"},{"floor":28,"key":"Turnip"},{"floor":36,"key":"Peace Pipe"}],"event_choices":[{"damage_healed":0.0,"max_hp_gain":0.0,"max_hp_loss":0.0,"gold_gain":0.0,"event_name":"Living Wall","player_choice":"Grow","floor":2.0,"gold_loss":0.0,"damage_taken":0.0,"cards_upgraded":["Hyperbeam"]},{"cards_removed":["Strike_B"],"damage_healed":0.0,"max_hp_gain":0.0,"max_hp_loss":0.0,"gold_gain":0.0,"event_name":"Golden Wing","player_choice":"Card Removal","floor":8.0,"gold_loss":0.0,"damage_taken":7.0},{"cards_removed":["Strike_B"],"damage_healed":0.0,"max_hp_gain":0.0,"max_hp_loss":0.0,"gold_gain":0.0,"event_name":"Purifier","player_choice":"Purged","floor":11.0,"gold_loss":0.0,"damage_taken":0.0},{"damage_healed":0,"gold_gain":0,"player_choice":"Ignored","damage_taken":0,"max_hp_gain":0,"max_hp_loss":0,"event_name":"N\u0027loth","floor":31,"gold_loss":0},{"damage_healed":0,"gold_gain":0,"player_choice":"Fight","damage_taken":0,"max_hp_gain":0,"max_hp_loss":0,"event_name":"Mysterious Sphere","floor":36,"gold_loss":0},{"damage_healed":0,"gold_gain":0,"player_choice":"Paid","damage_taken":0,"relics_obtained":["Red Mask"],"max_hp_gain":0,"max_hp_loss":0,"event_name":"Tomb of Lord Red Mask","floor":37,"gold_loss":189},{"cards_removed":["Dualcast"],"damage_healed":0,"gold_gain":0,"player_choice":"Removed Skill","damage_taken":0,"max_hp_gain":0,"max_hp_loss":0,"event_name":"Falling","floor":38,"gold_loss":0}],"is_beta":false,"boss_relics":[{"not_picked":["Pandora\u0027s Box","Calling Bell"],"picked":"FrozenCore"},{"not_picked":["Runic Dome","Runic Pyramid"],"picked":"Nuclear Battery"}],"items_purged_floors":[4,19],"is_endless":false,"potions_floor_spawned":[5,12,13,14,16,18,20,33,35],"killed_by":"Nemesis","ascension_level":15}