{"gold_per_floor":[118,15,32,32,64,106,118,130],"floor_reached":8,"playtime":322,"items_purged":[],"score":78,"play_id":"76732364-6405-4fed-95ca-9ca4e1ed58e0","local_time":"20190616225046","is_ascension_mode":true,"campfire_choices":[{"data":"Infinite Blades","floor":7,"key":"SMITH"}],"neow_cost":"NONE","seed_source_timestamp":869337058560000,"circlet_count":0,"master_deck":["Defend_G","Defend_G","Defend_G","Defend_G","Defend_G","Strike_G","Strike_G","Strike_G","Strike_G","Strike_G","Survivor","Neutralize","Blade Dance","Infinite Blades","Underhanded Strike","Infinite Blades+1","Regret","Cloak And Dagger","Leg Sweep"],"relics":["Ring of the Snake","NeowsBlessing","MawBank","Dodecahedron"],"potions_floor_usage":[5,6,6],"damage_taken":[{"damage":0,"enemies":"Cultist","floor":1,"turns":1},{"damage":0,"enemies":"Small Slimes","floor":3,"turns":1},{"damage":0,"enemies":"2 Louse","floor":5,"turns":1},{"damage":37,"enemies":"Gremlin Nob","floor":6,"turns":4},{"damage":40,"enemies":"Lagavulin","floor":8,"turns":10}],"seed_played":"9027046124767946849","potions_obtained":[{"floor":1,"key":"SteroidPotion"},{"floor":3,"key":"Fruit Juice"},{"floor":5,"key":"Fire Potion"}],"is_trial":false,"path_per_floor":["M","$","M","?","M","E","R","E"],"character_chosen":"THE_SILENT","items_purchased":["Infinite Blades","Underhanded Strike"],"campfire_rested":0,"item_purchase_floors":[2,2],"current_hp_per_floor":[63,63,63,63,68,31,31,0],"gold":130,"neow_bonus":"THREE_ENEMY_KILL","is_prod":false,"is_daily":false,"chose_seed":false,"campfire_upgraded":1,"win_rate":0,"timestamp":1560689446,"path_taken":["M","$","M","?","M","E","R","E"],"build_version":"2019-01-23","purchased_purges":0,"victory":false,"max_hp_per_floor":[70,70,70,70,75,75,75,75],"card_choices":[{"not_picked":["Blur","Masterful Stab"],"picked":"Blade Dance","floor":1},{"not_picked":["Blur","Choke"],"picked":"Infinite Blades","floor":3},{"not_picked":["Poisoned Stab","Blur"],"picked":"Cloak And Dagger","floor":5},{"not_picked":["Flying Knee","Envenom"],"picked":"Leg Sweep","floor":6}],"player_experience":2209312,"relics_obtained":[{"floor":6,"key":"Dodecahedron"}],"event_choices":[{"damage_healed":0,"gold_gain":0,"player_choice":"Box","damage_taken":0,"relics_obtained":["MawBank"],"max_hp_gain":0,"max_hp_loss":0,"event_name":"Big Fish","floor":4,"gold_loss":0,"cards_obtained":["Regret"]}],"is_beta":false,"boss_relics":[],"items_purged_floors":[],"is_endless":false,"potions_floor_spawned":[1,3,5],"killed_by":"Lagavulin","ascension_level":8}