{"gold_per_floor":[115,115,125,142,67,67,81,81,131,131,131,150,180,199,199,199],"floor_reached":16,"playtime":1519,"items_purged":["Strike_R"],"score":143,"play_id":"70575aa6-703f-45b0-87f5-7a52875d826b","local_time":"20190224130747","is_ascension_mode":true,"campfire_choices":[{"data":"Flex","floor":6.0,"key":"SMITH"},{"data":"Armaments","floor":8.0,"key":"SMITH"},{"data":"Intimidate","floor":10.0,"key":"SMITH"},{"data":"Shrug It Off","floor":15,"key":"SMITH"}],"neow_cost":"NONE","seed_source_timestamp":248764984225995,"circlet_count":0,"master_deck":["Strike_R","Strike_R","Strike_R","Strike_R","Defend_R","Defend_R","Defend_R+1","Bash+1","Flex+1","Intimidate+1","Power Through","Armaments+1","Disarm+1","Shrug It Off+1","Battle Trance"],"special_seed":0,"relics":["Burning Blood","Orichalcum","War Paint"],"potions_floor_usage":[13,13,16],"damage_taken":[{"damage":7.0,"enemies":"Jaw Worm","floor":1.0,"turns":3.0},{"damage":0.0,"enemies":"Cultist","floor":3.0,"turns":4.0},{"damage":7.0,"enemies":"2 Louse","floor":4.0,"turns":4.0},{"damage":6.0,"enemies":"Blue Slaver","floor":7.0,"turns":3.0},{"damage":4.0,"enemies":"Red Slaver","floor":12.0,"turns":3.0},{"damage":11,"enemies":"3 Sentries","floor":13,"turns":8},{"damage":0,"enemies":"3 Louse","floor":14,"turns":5},{"damage":86,"enemies":"Slime Boss","floor":16,"turns":18}],"seed_played":"7036462824441510006","potions_obtained":[{"floor":3.0,"key":"Energy Potion"},{"floor":7.0,"key":"Regen Potion"},{"floor":12.0,"key":"AttackPotion"},{"floor":14,"key":"SteroidPotion"}],"is_trial":false,"path_per_floor":["M","?","M","M","$","R","M","R","T","R","?","M","E","M","R","B"],"character_chosen":"IRONCLAD","items_purchased":[],"campfire_rested":0,"item_purchase_floors":[],"current_hp_per_floor":[71,63,69,68,68,68,68,68,68,68,68,70,80,80,80,0],"gold":199,"neow_bonus":"UPGRADE_CARD","is_prod":false,"is_daily":false,"chose_seed":false,"campfire_upgraded":4,"win_rate":0,"timestamp":1550974067,"path_taken":["M","?","M","M","$","R","M","R","T","R","?","?","E","M","R","BOSS"],"build_version":"2019-01-23","purchased_purges":1,"victory":false,"max_hp_per_floor":[80,80,80,80,80,80,80,80,80,80,80,80,80,80,80,80],"card_choices":[{"not_picked":["Havoc","Dropkick"],"picked":"Flex","floor":1.0},{"not_picked":["True Grit","Thunderclap"],"picked":"Intimidate","floor":3.0},{"not_picked":["Sword Boomerang","Havoc"],"picked":"Power Through","floor":4.0},{"not_picked":["Warcry","Sword Boomerang"],"picked":"Armaments","floor":7.0},{"not_picked":["Perfected Strike","Warcry"],"picked":"Disarm","floor":12.0},{"not_picked":["Exhume","Uppercut"],"picked":"Shrug It Off","floor":13},{"not_picked":["Wild Strike","Burning Pact"],"picked":"Battle Trance","floor":14}],"player_experience":785937,"relics_obtained":[{"floor":9.0,"key":"Orichalcum"},{"floor":13,"key":"War Paint"}],"event_choices":[{"damage_healed":0.0,"max_hp_gain":0.0,"max_hp_loss":0.0,"gold_gain":0.0,"event_name":"Wheel of Change","player_choice":"Damaged","floor":2.0,"gold_loss":0.0,"damage_taken":8.0},{"cards_removed":["Defend_R"],"damage_healed":0.0,"max_hp_gain":0.0,"max_hp_loss":0.0,"gold_gain":0.0,"event_name":"Bonfire Elementals","player_choice":"Offered Basic","floor":11.0,"gold_loss":0.0,"damage_taken":0.0}],"is_beta":false,"boss_relics":[],"items_purged_floors":[5],"is_endless":false,"potions_floor_spawned":[3,7,12,14],"killed_by":"Slime Boss","ascension_level":8}