{"gold_per_floor":[118,293,99,99,119,150,150,181,181,198,215,215,248,263,263,364,364,375,394,70,80,80,80,115,115,115,128,228,228,245,276,276,373,373,391,10,55,55,68,103,128,163,163,191,191,207,6,6,6,6],"floor_reached":51,"playtime":5388,"items_purged":["Strike_R"],"score":1879,"play_id":"c1435459-45b0-4e76-9d42-65197cd940f7","local_time":"20190620161555","is_ascension_mode":true,"campfire_choices":[{"data":"Armaments","floor":7.0,"key":"SMITH"},{"data":"Body Slam","floor":15.0,"key":"SMITH"},{"data":"Heavy Blade","floor":23.0,"key":"SMITH"},{"data":"Shockwave","floor":25.0,"key":"SMITH"},{"data":"Impervious","floor":32.0,"key":"SMITH"},{"floor":45,"key":"REST"},{"floor":49,"key":"REST"}],"neow_cost":"NONE","seed_source_timestamp":1475042641106927,"circlet_count":0,"master_deck":["AscendersBane","Strike_R+1","Strike_R+1","Strike_R+1","Defend_R+1","Defend_R+1","Defend_R+1","Defend_R+1","Bash","Armaments+1","Pummel","Shockwave+1","Body Slam+1","Metallicize+1","Offering","Cleave","Impervious+1","Reaper","Shrug It Off","Heavy Blade+1","Ghostly","Ghostly","Ghostly","Ghostly","Ghostly","Heavy Blade+1","Corruption+1","Pummel+1","Shockwave+1","Limit Break+1","Flame Barrier+1","Metallicize+1","Corruption+1","Bludgeon+1","Metallicize+1","Pommel Strike+1","Exhume+1","Evolve+1","Pommel Strike+1"],"special_seed":0,"relics":["Burning Blood","Omamori","Brimstone","GremlinMask","Question Card","Frozen Egg 2","Anchor","Bird Faced Urn","Snecko Eye","Bottled Tornado","Toxic Egg 2","Strawberry","Calipers","Molten Egg 2","Sundial","Fusion Hammer","DollysMirror","Bronze Scales","WingedGreaves","Gremlin Horn","Happy Flower","Mercury Hourglass","Pantograph","Potion Belt","Blood Vial"],"potions_floor_usage":[],"damage_taken":[{"damage":8.0,"enemies":"Jaw Worm","floor":1.0,"turns":5.0},{"damage":0.0,"enemies":"Cultist","floor":5.0,"turns":2.0},{"damage":24.0,"enemies":"Lagavulin","floor":6.0,"turns":5.0},{"damage":15.0,"enemies":"Gremlin Nob","floor":8.0,"turns":3.0},{"damage":0.0,"enemies":"Small Slimes","floor":10.0,"turns":3.0},{"damage":0.0,"enemies":"Looter","floor":11.0,"turns":2.0},{"damage":14.0,"enemies":"3 Sentries","floor":13.0,"turns":5.0},{"damage":6.0,"enemies":"Large Slime","floor":14.0,"turns":2.0},{"damage":0.0,"enemies":"Slime Boss","floor":16.0,"turns":6.0},{"damage":30.0,"enemies":"Spheric Guardian","floor":18.0,"turns":4.0},{"damage":0.0,"enemies":"Chosen","floor":19.0,"turns":3.0},{"damage":6.0,"enemies":"Snecko","floor":21.0,"turns":4.0},{"damage":44.0,"enemies":"Slavers","floor":24.0,"turns":7.0},{"damage":6.0,"enemies":"Cultist and Chosen","floor":27.0,"turns":5.0},{"damage":0.0,"enemies":"Colosseum Slavers","floor":28.0,"turns":6.0},{"damage":6.0,"enemies":"Colosseum Nobs","floor":28.0,"turns":3.0},{"damage":6.0,"enemies":"Centurion and Healer","floor":30.0,"turns":3.0},{"damage":1.0,"enemies":"Gremlin Leader","floor":31.0,"turns":5.0},{"damage":6,"enemies":"Champ","floor":33,"turns":7},{"damage":6,"enemies":"3 Darklings","floor":35,"turns":4},{"damage":0,"enemies":"2 Orb Walkers","floor":37,"turns":2},{"damage":0,"enemies":"3 Shapes","floor":39,"turns":3},{"damage":6,"enemies":"Giant Head","floor":40,"turns":6},{"damage":1,"enemies":"Reptomancer","floor":41,"turns":3},{"damage":0,"enemies":"Giant Head","floor":42,"turns":6},{"damage":0,"enemies":"Reptomancer","floor":44,"turns":4},{"damage":0,"enemies":"Transient","floor":46,"turns":5},{"damage":0,"enemies":"Time Eater","floor":50,"turns":6}],"seed_played":"-8946563751358757959","potions_obtained":[{"floor":6.0,"key":"SteroidPotion"},{"floor":10.0,"key":"Poison Potion"},{"floor":11.0,"key":"Ancient Potion"},{"floor":21.0,"key":"LiquidBronze"},{"floor":37,"key":"Ancient Potion"},{"floor":44,"key":"Fire Potion"}],"is_trial":false,"path_per_floor":["?","?","M","?","M","M","?","?","?","?","?","M","?"],"character_chosen":"IRONCLAD","items_purchased":["Brimstone","Bottled Tornado","Metallicize+1","DollysMirror","Bronze Scales","Dexterity Potion","Blood Vial"],"campfire_rested":2,"item_purchase_floors":[3,20,36,36,36,47,47],"current_hp_per_floor":[70,70,70,70,76,58,58,49,49,55,61,61,53,55,55,63,76,54,75,75,77,40,40,25,25,32,34,47,47,47,47,47,47,47,47,47,47,45,45,45,45,45,45,45,45,45,45,35,45,45],"gold":6,"neow_bonus":"RANDOM_COMMON_RELIC","is_prod":false,"is_daily":false,"chose_seed":false,"campfire_upgraded":5,"win_rate":0,"timestamp":1561040155,"path_taken":["M","?","$","?","M","E","R","E","T","M","?","?","E","?","R","BOSS","M","?","$","M","?","R","E","R","T","M","?","?","M","E","R","BOSS","M","$","?","?","?","E","E","E","T","E","R","M","$","?","R","BOSS"],"build_version":"2019-01-23","purchased_purges":1,"victory":true,"max_hp_per_floor":[80,80,80,80,80,80,80,80,80,80,80,80,80,80,80,80,80,80,80,80,80,40,40,40,40,47,47,47,47,47,47,47,47,47,47,47,47,45,45,45,45,45,45,45,45,45,45,45,45,45],"card_choices":[{"not_picked":["True Grit","Clash"],"picked":"Armaments","floor":1.0},{"not_picked":["Warcry","True Grit"],"picked":"Pummel","floor":5.0},{"not_picked":["Wild Strike","Blood for Blood","Seeing Red"],"picked":"SKIP","floor":6.0},{"not_picked":["Shrug It Off","Pommel Strike","Berserk"],"picked":"Shockwave","floor":8.0},{"not_picked":["Rupture+1","Dual Wield","Headbutt"],"picked":"Body Slam","floor":10.0},{"not_picked":["Thunderclap","Havoc","True Grit"],"picked":"Metallicize+1","floor":11.0},{"not_picked":["Entrench","Fire Breathing+1","Warcry"],"picked":"Cleave","floor":13.0},{"not_picked":["Reckless Charge","Armaments","Twin Strike"],"picked":"Impervious","floor":14.0},{"not_picked":["Feed","Brutality+1","Bludgeon"],"picked":"Reaper","floor":16.0},{"not_picked":["Wild Strike","Warcry+1","Armaments"],"picked":"Shrug It Off","floor":18.0},{"not_picked":["Cleave","Dual Wield","Rampage"],"picked":"Heavy Blade","floor":19.0},{"not_picked":["Thunderclap","Fire Breathing+1","Seeing Red","Dropkick"],"picked":"SKIP","floor":21.0},{"not_picked":["Juggernaut+1","Iron Wave+1","Combust+1"],"picked":"Heavy Blade+1","floor":24.0},{"not_picked":["Disarm+1","Anger","Twin Strike"],"picked":"Corruption+1","floor":27.0},{"not_picked":["Rupture+1","Inflame+1","Headbutt"],"picked":"Pummel+1","floor":28.0},{"not_picked":["Heavy Blade+1","Clash+1","Clothesline+1"],"picked":"Shockwave+1","floor":30.0},{"not_picked":["Combust+1","Seeing Red+1","Cleave+1","Sentinel+1"],"picked":"SKIP","floor":31.0},{"not_picked":["Berserk+1","Dark Embrace+1","Exhume+1"],"picked":"Limit Break+1","floor":33},{"not_picked":["Rupture+1","Armaments+1","Rampage+1"],"picked":"Flame Barrier+1","floor":35},{"not_picked":["Cleave+1","Disarm+1","Hemokinesis+1"],"picked":"Bludgeon+1","floor":39},{"not_picked":["Thunderclap+1","Shrug It Off+1","Body Slam+1"],"picked":"Metallicize+1","floor":40},{"not_picked":["Clothesline+1","Infernal Blade+1","Heavy Blade+1"],"picked":"Pommel Strike+1","floor":41},{"not_picked":["Heavy Blade+1","Feel No Pain+1","Perfected Strike+1"],"picked":"Exhume+1","floor":42},{"not_picked":["Perfected Strike+1","Sentinel+1","Ghostly Armor+1"],"picked":"Evolve+1","floor":44},{"not_picked":["Perfected Strike+1","Uppercut+1","Cleave+1"],"picked":"Pommel Strike+1","floor":46}],"player_experience":66429,"relics_obtained":[{"floor":6.0,"key":"Question Card"},{"floor":8.0,"key":"Frozen Egg 2"},{"floor":9.0,"key":"Anchor"},{"floor":13.0,"key":"Bird Faced Urn"},{"floor":24.0,"key":"Toxic Egg 2"},{"floor":26.0,"key":"Strawberry"},{"floor":28.0,"key":"Calipers"},{"floor":28.0,"key":"Molten Egg 2"},{"floor":31.0,"key":"Sundial"},{"floor":37,"key":"WingedGreaves"},{"floor":40,"key":"Gremlin Horn"},{"floor":41,"key":"Happy Flower"},{"floor":42,"key":"Mercury Hourglass"},{"floor":43,"key":"Pantograph"},{"floor":44,"key":"Potion Belt"}],"event_choices":[{"damage_healed":0.0,"max_hp_gain":0.0,"max_hp_loss":0.0,"gold_gain":175.0,"event_name":"Liars Game","player_choice":"AGREE","floor":2.0,"gold_loss":0.0,"damage_taken":0.0,"cards_obtained":["Doubt"]},{"damage_healed":0.0,"max_hp_gain":0.0,"max_hp_loss":0.0,"gold_gain":0.0,"event_name":"FaceTrader","player_choice":"Trade","floor":4.0,"gold_loss":0.0,"damage_taken":0.0,"relics_obtained":["GremlinMask"]},{"damage_healed":0.0,"max_hp_gain":0.0,"max_hp_loss":0.0,"gold_gain":0.0,"cards_transformed":["Strike_R"],"event_name":"Transmorgrifier","player_choice":"Transformed","floor":12.0,"gold_loss":0.0,"damage_taken":0.0,"cards_obtained":["Offering"]},{"damage_healed":0.0,"max_hp_gain":0.0,"max_hp_loss":40.0,"gold_gain":0.0,"event_name":"Ghosts","player_choice":"Became a Ghost","floor":22.0,"gold_loss":0.0,"damage_taken":0.0,"cards_obtained":["Ghostly","Ghostly","Ghostly","Ghostly","Ghostly"]},{"damage_healed":0.0,"max_hp_gain":0.0,"max_hp_loss":0.0,"gold_gain":0.0,"event_name":"Colosseum","player_choice":"Fight","floor":28.0,"gold_loss":0.0,"damage_taken":0.0},{"damage_healed":0.0,"max_hp_gain":0.0,"max_hp_loss":0.0,"gold_gain":0.0,"event_name":"Colosseum","player_choice":"Fought Nobs","floor":28.0,"gold_loss":0.0,"damage_taken":0.0},{"damage_healed":0.0,"max_hp_gain":0.0,"max_hp_loss":0.0,"gold_gain":0.0,"event_name":"Back to Basics","player_choice":"Simplicity","floor":29.0,"gold_loss":0.0,"damage_taken":0.0,"cards_upgraded":["Strike_R","Strike_R","Strike_R","Defend_R","Defend_R","Defend_R","Defend_R"]},{"damage_healed":0,"gold_gain":0,"player_choice":"Fight","damage_taken":0,"max_hp_gain":0,"max_hp_loss":0,"event_name":"Mysterious Sphere","floor":37,"gold_loss":0},{"damage_healed":0,"gold_gain":0,"player_choice":"Max HP","damage_taken":0,"max_hp_gain":0,"max_hp_loss":2,"event_name":"Winding Halls","floor":38,"gold_loss":0},{"damage_healed":0,"gold_gain":0,"player_choice":"Memory 3","damage_taken":10,"max_hp_gain":0,"max_hp_loss":0,"event_name":"SensoryStone","floor":48,"gold_loss":0}],"is_beta":false,"boss_relics":[{"not_picked":["Astrolabe","Philosopher\u0027s Stone"],"picked":"Snecko Eye"},{"not_picked":["Mark of Pain","Orrery"],"picked":"Fusion Hammer"}],"items_purged_floors":[20],"is_endless":false,"potions_floor_spawned":[6,10,11,21,24,28,30,37,39,44],"ascension_level":12}