{"gold_per_floor":[115,115,290,565,579,579,592,592,592,620,620,55,73,84,84,186,236,250,299,299,309,86,86,120,120,175,191,191,191,208,241,241,241],"floor_reached":33,"playtime":2654,"items_purged":["Doubt","Regret"],"score":435,"play_id":"69ecf4fd-f819-4bf5-8895-e05c6cfc388d","local_time":"20190619221153","is_ascension_mode":true,"campfire_choices":[{"data":"Biased Cognition","floor":6,"key":"SMITH"},{"data":"Zap","floor":8,"key":"SMITH"},{"data":"Fusion","floor":11,"key":"SMITH"},{"data":"Redo","floor":15,"key":"SMITH"},{"floor":23,"key":"REST"},{"data":"Storm","floor":25,"key":"SMITH"},{"data":"Chaos","floor":28,"key":"SMITH"},{"data":"Barrage","floor":32,"key":"SMITH"}],"neow_cost":"NONE","seed_source_timestamp":1471626879174,"circlet_count":0,"master_deck":["Strike_B","Strike_B","Strike_B","Strike_B","Defend_B","Defend_B","Defend_B","Zap+1","Dualcast+1","Biased Cognition+1","Leap","Gash","Coolheaded","Fusion+1","Electrodynamics","Seek","Redo+1","Gash","Amplify","Conserve Battery","Melter","BootSequence+1","Storm+1","Conserve Battery","Barrage+1","Chaos+1","Gash","Barrage+1"],"relics":["Cracked Core","Art of War","Lantern","Pantograph","Tiny House","Oddly Smooth Stone","Centennial Puzzle","Bag of Marbles","Orichalcum"],"potions_floor_usage":[10,16,24,31,31,33],"damage_taken":[{"damage":6,"enemies":"2 Louse","floor":1,"turns":3},{"damage":3,"enemies":"Small Slimes","floor":5,"turns":3},{"damage":8,"enemies":"Cultist","floor":7,"turns":3},{"damage":8,"enemies":"Gremlin Nob","floor":10,"turns":4},{"damage":0,"enemies":"2 Fungi Beasts","floor":13,"turns":1},{"damage":0,"enemies":"Exordium Wildlife","floor":14,"turns":1},{"damage":22,"enemies":"Hexaghost","floor":16,"turns":9},{"damage":2,"enemies":"Chosen","floor":18,"turns":4},{"damage":33,"enemies":"2 Thieves","floor":21,"turns":4},{"damage":25,"enemies":"Slavers","floor":24,"turns":3},{"damage":0,"enemies":"Centurion and Healer","floor":27,"turns":3},{"damage":25,"enemies":"Shelled Parasite and Fungi","floor":30,"turns":4},{"damage":7,"enemies":"Book of Stabbing","floor":31,"turns":4},{"damage":59,"enemies":"Champ","floor":33,"turns":9}],"seed_played":"2808760371865266208","potions_obtained":[{"floor":1,"key":"LiquidBronze"},{"floor":7,"key":"Weak Potion"},{"floor":10,"key":"Dexterity Potion"},{"floor":17,"key":"FairyPotion"},{"floor":21,"key":"Energy Potion"},{"floor":27,"key":"Ancient Potion"},{"floor":30,"key":"Fire Potion"}],"is_trial":false,"path_per_floor":["M","?","?","?","M","R","M","R","T","E","R","$","M","M","R","B",null,"M","T","?","M","$","R","E","R","T","M","R","?","M","E","R","B"],"character_chosen":"DEFECT","items_purchased":["Electrodynamics","Pantograph","Seek","Storm","Conserve Battery"],"campfire_rested":1,"item_purchase_floors":[12,12,12,22,22],"current_hp_per_floor":[62,55,55,55,52,52,44,44,44,36,36,36,36,36,36,39,71,69,69,69,36,36,60,35,35,35,35,35,61,36,29,29,0],"gold":241,"neow_bonus":"ONE_RANDOM_RARE_CARD","is_prod":false,"is_daily":false,"chose_seed":false,"campfire_upgraded":7,"win_rate":0,"timestamp":1560946313,"path_taken":["M","?","?","?","M","R","M","R","T","E","R","$","M","M","R","BOSS","M","?","?","M","?","R","E","R","T","M","R","?","M","E","R","BOSS"],"build_version":"2019-01-23","purchased_purges":2,"victory":false,"max_hp_per_floor":[75,75,75,75,75,75,75,75,75,75,75,75,75,75,75,75,80,80,80,80,80,80,80,80,80,80,80,80,80,80,80,80,80],"card_choices":[{"not_picked":["Compile Driver","Hologram"],"picked":"Leap","floor":1},{"not_picked":["Hologram","Compile Driver"],"picked":"Gash","floor":5},{"not_picked":["Turbo","Rebound"],"picked":"Coolheaded","floor":7},{"not_picked":["Aggregate","Melter"],"picked":"Fusion","floor":10},{"not_picked":["Stack","Blizzard"],"picked":"Redo","floor":13},{"not_picked":["Turbo","Barrage"],"picked":"Gash","floor":14},{"not_picked":["Biased Cognition","Fission"],"picked":"Amplify","floor":16},{"not_picked":["Streamline","Auto Shields"],"picked":"Conserve Battery","floor":17},{"not_picked":["Hologram+1","Genetic Algorithm"],"picked":"Melter","floor":18},{"not_picked":["Go for the Eyes","Redo"],"picked":"BootSequence+1","floor":21},{"not_picked":["Conserve Battery","Meteor Strike"],"picked":"Barrage+1","floor":24},{"not_picked":["Skim","BootSequence"],"picked":"Chaos","floor":27},{"not_picked":["Leap","Redo"],"picked":"Gash","floor":30},{"not_picked":["Steam","Aggregate"],"picked":"Barrage","floor":31}],"player_experience":2221967,"relics_obtained":[{"floor":9,"key":"Art of War"},{"floor":10,"key":"Lantern"},{"floor":19,"key":"Oddly Smooth Stone"},{"floor":24,"key":"Centennial Puzzle"},{"floor":26,"key":"Bag of Marbles"},{"floor":31,"key":"Orichalcum"}],"event_choices":[{"cards_removed":["Defend_B"],"damage_healed":0,"gold_gain":0,"player_choice":"Card Removal","damage_taken":7,"max_hp_gain":0,"max_hp_loss":0,"event_name":"Golden Wing","floor":2,"gold_loss":0},{"damage_healed":0,"gold_gain":175,"player_choice":"AGREE","damage_taken":0,"max_hp_gain":0,"max_hp_loss":0,"event_name":"Liars Game","floor":3,"gold_loss":0,"cards_obtained":["Doubt"]},{"damage_healed":0,"gold_gain":275,"player_choice":"Desecrate","damage_taken":0,"max_hp_gain":0,"max_hp_loss":0,"event_name":"Golden Shrine","floor":4,"gold_loss":0,"cards_obtained":["Regret"]},{"damage_healed":0,"gold_gain":0,"player_choice":"Ignored","damage_taken":0,"max_hp_gain":0,"max_hp_loss":0,"event_name":"Ghosts","floor":20,"gold_loss":0},{"damage_healed":26,"gold_gain":0,"player_choice":"Heal","damage_taken":0,"max_hp_gain":0,"max_hp_loss":0,"event_name":"The Library","floor":29,"gold_loss":0}],"is_beta":false,"boss_relics":[{"not_picked":["FrozenCore","Ectoplasm"],"picked":"Tiny House"}],"items_purged_floors":[12,22],"is_endless":false,"potions_floor_spawned":[1,7,10,21,27,30],"killed_by":"Champ","ascension_level":9}