{"gold_per_floor":[118,41,116,134,154,187,187,187,187,187,41,41,75,87,87,189,189,199,211,222,222,222,251,264,289,289,289,315,315],"floor_reached":29,"playtime":1436,"items_purged":["Strike_R"],"score":417,"play_id":"ad35aa82-4276-45fc-bd19-1512d07c7729","local_time":"20190605083505","is_ascension_mode":true,"campfire_choices":[{"data":"True Grit","floor":7.0,"key":"SMITH"},{"data":"Bash","floor":10.0,"key":"SMITH"},{"data":"Cleave","floor":15.0,"key":"SMITH"},{"data":"Double Tap","floor":27.0,"key":"SMITH"}],"neow_cost":"NONE","seed_source_timestamp":155349935082907,"circlet_count":0,"master_deck":["Strike_R","Strike_R","Strike_R","Strike_R","Defend_R","Defend_R","Defend_R","Bash+1","Cleave+1","Bludgeon+1","Spot Weakness","True Grit+1","Bludgeon","Impervious","Flame Barrier","Power Through+1","J.A.X.","Double Tap+1","Dropkick","True Grit+1"],"special_seed":0,"relics":["Burning Blood","Pear","Paper Frog","Ice Cream","Philosopher\u0027s Stone","Mummified Hand","Sundial","Bottled Flame","Calipers"],"potions_floor_usage":[28],"damage_taken":[{"damage":1.0,"enemies":"Cultist","floor":1.0,"turns":4.0},{"damage":6.0,"enemies":"2 Louse","floor":4.0,"turns":3.0},{"damage":6.0,"enemies":"Small Slimes","floor":5.0,"turns":3.0},{"damage":23.0,"enemies":"3 Sentries","floor":6.0,"turns":7.0},{"damage":18.0,"enemies":"Gremlin Nob","floor":13.0,"turns":3.0},{"damage":11.0,"enemies":"Looter","floor":14.0,"turns":2.0},{"damage":0.0,"enemies":"Slime Boss","floor":16.0,"turns":5.0},{"damage":38.0,"enemies":"3 Byrds","floor":18.0,"turns":5.0},{"damage":1.0,"enemies":"Shell Parasite","floor":19.0,"turns":3.0},{"damage":26.0,"enemies":"Shelled Parasite and Fungi","floor":20.0,"turns":6.0},{"damage":37.0,"enemies":"Book of Stabbing","floor":23.0,"turns":4.0},{"damage":7.0,"enemies":"Centurion and Healer","floor":24.0,"turns":5.0},{"damage":12.0,"enemies":"Gremlin Leader","floor":25.0,"turns":5.0},{"damage":40,"enemies":"Slavers","floor":28,"turns":4},{"damage":17,"enemies":"3 Cultists","floor":29,"turns":2}],"seed_played":"-3936725755018046829","potions_obtained":[{"floor":1.0,"key":"SkillPotion"},{"floor":6.0,"key":"Weak Potion"},{"floor":18.0,"key":"Swift Potion"},{"floor":19.0,"key":"FearPotion"},{"floor":23.0,"key":"Explosive Potion"}],"is_trial":false,"path_per_floor":["$","?","M","?","?","M","M","M","?","?","M"],"character_chosen":"IRONCLAD","items_purchased":["Bludgeon","Bludgeon"],"campfire_rested":0,"item_purchase_floors":[2,11],"current_hp_per_floor":[88,88,80,80,80,73,73,73,73,73,73,73,61,56,56,62,98,66,71,51,51,83,52,51,45,45,45,11,0],"gold":315,"neow_bonus":"TEN_PERCENT_HP_BONUS","is_prod":false,"is_daily":false,"chose_seed":false,"campfire_upgraded":4,"win_rate":0,"timestamp":1559716505,"path_taken":["M","?","?","M","?","E","R","?","T","R","$","?","E","?","R","BOSS","M","?","?","?","?","E","M","E","T","R","E","?"],"build_version":"2019-01-23","purchased_purges":1,"victory":false,"max_hp_per_floor":[88,88,88,88,88,98,98,98,98,98,98,98,98,98,98,98,98,98,98,98,98,98,98,98,98,98,98,98,98],"card_choices":[{"not_picked":["Metallicize","Iron Wave"],"picked":"Cleave","floor":1.0},{"not_picked":["Warcry","Dual Wield"],"picked":"Spot Weakness","floor":4.0},{"not_picked":["Clash","Twin Strike","Pommel Strike"],"picked":"SKIP","floor":5.0},{"not_picked":["Entrench","Clash"],"picked":"True Grit","floor":6.0},{"not_picked":["Clash","Intimidate","Warcry"],"picked":"SKIP","floor":13.0},{"not_picked":["Fire Breathing","Armaments","Warcry"],"picked":"SKIP","floor":14.0},{"not_picked":["Bludgeon","Double Tap"],"picked":"Impervious","floor":16.0},{"not_picked":["Rage","Pommel Strike"],"picked":"Flame Barrier","floor":18.0},{"not_picked":["Pummel","Power Through","True Grit"],"picked":"SKIP","floor":19.0},{"not_picked":["Clothesline","Perfected Strike+1"],"picked":"Power Through+1","floor":20.0},{"not_picked":["Sword Boomerang","Sever Soul","Clothesline"],"picked":"SKIP","floor":23.0},{"not_picked":["Headbutt+1","Rampage"],"picked":"Double Tap","floor":24.0},{"not_picked":["Shrug It Off","Pommel Strike+1"],"picked":"Dropkick","floor":25.0},{"not_picked":["Entrench","Flame Barrier"],"picked":"True Grit+1","floor":28}],"player_experience":16965,"relics_obtained":[{"floor":6.0,"key":"Pear"},{"floor":9.0,"key":"Paper Frog"},{"floor":13.0,"key":"Ice Cream"},{"floor":23.0,"key":"Mummified Hand"},{"floor":25.0,"key":"Sundial"},{"floor":26.0,"key":"Bottled Flame"},{"floor":28,"key":"Calipers"}],"event_choices":[{"damage_healed":0.0,"max_hp_gain":0.0,"max_hp_loss":0.0,"gold_gain":75.0,"event_name":"FaceTrader","player_choice":"Touch","floor":3.0,"gold_loss":0.0,"damage_taken":8.0},{"damage_healed":0.0,"max_hp_gain":0.0,"max_hp_loss":0.0,"gold_gain":0.0,"event_name":"Living Wall","player_choice":"Grow","floor":8.0,"gold_loss":0.0,"damage_taken":0.0,"cards_upgraded":["Bludgeon"]},{"cards_removed":["Defend_R"],"damage_healed":0.0,"max_hp_gain":0.0,"max_hp_loss":0.0,"gold_gain":0.0,"event_name":"Bonfire Elementals","player_choice":"Offered Basic","floor":12.0,"gold_loss":0.0,"damage_taken":0.0},{"damage_healed":0.0,"max_hp_gain":0.0,"max_hp_loss":0.0,"gold_gain":0.0,"event_name":"Drug Dealer","player_choice":"Obtain J.A.X.","floor":21.0,"gold_loss":0.0,"damage_taken":0.0,"cards_obtained":["J.A.X."]},{"damage_healed":32.0,"max_hp_gain":0.0,"max_hp_loss":0.0,"gold_gain":0.0,"event_name":"The Library","player_choice":"Heal","floor":22.0,"gold_loss":0.0,"damage_taken":0.0}],"is_beta":false,"boss_relics":[{"not_picked":["Ectoplasm","Runic Dome"],"picked":"Philosopher\u0027s Stone"}],"items_purged_floors":[11],"is_endless":false,"potions_floor_spawned":[1,6,18,19,23],"killed_by":"3 Cultists","ascension_level":3}