{"gold_per_floor":[112,112,131,131,146,172,24,24,49,49,61,79,79,95,95,173,173,187,187,15,15,15,15,30,30],"floor_reached":25,"playtime":929,"items_purged":["Strike_B","Parasite"],"score":352,"play_id":"c3456ba4-180d-4a2f-9361-b526a3f95d55","local_time":"20190616161442","is_ascension_mode":true,"campfire_choices":[{"data":"Self Repair","floor":8.0,"key":"SMITH"},{"floor":10.0,"key":"REST"},{"data":"Rip and Tear","floor":15,"key":"SMITH"},{"data":"Sunder","floor":23,"key":"SMITH"}],"neow_cost":"NONE","seed_source_timestamp":1252939888660,"circlet_count":0,"master_deck":["AscendersBane","Strike_B","Strike_B","Strike_B","Defend_B","Defend_B","Defend_B","Defend_B","Zap","Dualcast","Sweeping Beam","Coolheaded","Hologram","Barrage","Self Repair+1","Conserve Battery","Compile Driver","Rip and Tear+1","Echo Form","Cold Snap+1","Sunder+1","Shame"],"special_seed":0,"relics":["Cracked Core","NeowsBlessing","Oddly Smooth Stone","Sundial","Anchor","Snecko Eye","MutagenicStrength","The Courier"],"potions_floor_usage":[],"damage_taken":[{"damage":0.0,"enemies":"Jaw Worm","floor":1.0,"turns":1.0},{"damage":0.0,"enemies":"Cultist","floor":3.0,"turns":1.0},{"damage":0.0,"enemies":"Small Slimes","floor":5.0,"turns":1.0},{"damage":36.0,"enemies":"3 Sentries","floor":6.0,"turns":10.0},{"damage":15,"enemies":"Exordium Wildlife","floor":11,"turns":7},{"damage":1,"enemies":"Looter","floor":12,"turns":4},{"damage":9,"enemies":"Blue Slaver","floor":14,"turns":4},{"damage":33,"enemies":"The Guardian","floor":16,"turns":15},{"damage":0,"enemies":"Chosen","floor":18,"turns":4},{"damage":13,"enemies":"3 Byrds","floor":24,"turns":4},{"damage":68,"enemies":"Book of Stabbing","floor":25,"turns":5}],"seed_played":"4418108212162809827","potions_obtained":[{"floor":2.0,"key":"Fire Potion"},{"floor":2.0,"key":"Energy Potion"},{"floor":11,"key":"Ancient Potion"}],"is_trial":false,"path_per_floor":["M","?","M","?","M","E","$","R","T","R","M","M","?","M","R","B",null,"M","?","$","?","$","R","M","E"],"character_chosen":"DEFECT","items_purchased":["Self Repair","Sunder"],"campfire_rested":1,"item_purchase_floors":[7,20],"current_hp_per_floor":[64,64,64,46,46,10,10,10,10,31,26,35,52,53,53,30,61,71,71,68,68,68,68,65,0],"gold":30,"neow_bonus":"THREE_ENEMY_KILL","is_prod":false,"is_daily":false,"chose_seed":false,"campfire_upgraded":3,"win_rate":0,"timestamp":1560694482,"path_taken":["M","?","?","?","M","E","$","R","T","R","M","M","?","M","R","BOSS","M","?","$","?","$","R","M","E"],"build_version":"2019-01-23","purchased_purges":2,"victory":false,"max_hp_per_floor":[71,71,71,71,71,71,71,71,71,71,71,71,71,71,71,71,71,71,71,68,68,68,68,68,68],"card_choices":[{"not_picked":["Consume","Auto Shields"],"picked":"Sweeping Beam","floor":1.0},{"not_picked":["BootSequence","Rebound"],"picked":"Coolheaded","floor":3.0},{"not_picked":["Steam","Steam Power"],"picked":"Hologram","floor":5.0},{"not_picked":["Leap","Stack"],"picked":"Barrage","floor":6.0},{"not_picked":["Compile Driver","Leap"],"picked":"Conserve Battery","floor":11},{"not_picked":["Tempest","Hologram"],"picked":"Compile Driver","floor":12},{"not_picked":["Compile Driver","Hologram"],"picked":"Rip and Tear","floor":14},{"not_picked":["Meteor Strike","Thunder Strike"],"picked":"Echo Form","floor":16},{"not_picked":["Turbo","Hologram"],"picked":"Cold Snap+1","floor":18},{"not_picked":["Turbo","Reprogram+1","Hello World"],"picked":"SKIP","floor":24}],"player_experience":774941,"relics_obtained":[{"floor":6.0,"key":"Sundial"},{"floor":9.0,"key":"Anchor"}],"event_choices":[{"damage_healed":0.0,"max_hp_gain":0.0,"max_hp_loss":0.0,"gold_gain":0.0,"event_name":"Lab","player_choice":"Got Potions","floor":2.0,"gold_loss":0.0,"damage_taken":0.0},{"damage_healed":0.0,"max_hp_gain":0.0,"max_hp_loss":0.0,"gold_gain":0.0,"event_name":"Scrap Ooze","player_choice":"Success","floor":4.0,"gold_loss":0.0,"damage_taken":18.0,"relics_obtained":["Oddly Smooth Stone"]},{"damage_healed":17,"gold_gain":0,"player_choice":"Healed and dodged fight","damage_taken":0,"max_hp_gain":0,"max_hp_loss":0,"event_name":"Mushrooms","floor":13,"gold_loss":0,"cards_obtained":["Parasite"]},{"damage_healed":0,"gold_gain":0,"player_choice":"Inject Mutagens","damage_taken":0,"relics_obtained":["MutagenicStrength"],"max_hp_gain":0,"max_hp_loss":0,"event_name":"Drug Dealer","floor":19,"gold_loss":0},{"damage_healed":0,"gold_gain":0,"player_choice":"Stole Relic","damage_taken":0,"relics_obtained":["The Courier"],"max_hp_gain":0,"max_hp_loss":0,"event_name":"Addict","floor":21,"gold_loss":0,"cards_obtained":["Shame"]}],"is_beta":false,"boss_relics":[{"not_picked":["Eternal Feather","Calling Bell"],"picked":"Snecko Eye"}],"items_purged_floors":[7,20],"is_endless":false,"potions_floor_spawned":[3,11],"killed_by":"Book of Stabbing","ascension_level":15}