{"gold_per_floor":[14,26,38,113,126,153,153,185,185,235,235,253,253,72,72,149,149,149,149,149,149],"floor_reached":21,"playtime":1024,"items_purged":[],"score":353,"play_id":"b65aad50-e51f-481b-aea7-e3a58b3effe9","local_time":"20190528002553","is_ascension_mode":true,"campfire_choices":[{"floor":7.0,"key":"REST"},{"data":"Zap","floor":11,"key":"SMITH"},{"data":"Loop","floor":13,"key":"SMITH"},{"data":"Rebound","floor":15,"key":"SMITH"}],"neow_cost":"NO_GOLD","seed_source_timestamp":0,"circlet_count":0,"master_deck":["AscendersBane","Strike_B","Strike_B","Strike_B","Strike_B","Defend_B","Defend_B","Defend_B","Defend_B","Zap+1","Dualcast","Rebound+1","Sweeping Beam","Steam","Coolheaded","Conserve Battery","Self Repair","Loop+1","Panacea","Auto Shields","Buffer","Coolheaded","Hologram","Conserve Battery"],"special_seed":0,"relics":["Cracked Core","FossilizedHelix","Happy Flower","Mercury Hourglass","Calipers","Ectoplasm"],"potions_floor_usage":[],"damage_taken":[{"damage":0.0,"enemies":"Jaw Worm","floor":1.0,"turns":3.0},{"damage":6.0,"enemies":"2 Louse","floor":2.0,"turns":3.0},{"damage":0.0,"enemies":"Cultist","floor":3.0,"turns":3.0},{"damage":10.0,"enemies":"Lots of Slimes","floor":5.0,"turns":4.0},{"damage":19.0,"enemies":"Lagavulin","floor":6.0,"turns":7.0},{"damage":18.0,"enemies":"3 Sentries","floor":8.0,"turns":7.0},{"damage":0,"enemies":"2 Fungi Beasts","floor":12,"turns":2},{"damage":9,"enemies":"The Guardian","floor":16,"turns":13},{"damage":0,"enemies":"Chosen","floor":18,"turns":6},{"damage":11,"enemies":"Spheric Guardian","floor":19,"turns":4},{"damage":22,"enemies":"Shelled Parasite and Fungi","floor":20,"turns":9},{"damage":64,"enemies":"Chosen and Byrds","floor":21,"turns":7}],"seed_played":"2861630743458242468","potions_obtained":[{"floor":1.0,"key":"Block Potion"},{"floor":2.0,"key":"AttackPotion"},{"floor":6.0,"key":"Block Potion"},{"floor":16,"key":"EssenceOfSteel"},{"floor":19,"key":"Energy Potion"}],"is_trial":false,"path_per_floor":["M","M","M","?","M","E","R","E","T","?","R","M","R","$","R","B",null,"M","M","M","M"],"character_chosen":"DEFECT","items_purchased":["Panacea","Auto Shields"],"campfire_rested":1,"item_purchase_floors":[14,14],"current_hp_per_floor":[64,58,58,47,37,18,39,21,21,21,21,21,21,21,21,19,58,65,54,39,0],"gold":149,"neow_bonus":"ONE_RARE_RELIC","is_prod":false,"is_daily":false,"chose_seed":false,"campfire_upgraded":3,"win_rate":0,"timestamp":1559024753,"path_taken":["M","M","M","?","M","E","R","E","T","?","R","M","R","$","R","BOSS","M","M","?","M"],"build_version":"2019-01-23","purchased_purges":0,"victory":false,"max_hp_per_floor":[71,71,71,71,71,71,71,71,71,71,71,71,71,71,71,71,71,71,71,71,71],"card_choices":[{"not_picked":["Darkness","Aggregate"],"picked":"Rebound","floor":1.0},{"not_picked":["Rebound","Streamline"],"picked":"Sweeping Beam","floor":2.0},{"not_picked":["FTL","Meteor Strike"],"picked":"Steam","floor":3.0},{"not_picked":["Rebound","Hello World"],"picked":"Coolheaded","floor":5.0},{"not_picked":["Turbo","Beam Cell"],"picked":"Conserve Battery","floor":6.0},{"not_picked":["Reboot","Steam"],"picked":"Self Repair","floor":8},{"not_picked":["Rebound","Sunder"],"picked":"Loop","floor":12},{"not_picked":["Rainbow","Machine Learning"],"picked":"Buffer","floor":16},{"not_picked":["Gash","Leap"],"picked":"Coolheaded","floor":18},{"not_picked":["Sweeping Beam","Steam"],"picked":"Hologram","floor":19},{"not_picked":["Lockon","Aggregate"],"picked":"Conserve Battery","floor":20}],"player_experience":918321,"relics_obtained":[{"floor":6.0,"key":"Happy Flower"},{"floor":8,"key":"Mercury Hourglass"},{"floor":9,"key":"Calipers"}],"event_choices":[{"damage_healed":0.0,"max_hp_gain":0.0,"max_hp_loss":0.0,"gold_gain":75.0,"event_name":"World of Goop","player_choice":"Gather Gold","floor":4.0,"gold_loss":0.0,"damage_taken":11.0},{"damage_healed":0,"gold_gain":50,"player_choice":"Pray","damage_taken":0,"max_hp_gain":0,"max_hp_loss":0,"event_name":"Golden Shrine","floor":10,"gold_loss":0}],"is_beta":false,"boss_relics":[{"not_picked":["Astrolabe","Calling Bell"],"picked":"Ectoplasm"}],"items_purged_floors":[],"is_endless":false,"potions_floor_spawned":[1,2,6,16,19],"killed_by":"Chosen and Byrds","ascension_level":17}