{"gold_per_floor":[113,130,17,37,50,50,78,78,78,98,98,98,137,155,155,276,276,300,193,213,138,69,105,105,75,121,71,71,91,91,131,131,251,251,274,607,607,625,7,40,40,40,40,56,106,10,10,38,38,38],"floor_reached":51,"playtime":12796,"items_purged":["Strike_G"],"score":1100,"play_id":"3118cdcd-1d96-49ee-ad8b-5096ce410437","local_time":"20190517221302","is_ascension_mode":true,"campfire_choices":[{"data":"Predator","floor":6.0,"key":"SMITH"},{"floor":8.0,"key":"REST"},{"data":"Blade Dance","floor":12.0,"key":"SMITH"},{"data":"Catalyst","floor":15.0,"key":"SMITH"},{"floor":24.0,"key":"REST"},{"floor":28.0,"key":"REST"},{"floor":32.0,"key":"REST"},{"floor":41.0,"key":"REST"},{"floor":47.0,"key":"REST"},{"floor":49.0,"key":"REST"}],"neow_cost":"NONE","seed_source_timestamp":376675913481719,"circlet_count":0,"master_deck":["Defend_G","Defend_G","Defend_G","Defend_G","Defend_G","Strike_G","Strike_G","Strike_G","Strike_G","Survivor","Neutralize","Finisher","Well Laid Plans","Dramatic Entrance","Deadly Poison","Predator+1","Blade Dance+1","Footwork","Catalyst+1","Bane","Grand Finale","Flying Knee+1","Backflip","Accuracy","Endless Agony","Blur+1","Bane+1","Infinite Blades+1","Blade Dance+1","Catalyst","Die Die Die","Blur","Deadly Poison+1","Apotheosis","Forethought","Deadly Poison","Sucker Punch+1","Prepared+1","The Bomb","Blade Dance+1","Prepared","Crippling Poison+1","Poisoned Stab+1","Blade Dance+1"],"special_seed":0,"relics":["Ring of the Serpent","Bag of Marbles","Orichalcum","Dream Catcher","Pear","Philosopher\u0027s Stone","Centennial Puzzle","Kunai","Smiling Mask","Red Mask","Mango","Bottled Tornado","Dodecahedron","Pen Nib","Mummified Hand"],"potions_floor_usage":[50,50],"damage_taken":[{"damage":0.0,"enemies":"Cultist","floor":1.0,"turns":3.0},{"damage":4.0,"enemies":"Small Slimes","floor":2.0,"turns":3.0},{"damage":0.0,"enemies":"2 Louse","floor":4.0,"turns":2.0},{"damage":11.0,"enemies":"Exordium Thugs","floor":5.0,"turns":2.0},{"damage":0.0,"enemies":"Gremlin Nob","floor":7.0,"turns":2.0},{"damage":1.0,"enemies":"Looter","floor":10.0,"turns":2.0},{"damage":8.0,"enemies":"Lagavulin","floor":13.0,"turns":4.0},{"damage":7.0,"enemies":"Gremlin Gang","floor":14.0,"turns":3.0},{"damage":25.0,"enemies":"The Guardian","floor":16.0,"turns":9.0},{"damage":14.0,"enemies":"Spheric Guardian","floor":18.0,"turns":4.0},{"damage":5.0,"enemies":"Chosen","floor":20.0,"turns":4.0},{"damage":43.0,"enemies":"Gremlin Leader","floor":23.0,"turns":5.0},{"damage":0.0,"enemies":"Snecko","floor":29.0,"turns":3.0},{"damage":20.0,"enemies":"Masked Bandits","floor":31.0,"turns":4.0},{"damage":58.0,"enemies":"Champ","floor":33.0,"turns":12.0},{"damage":6.0,"enemies":"Orb Walker","floor":35.0,"turns":3.0},{"damage":12.0,"enemies":"3 Darklings","floor":38.0,"turns":3.0},{"damage":38.0,"enemies":"Nemesis","floor":40.0,"turns":5.0},{"damage":12.0,"enemies":"Spire Growth","floor":44.0,"turns":5.0},{"damage":20.0,"enemies":"Giant Head","floor":48.0,"turns":6.0},{"damage":75,"enemies":"Awakened One","floor":50,"turns":11}],"seed_played":"-3406232956410129062","potions_obtained":[{"floor":5.0,"key":"SteroidPotion"},{"floor":7.0,"key":"EssenceOfSteel"},{"floor":10.0,"key":"Block Potion"},{"floor":14.0,"key":"AttackPotion"},{"floor":16.0,"key":"GamblersBrew"},{"floor":23.0,"key":"Fruit Juice"},{"floor":25.0,"key":"SmokeBomb"},{"floor":25.0,"key":"Poison Potion"},{"floor":29.0,"key":"Fruit Juice"},{"floor":31.0,"key":"Dexterity Potion"},{"floor":33.0,"key":"GhostInAJar"},{"floor":38.0,"key":"Poison Potion"},{"floor":40.0,"key":"PowerPotion"},{"floor":44.0,"key":"GhostInAJar"}],"is_trial":false,"path_per_floor":["M","M","$","M","M","R","E","R","T","M","?","R","E","M","R","B",null,"M","?","M","?","$","E","R","?","T","$","R","M","?","?","R","B",null,"M","?","?","M","$","E","R","?","T","M","T","$","R","E","R","B",null],"character_chosen":"THE_SILENT","items_purchased":["Dramatic Entrance","Deadly Poison","Accuracy","Apotheosis","Mango","Forethought","Deadly Poison","GhostInAJar","Prepared"],"campfire_rested":7,"item_purchase_floors":[3,3,22,39,39,39,39,46,46],"current_hp_per_floor":[63,59,59,59,48,48,48,69,69,68,68,68,70,63,63,38,70,56,56,51,51,51,8,32,32,32,32,56,61,61,46,73,15,71,65,65,65,53,67,29,60,60,60,48,48,48,79,59,90,15],"gold":38,"neow_bonus":"RANDOM_COMMON_RELIC","is_prod":false,"is_daily":false,"chose_seed":false,"campfire_upgraded":3,"win_rate":0,"timestamp":1558095182,"path_taken":["M","M","$","M","?","R","E","R","T","M","?","R","E","M","R","BOSS","M","?","?","?","?","E","R","?","T","$","R","?","?","?","R","BOSS","M","?","?","M","$","E","R","?","T","?","?","$","R","E","R","BOSS"],"build_version":"2019-01-23","purchased_purges":1,"victory":true,"max_hp_per_floor":[70,70,70,70,70,70,70,70,70,70,70,70,80,80,80,80,80,80,80,80,80,80,80,80,80,80,80,80,85,85,90,90,90,90,90,90,90,90,104,104,104,104,104,104,104,104,104,104,104,104],"card_choices":[{"not_picked":["Slice","Quick Slash"],"picked":"Finisher","floor":1.0},{"not_picked":["Bane","Dagger Spray"],"picked":"Well Laid Plans","floor":2.0},{"not_picked":["Acrobatics","Outmaneuver"],"picked":"Predator","floor":4.0},{"not_picked":["Eviscerate","Quick Slash"],"picked":"Blade Dance","floor":5.0},{"not_picked":["Prepared","Quick Slash"],"picked":"Footwork","floor":7.0},{"not_picked":["Sucker Punch","Deflect","Calculated Gamble"],"picked":"SKIP","floor":10.0},{"not_picked":["Blade Dance","Doppelganger"],"picked":"Catalyst","floor":13.0},{"not_picked":["Dash","Sucker Punch"],"picked":"Bane","floor":14.0},{"not_picked":["A Thousand Cuts","Malaise"],"picked":"Grand Finale","floor":16.0},{"not_picked":["Cloak And Dagger","Slice"],"picked":"Flying Knee+1","floor":18.0},{"not_picked":["Concentrate","Cloak And Dagger"],"picked":"Backflip","floor":20.0},{"not_picked":["Heel Hook","Poisoned Stab+1"],"picked":"Endless Agony","floor":23.0},{"not_picked":["Outmaneuver","Deadly Poison"],"picked":"Blur+1","floor":24.0},{"not_picked":["Dagger Throw+1","Riddle With Holes"],"picked":"Bane+1","floor":28.0},{"not_picked":["Poisoned Stab","Blade Dance"],"picked":"Infinite Blades+1","floor":29.0},{"not_picked":["Blur","Dagger Spray"],"picked":"Blade Dance+1","floor":31.0},{"not_picked":["Blur","Underhanded Strike+1"],"picked":"Catalyst","floor":32.0},{"not_picked":["Doppelganger","Grand Finale"],"picked":"Die Die Die","floor":33.0},{"not_picked":["Outmaneuver+1","Caltrops+1"],"picked":"Blur","floor":35.0},{"not_picked":["Calculated Gamble","Prepared"],"picked":"Deadly Poison+1","floor":38.0},{"not_picked":["PiercingWail","Slice"],"picked":"Sucker Punch+1","floor":40.0},{"not_picked":["Poisoned Stab","Predator"],"picked":"Prepared+1","floor":41.0},{"not_picked":["Purity","Blind"],"picked":"The Bomb","floor":42.0},{"not_picked":["Acrobatics+1","Deflect"],"picked":"Blade Dance+1","floor":44.0},{"not_picked":["Quick Slash","Tactician"],"picked":"Crippling Poison+1","floor":47.0},{"not_picked":["Eviscerate","All Out Attack"],"picked":"Poisoned Stab+1","floor":48.0},{"not_picked":["Concentrate","Poisoned Stab+1"],"picked":"Blade Dance+1","floor":49.0}],"player_experience":1730040,"relics_obtained":[{"floor":7.0,"key":"Orichalcum"},{"floor":9.0,"key":"Dream Catcher"},{"floor":13.0,"key":"Pear"},{"floor":23.0,"key":"Kunai"},{"floor":26.0,"key":"Smiling Mask"},{"floor":31.0,"key":"Red Mask"},{"floor":40.0,"key":"Bottled Tornado"},{"floor":43.0,"key":"Dodecahedron"},{"floor":45.0,"key":"Pen Nib"},{"floor":48.0,"key":"Mummified Hand"}],"event_choices":[{"damage_healed":0.0,"max_hp_gain":0.0,"max_hp_loss":0.0,"gold_gain":0.0,"event_name":"Golden Idol","player_choice":"Take Wound","floor":11.0,"gold_loss":0.0,"damage_taken":0.0,"relics_obtained":["Golden Idol"],"cards_obtained":["Injury"]},{"damage_healed":0.0,"max_hp_gain":0.0,"max_hp_loss":0.0,"gold_gain":0.0,"event_name":"WeMeetAgain","player_choice":"Paid Gold","floor":19.0,"gold_loss":107.0,"damage_taken":0.0,"relics_obtained":["Centennial Puzzle"]},{"cards_removed":["Injury"],"damage_healed":0.0,"max_hp_gain":0.0,"max_hp_loss":0.0,"gold_gain":0.0,"event_name":"Beggar","player_choice":"Gave Gold","floor":21.0,"gold_loss":75.0,"damage_taken":0.0},{"damage_healed":0.0,"max_hp_gain":0.0,"max_hp_loss":0.0,"gold_gain":0.0,"event_name":"The Woman in Blue","player_choice":"Bought 2 Potions","floor":25.0,"gold_loss":0.0,"damage_taken":0.0},{"damage_healed":0.0,"max_hp_gain":0.0,"max_hp_loss":0.0,"gold_gain":0.0,"event_name":"Ghosts","player_choice":"Ignored","floor":30.0,"gold_loss":0.0,"damage_taken":0.0},{"damage_healed":0.0,"max_hp_gain":0.0,"max_hp_loss":0.0,"gold_gain":0.0,"event_name":"Masked Bandits","player_choice":"Fought Bandits","floor":31.0,"gold_loss":0.0,"damage_taken":0.0},{"damage_healed":0.0,"max_hp_gain":0.0,"max_hp_loss":0.0,"gold_gain":333.0,"event_name":"The Moai Head","player_choice":"Gave Idol","floor":36.0,"relics_lost":["Golden Idol"],"gold_loss":0.0,"damage_taken":0.0},{"damage_healed":0.0,"max_hp_gain":0.0,"max_hp_loss":0.0,"gold_gain":0.0,"event_name":"Mysterious Sphere","player_choice":"Ignored","floor":37.0,"gold_loss":0.0,"damage_taken":0.0},{"damage_healed":0.0,"max_hp_gain":0.0,"max_hp_loss":0.0,"gold_gain":0.0,"event_name":"SensoryStone","player_choice":"Memory 1","floor":42.0,"gold_loss":0.0,"damage_taken":0.0}],"is_beta":false,"boss_relics":[{"not_picked":["Tiny House","Coffee Dripper"],"picked":"Philosopher\u0027s Stone"},{"not_picked":["Sozu","White Beast Statue"],"picked":"Ring of the Serpent"}],"items_purged_floors":[27],"is_endless":false,"potions_floor_spawned":[5,7,10,14,16,23,29,31,33,38,40,44],"ascension_level":7}