{"gold_per_floor":[111,130,205,13,13,13,25,25,25,25,25,25],"floor_reached":12,"playtime":1015,"items_purged":[],"score":116,"play_id":"b3785a2f-1502-414b-8ced-271fcbf2c4b5","local_time":"20190405200038","is_ascension_mode":true,"campfire_choices":[{"data":"Corruption","floor":6.0,"key":"SMITH"},{"data":"Shockwave","floor":8,"key":"SMITH"}],"neow_cost":"NONE","seed_source_timestamp":862128314703813,"circlet_count":0,"master_deck":["AscendersBane","Strike_R","Strike_R","Strike_R","Defend_R","Defend_R","Defend_R","Defend_R","Bash","Fiend Fire","Shockwave+1","Sentinel","Corruption+1","Ghostly Armor","Pummel","Inflame"],"special_seed":0,"relics":["Burning Blood","WingedGreaves","Ornamental Fan"],"potions_floor_usage":[],"damage_taken":[{"damage":0.0,"enemies":"Cultist","floor":1.0,"turns":2.0},{"damage":0.0,"enemies":"2 Louse","floor":2.0,"turns":2.0},{"damage":4,"enemies":"Small Slimes","floor":7,"turns":4},{"damage":50,"enemies":"3 Sentries","floor":12,"turns":6}],"seed_played":"-480522503662669305","potions_obtained":[],"is_trial":false,"path_per_floor":["M","M","?","$","?","R","M","R","T","?","?","E"],"character_chosen":"IRONCLAD","items_purchased":["Corruption","Ghostly Armor","Pummel"],"campfire_rested":0,"item_purchase_floors":[4,4,4],"current_hp_per_floor":[74,75,64,64,53,53,55,55,55,48,48,0],"gold":25,"neow_bonus":"ONE_RANDOM_RARE_CARD","is_prod":false,"is_daily":false,"chose_seed":false,"campfire_upgraded":2,"win_rate":0,"timestamp":1554454838,"path_taken":["M","?","?","$","?","R","M","R","T","?","?","E"],"build_version":"2019-01-23","purchased_purges":0,"victory":false,"max_hp_per_floor":[75,75,75,75,75,75,75,75,75,75,75,75],"card_choices":[{"not_picked":["Anger","Heavy Blade"],"picked":"Shockwave","floor":1.0},{"not_picked":["Warcry","Rage"],"picked":"Sentinel","floor":2.0},{"not_picked":["Body Slam","Armaments"],"picked":"Inflame","floor":7}],"player_experience":1161233,"relics_obtained":[{"floor":9,"key":"Ornamental Fan"}],"event_choices":[{"damage_healed":0.0,"max_hp_gain":0.0,"max_hp_loss":0.0,"gold_gain":75.0,"event_name":"World of Goop","player_choice":"Gather Gold","floor":3.0,"gold_loss":0.0,"damage_taken":11.0},{"damage_healed":0.0,"max_hp_gain":0.0,"max_hp_loss":0.0,"gold_gain":0.0,"event_name":"Scrap Ooze","player_choice":"Success","floor":5.0,"gold_loss":0.0,"damage_taken":11.0,"relics_obtained":["WingedGreaves"]},{"cards_removed":["Strike_R"],"damage_healed":0,"gold_gain":0,"player_choice":"Card Removal","damage_taken":7,"max_hp_gain":0,"max_hp_loss":0,"event_name":"Golden Wing","floor":10,"gold_loss":0},{"cards_removed":["Strike_R"],"damage_healed":0,"gold_gain":0,"player_choice":"Purged","damage_taken":0,"max_hp_gain":0,"max_hp_loss":0,"event_name":"Purifier","floor":11,"gold_loss":0}],"is_beta":false,"boss_relics":[],"items_purged_floors":[],"is_endless":false,"potions_floor_spawned":[],"killed_by":"3 Sentries","ascension_level":15}