{"gold_per_floor":[109,31,48,123,123,123,142,175,201,201,201,232,243,418,418,418],"floor_reached":16,"playtime":1444,"items_purged":[],"score":108,"play_id":"c393e3c5-908c-488f-904a-7a54a7f65d3a","local_time":"20190524231845","is_ascension_mode":false,"campfire_choices":[{"floor":6,"key":"RECALL"},{"floor":10,"key":"REST"},{"data":"True Grit","floor":15,"key":"SMITH"}],"neow_cost":"NONE","seed_source_timestamp":597171452687403,"circlet_count":0,"master_deck":["Strike_R","Strike_R","Strike_R","Strike_R","Strike_R","Defend_R","Defend_R","Defend_R","Defend_R","Bash+1","Sword Boomerang","Combust","Heavy Blade+1","Flex","Rampage","True Grit+1","Iron Wave","Anger","Pummel","Doubt"],"relics":["Burning Blood","Oddly Smooth Stone","Bottled Lightning"],"potions_floor_usage":[7,7],"damage_taken":[{"damage":8,"enemies":"2 Louse","floor":1,"turns":3},{"damage":5,"enemies":"Small Slimes","floor":3,"turns":4},{"damage":1,"enemies":"Jaw Worm","floor":7,"turns":2},{"damage":37,"enemies":"3 Sentries","floor":8,"turns":7},{"damage":26,"enemies":"Lagavulin","floor":12,"turns":5},{"damage":8,"enemies":"Looter","floor":13,"turns":3},{"damage":56,"enemies":"Slime Boss","floor":16,"turns":8}],"seed_played":"5647597775807202689","potions_obtained":[{"floor":1,"key":"Swift Potion"},{"floor":3,"key":"Energy Potion"}],"is_trial":false,"path_per_floor":["M","$","M","?","?","R","M","E","T","R","?","E","M","?","R","B"],"character_chosen":"IRONCLAD","items_purchased":["Heavy Blade","Flex"],"campfire_rested":1,"item_purchase_floors":[2,2],"current_hp_per_floor":[78,78,79,68,52,52,57,26,26,50,76,56,54,54,54,0],"gold":418,"neow_bonus":"THREE_CARDS","is_prod":false,"is_daily":false,"chose_seed":false,"campfire_upgraded":1,"win_rate":0,"timestamp":1558703925,"path_taken":["M","$","M","?","?","R","M","E","T","R","?","E","M","?","R","BOSS"],"build_version":"2019-01-23","purchased_purges":0,"victory":false,"max_hp_per_floor":[80,80,80,80,80,80,80,80,80,80,80,80,80,80,80,80],"card_choices":[{"not_picked":["True Grit","Warcry"],"picked":"Sword Boomerang","floor":0},{"not_picked":["Sword Boomerang","Clash"],"picked":"Combust","floor":1},{"not_picked":["Havoc","Sever Soul"],"picked":"Rampage","floor":3},{"not_picked":["Sever Soul","Clothesline"],"picked":"True Grit","floor":7},{"not_picked":["Blood for Blood","Anger"],"picked":"Iron Wave","floor":8},{"not_picked":["Clothesline","Reckless Charge"],"picked":"Anger","floor":12},{"not_picked":["Thunderclap","Carnage"],"picked":"Pummel","floor":13}],"player_experience":1976242,"relics_obtained":[{"floor":8,"key":"Oddly Smooth Stone"},{"floor":12,"key":"Bottled Lightning"}],"event_choices":[{"damage_healed":0,"gold_gain":75,"player_choice":"Gather Gold","damage_taken":11,"max_hp_gain":0,"max_hp_loss":0,"event_name":"World of Goop","floor":4,"gold_loss":0},{"damage_healed":0,"gold_gain":0,"player_choice":"Entered Light","damage_taken":16,"max_hp_gain":0,"max_hp_loss":0,"event_name":"Shining Light","floor":5,"gold_loss":0,"cards_upgraded":["Heavy Blade","Bash"]},{"damage_healed":26,"gold_gain":0,"player_choice":"Banana","damage_taken":0,"max_hp_gain":0,"max_hp_loss":0,"event_name":"Big Fish","floor":11,"gold_loss":0},{"damage_healed":0,"gold_gain":175,"player_choice":"AGREE","damage_taken":0,"max_hp_gain":0,"max_hp_loss":0,"event_name":"Liars Game","floor":14,"gold_loss":0,"cards_obtained":["Doubt"]}],"is_beta":false,"boss_relics":[],"items_purged_floors":[],"is_endless":false,"potions_floor_spawned":[1,3],"killed_by":"Slime Boss","ascension_level":0}