{"gold_per_floor":[114,134,27,27,44,77,77,77,77,77,94,112,112,125,125,227,227,241,254,61,61,61,94,94,150,175,85,85,102,117,137,137,239,289,303,313,3,16,35,35,70,170,194,194,211,211,211,226,226,226],"floor_reached":51,"playtime":7542,"items_purged":["Strike_G"],"score":858,"play_id":"8ff63691-933f-479d-b286-3629435f5d1a","local_time":"20190315005249","is_ascension_mode":true,"campfire_choices":[{"floor":7.0,"key":"REST"},{"data":"Noxious Fumes","floor":13.0,"key":"SMITH"},{"data":"Leg Sweep","floor":15.0,"key":"SMITH"},{"floor":24.0,"key":"REST"},{"floor":28.0,"key":"REST"},{"floor":32.0,"key":"REST"},{"floor":40.0,"key":"REST"},{"floor":44.0,"key":"REST"},{"floor":49,"key":"REST"}],"neow_cost":"NONE","seed_source_timestamp":0,"circlet_count":0,"master_deck":["Defend_G+1","Defend_G+1","Defend_G+1","Strike_G+1","Strike_G+1","Survivor+1","Neutralize+1","Setup+1","Leg Sweep+1","Crippling Poison+1","Heel Hook+1","Dodge and Roll+1","Poisoned Stab+1","Footwork+1","Noxious Fumes+1","Dagger Throw+1","Riddle With Holes+1","Tools of the Trade+1","Reflex+1","Quick Slash+1","Well Laid Plans+1","Distraction+1","Deflect+1","RitualDagger+1","Leg Sweep+1","Dagger Throw+1","Backflip+1","Blur+1","Deadly Poison+1","Burst+1","Noxious Fumes+1","PiercingWail+1","Poisoned Stab+1","Bullet Time+1","Bane+1","Deflect+1","Catalyst+1","Deadly Poison+1","Underhanded Strike+1","Poisoned Stab+1","PiercingWail+1"],"special_seed":0,"relics":["Ring of the Snake","Whetstone","Du-Vu Doll","Smiling Mask","Mercury Hourglass","Astrolabe","Blood Vial","Gremlin Horn","Potion Belt","Tiny Chest","Happy Flower","Tiny House","Anchor","Dream Catcher","Bronze Scales","Mark of the Bloom"],"potions_floor_usage":[50,50,50,50],"damage_taken":[{"damage":0.0,"enemies":"Cultist","floor":1.0,"turns":3.0},{"damage":5.0,"enemies":"Jaw Worm","floor":2.0,"turns":5.0},{"damage":0.0,"enemies":"Small Slimes","floor":5.0,"turns":3.0},{"damage":32.0,"enemies":"3 Sentries","floor":6.0,"turns":11.0},{"damage":2.0,"enemies":"Exordium Thugs","floor":11.0,"turns":4.0},{"damage":0.0,"enemies":"Looter","floor":12.0,"turns":3.0},{"damage":0.0,"enemies":"2 Fungi Beasts","floor":14.0,"turns":4.0},{"damage":32.0,"enemies":"Slime Boss","floor":16.0,"turns":9.0},{"damage":8.0,"enemies":"3 Byrds","floor":18.0,"turns":4.0},{"damage":5.0,"enemies":"Spheric Guardian","floor":19.0,"turns":5.0},{"damage":43.0,"enemies":"Slavers","floor":23.0,"turns":6.0},{"damage":27.0,"enemies":"Gremlin Leader","floor":25.0,"turns":7.0},{"damage":0.0,"enemies":"Centurion and Healer","floor":29.0,"turns":5.0},{"damage":18.0,"enemies":"Snake Plant","floor":30.0,"turns":4.0},{"damage":5.0,"enemies":"Snecko","floor":31.0,"turns":5.0},{"damage":18.0,"enemies":"Collector","floor":33.0,"turns":10.0},{"damage":1.0,"enemies":"Orb Walker","floor":35.0,"turns":6.0},{"damage":21.0,"enemies":"3 Darklings","floor":36.0,"turns":6.0},{"damage":30.0,"enemies":"Spire Growth","floor":38.0,"turns":7.0},{"damage":5.0,"enemies":"4 Shapes","floor":39.0,"turns":8.0},{"damage":37.0,"enemies":"Nemesis","floor":41.0,"turns":9.0},{"damage":5.0,"enemies":"Sphere and 2 Shapes","floor":45.0,"turns":6.0},{"damage":20.0,"enemies":"Spire Growth","floor":48.0,"turns":5.0},{"damage":19,"enemies":"Awakened One","floor":50,"turns":11}],"seed_played":"42331604853159476","potions_obtained":[{"floor":5.0,"key":"SpeedPotion"},{"floor":6.0,"key":"Explosive Potion"},{"floor":12.0,"key":"Dexterity Potion"},{"floor":14.0,"key":"SteroidPotion"},{"floor":18.0,"key":"Swift Potion"},{"floor":25.0,"key":"Poison Potion"},{"floor":29.0,"key":"Fruit Juice"},{"floor":34.0,"key":"Explosive Potion"},{"floor":38.0,"key":"Dexterity Potion"},{"floor":39.0,"key":"Explosive Potion"},{"floor":41.0,"key":"EntropicBrew"},{"floor":45.0,"key":"Fire Potion"}],"is_trial":false,"path_per_floor":["M","M","$","T","M","E","R","?","T","?","M","M","R","M","R","B",null,"M","M","$","?","?","E","R","E","T","?","R","M","M","M","R","B",null,"M","M","$","M","M","R","E","?","T","R","M","?","?","M","R","B",null],"character_chosen":"THE_SILENT","items_purchased":["Crippling Poison","Heel Hook","Blood Vial","Anchor","Bullet Time"],"campfire_rested":7,"item_purchase_floors":[3,3,20,37,37],"current_hp_per_floor":[70,65,65,65,65,33,54,54,54,54,52,52,52,52,52,20,70,62,57,57,51,51,10,31,6,6,6,27,29,18,15,37,21,80,79,59,59,31,28,52,17,17,17,41,38,70,70,50,50,31],"gold":226,"neow_bonus":"RANDOM_COMMON_RELIC","is_prod":false,"is_daily":false,"chose_seed":false,"campfire_upgraded":2,"win_rate":0,"timestamp":1552571569,"path_taken":["M","M","$","?","?","E","R","?","T","?","M","?","R","M","R","BOSS","M","M","$","?","?","E","R","E","T","?","R","?","M","M","R","BOSS","M","M","$","M","M","R","E","?","T","R","?","?","?","M","R","BOSS"],"build_version":"2019-01-23","purchased_purges":1,"victory":true,"max_hp_per_floor":[70,70,70,70,70,70,70,70,70,70,70,70,70,70,70,70,70,70,70,70,70,70,70,70,70,70,70,70,70,75,75,75,75,80,80,80,80,80,80,80,80,80,80,80,80,70,70,70,70,70],"card_choices":[{"not_picked":["PiercingWail","Deadly Poison"],"picked":"Setup","floor":1.0},{"not_picked":["Finisher","Tactician"],"picked":"Leg Sweep","floor":2.0},{"not_picked":["Escape Plan","Cloak And Dagger"],"picked":"Dodge and Roll","floor":5.0},{"not_picked":["Terror","Sucker Punch"],"picked":"Poisoned Stab","floor":6.0},{"not_picked":["Concentrate","Dagger Throw"],"picked":"Noxious Fumes","floor":11.0},{"not_picked":["Outmaneuver","PiercingWail"],"picked":"Dagger Throw","floor":12.0},{"not_picked":["Sucker Punch","Slice"],"picked":"Riddle With Holes","floor":14.0},{"not_picked":["Malaise","Doppelganger"],"picked":"Tools of the Trade","floor":16.0},{"not_picked":["Bane","Underhanded Strike"],"picked":"Distraction+1","floor":18.0},{"not_picked":["Sucker Punch+1","Prepared"],"picked":"Deflect","floor":19.0},{"not_picked":["Poisoned Stab","Outmaneuver"],"picked":"Leg Sweep+1","floor":23.0},{"not_picked":["Calculated Gamble","Prepared"],"picked":"Dagger Throw","floor":25.0},{"not_picked":["Quick Slash+1","Predator"],"picked":"Backflip","floor":29.0},{"not_picked":["Well Laid Plans+1","Dagger Throw"],"picked":"Blur","floor":30.0},{"not_picked":["Blade Dance+1","Calculated Gamble+1"],"picked":"Deadly Poison","floor":31.0},{"not_picked":["Grand Finale","Tools of the Trade"],"picked":"Burst","floor":33.0},{"not_picked":["Cloak And Dagger","Reflex"],"picked":"Noxious Fumes","floor":34.0},{"not_picked":["Finisher","Flechettes"],"picked":"PiercingWail+1","floor":35.0},{"not_picked":["Accuracy+1","Dagger Spray+1"],"picked":"Poisoned Stab","floor":36.0},{"not_picked":["Cloak And Dagger+1","Setup"],"picked":"Bane","floor":38.0},{"not_picked":["Poisoned Stab+1","Outmaneuver"],"picked":"Deflect+1","floor":39.0},{"not_picked":["Crippling Poison","Setup"],"picked":"Catalyst+1","floor":41.0},{"not_picked":["Bane","Glass Knife"],"picked":"Deadly Poison","floor":44.0},{"not_picked":["Setup","Backflip+1"],"picked":"Underhanded Strike","floor":45.0},{"not_picked":["Finisher+1","Caltrops+1"],"picked":"Poisoned Stab+1","floor":48},{"not_picked":["Dodge and Roll","Bouncing Flask"],"picked":"PiercingWail+1","floor":49}],"player_experience":924913,"relics_obtained":[{"floor":4.0,"key":"Du-Vu Doll"},{"floor":6.0,"key":"Smiling Mask"},{"floor":9.0,"key":"Mercury Hourglass"},{"floor":23.0,"key":"Potion Belt"},{"floor":25.0,"key":"Tiny Chest"},{"floor":26.0,"key":"Happy Flower"},{"floor":41.0,"key":"Dream Catcher"},{"floor":43.0,"key":"Bronze Scales"}],"event_choices":[{"damage_healed":0.0,"max_hp_gain":0.0,"max_hp_loss":0.0,"gold_gain":0.0,"event_name":"Living Wall","player_choice":"Grow","floor":8.0,"gold_loss":0.0,"damage_taken":0.0,"cards_upgraded":["Crippling Poison"]},{"damage_healed":0.0,"max_hp_gain":0.0,"max_hp_loss":0.0,"gold_gain":0.0,"cards_transformed":["Defend_G"],"event_name":"Transmorgrifier","player_choice":"Transformed","floor":10.0,"gold_loss":0.0,"damage_taken":0.0,"cards_obtained":["Footwork"]},{"damage_healed":0.0,"max_hp_gain":0.0,"max_hp_loss":0.0,"gold_gain":0.0,"event_name":"Nest","player_choice":"Joined the Cult","floor":21.0,"gold_loss":0.0,"damage_taken":6.0,"cards_obtained":["RitualDagger"]},{"damage_healed":0.0,"max_hp_gain":0.0,"max_hp_loss":0.0,"gold_gain":0.0,"event_name":"The Mausoleum","player_choice":"Opened","floor":22.0,"gold_loss":0.0,"damage_taken":0.0,"relics_obtained":["Gremlin Horn"],"cards_obtained":["Writhe"]},{"cards_removed":["Writhe"],"damage_healed":0.0,"max_hp_gain":0.0,"max_hp_loss":0.0,"gold_gain":0.0,"event_name":"Designer","player_choice":"Upgrade and Remove","floor":27.0,"gold_loss":90.0,"damage_taken":0.0,"cards_upgraded":["Footwork"]},{"damage_healed":0.0,"max_hp_gain":0.0,"max_hp_loss":0.0,"gold_gain":100.0,"event_name":"Golden Shrine","player_choice":"Pray","floor":42.0,"gold_loss":0.0,"damage_taken":0.0},{"damage_healed":70.0,"max_hp_gain":0.0,"max_hp_loss":10.0,"gold_gain":0.0,"event_name":"The Moai Head","player_choice":"Heal","floor":46.0,"gold_loss":0.0,"damage_taken":0.0},{"damage_healed":0.0,"max_hp_gain":0.0,"max_hp_loss":0.0,"gold_gain":0.0,"event_name":"MindBloom","player_choice":"Upgrade","floor":47.0,"gold_loss":0.0,"damage_taken":0.0,"cards_upgraded":["Defend_G","Defend_G","Defend_G","Survivor","Neutralize","Setup","Heel Hook","Dodge and Roll","Dagger Throw","Riddle With Holes","Tools of the Trade","Deflect","RitualDagger","Dagger Throw","Backflip","Blur","Deadly Poison","Burst","Noxious Fumes","Poisoned Stab","Bullet Time","Bane","Deadly Poison","Underhanded Strike"],"relics_obtained":["Mark of the Bloom"]}],"is_beta":false,"boss_relics":[{"not_picked":["Eternal Feather","Lizard Tail"],"picked":"Astrolabe"},{"not_picked":["Coffee Dripper","WristBlade"],"picked":"Tiny House"}],"items_purged_floors":[20],"is_endless":false,"potions_floor_spawned":[5,6,12,14,18,25,29,38,39,41,45],"ascension_level":4}