{"gold_per_floor":[112,129,143,31,48,48,82,82,82,107,107,107,132,132,132,233,233,219,253,10,22,33,33],"floor_reached":23,"playtime":9039,"items_purged":["Strike_R","Defend_R"],"score":230,"play_id":"58e59df5-8078-4f87-a355-ef5dd2168fdf","local_time":"20190129215944","is_ascension_mode":true,"campfire_choices":[{"data":"Flame Barrier","floor":6.0,"key":"SMITH"},{"floor":12.0,"key":"REST"},{"floor":15.0,"key":"REST"}],"neow_cost":"NONE","seed_source_timestamp":6779014384092,"circlet_count":0,"master_deck":["Strike_R","Strike_R","Strike_R","Defend_R","Defend_R","Defend_R+1","Bash+1","Blind","Heavy Blade","True Grit","Body Slam","Evolve","Flame Barrier+1","Pommel Strike","Berserk","Parasite","Twin Strike","Fiend Fire","Havoc+1","Armaments","Enlightenment","Shrug It Off+1","Pommel Strike+1"],"special_seed":0,"relics":["Burning Blood","Blue Candle","Matryoshka","Centennial Puzzle","Cursed Key","Red Mask"],"potions_floor_usage":[23],"damage_taken":[{"damage":7.0,"enemies":"Jaw Worm","floor":1.0,"turns":5.0},{"damage":4.0,"enemies":"2 Louse","floor":2.0,"turns":3.0},{"damage":2.0,"enemies":"Small Slimes","floor":3.0,"turns":3.0},{"damage":7.0,"enemies":"3 Louse","floor":5.0,"turns":4.0},{"damage":41.0,"enemies":"Lagavulin","floor":7.0,"turns":8.0},{"damage":23.0,"enemies":"3 Sentries","floor":10.0,"turns":9.0},{"damage":28.0,"enemies":"Gremlin Nob","floor":13.0,"turns":5.0},{"damage":24.0,"enemies":"Hexaghost","floor":16.0,"turns":10.0},{"damage":18,"enemies":"2 Thieves","floor":18,"turns":4},{"damage":48,"enemies":"Masked Bandits","floor":19,"turns":5},{"damage":4,"enemies":"Chosen","floor":21,"turns":4},{"damage":22,"enemies":"Centurion and Healer","floor":22,"turns":6},{"damage":22,"enemies":"Slavers","floor":23,"turns":1}],"seed_played":"706558399178301334","potions_obtained":[{"floor":2.0,"key":"Fire Potion"},{"floor":5.0,"key":"PowerPotion"},{"floor":16.0,"key":"Energy Potion"},{"floor":21,"key":"SteroidPotion"}],"is_trial":false,"path_per_floor":["M","M","M","$","M","R","E","?","T","E","?","R","E","?","R","B",null,"M","?","$","M","M","E"],"character_chosen":"IRONCLAD","items_purchased":["Evolve","Armaments","Enlightenment"],"campfire_rested":2,"item_purchase_floors":[4,20,20],"current_hp_per_floor":[79,80,80,80,79,79,44,37,37,20,40,64,42,26,50,32,80,68,26,26,28,12,0],"gold":33,"neow_bonus":"RANDOM_COLORLESS","is_prod":false,"is_daily":false,"chose_seed":false,"campfire_upgraded":1,"win_rate":0,"timestamp":1548759584,"path_taken":["M","M","M","$","M","R","E","?","T","E","?","R","E","?","R","BOSS","M","?","$","M","M","E"],"build_version":"2019-01-23","purchased_purges":2,"victory":false,"max_hp_per_floor":[80,80,80,80,80,80,80,80,80,80,80,80,80,80,80,80,80,80,80,80,80,80,80],"card_choices":[{"not_picked":["Rampage","Havoc"],"picked":"Heavy Blade","floor":1.0},{"not_picked":["Intimidate","Iron Wave"],"picked":"True Grit","floor":2.0},{"not_picked":["Iron Wave","Clothesline"],"picked":"Body Slam","floor":3.0},{"not_picked":["Sword Boomerang","Clothesline"],"picked":"Flame Barrier","floor":5.0},{"not_picked":["Burning Pact","Sentinel"],"picked":"Pommel Strike","floor":7.0},{"not_picked":["Disarm","Sword Boomerang"],"picked":"Berserk","floor":10.0},{"not_picked":["Thunderclap","Corruption"],"picked":"Twin Strike","floor":13.0},{"not_picked":["Immolate","Brutality"],"picked":"Fiend Fire","floor":16.0},{"not_picked":["Shrug It Off","Clash"],"picked":"Havoc+1","floor":18},{"not_picked":["Iron Wave","Combust"],"picked":"Shrug It Off+1","floor":21},{"not_picked":["Cleave+1","Dual Wield"],"picked":"Pommel Strike+1","floor":22}],"player_experience":179302,"relics_obtained":[{"floor":7.0,"key":"Blue Candle"},{"floor":10.0,"key":"Matryoshka"},{"floor":13.0,"key":"Centennial Puzzle"},{"floor":19,"key":"Red Mask"}],"event_choices":[{"cards_removed":["Strike_R"],"damage_healed":0.0,"max_hp_gain":0.0,"max_hp_loss":0.0,"gold_gain":0.0,"event_name":"Golden Wing","player_choice":"Card Removal","floor":8.0,"gold_loss":0.0,"damage_taken":7.0},{"damage_healed":20.0,"max_hp_gain":0.0,"max_hp_loss":0.0,"gold_gain":0.0,"event_name":"Mushrooms","player_choice":"Healed and dodged fight","floor":11.0,"gold_loss":0.0,"damage_taken":0.0,"cards_obtained":["Parasite"]},{"damage_healed":0.0,"max_hp_gain":0.0,"max_hp_loss":0.0,"gold_gain":0.0,"event_name":"Shining Light","player_choice":"Entered Light","floor":14.0,"gold_loss":0.0,"damage_taken":16.0,"cards_upgraded":["Bash","Defend_R"]},{"damage_healed":0,"gold_gain":0,"player_choice":"Fought Bandits","damage_taken":0,"max_hp_gain":0,"max_hp_loss":0,"event_name":"Masked Bandits","floor":19,"gold_loss":0}],"is_beta":false,"boss_relics":[{"not_picked":["Tiny House","Empty Cage"],"picked":"Cursed Key"}],"items_purged_floors":[4,20],"is_endless":false,"potions_floor_spawned":[2,5,16,21],"killed_by":"Slavers","ascension_level":2}