{"gold_per_floor":[109,209,227,244,257,257,291,313,325,337,349,388,420,443,455,467],"floor_reached":16,"playtime":645,"items_purged":[],"score":205,"play_id":"7b05d2d1-3f37-4297-a101-765fcf53cd3c","local_time":"20190610143159","is_ascension_mode":true,"campfire_choices":[{"data":"Whirlwind","floor":6.0,"key":"SMITH"},{"data":"Bash","floor":15,"key":"SMITH"}],"neow_cost":"NONE","seed_source_timestamp":87172514867811,"circlet_count":0,"master_deck":["AscendersBane","Strike_R","Strike_R","Strike_R","Strike_R","Defend_R","Defend_R","Defend_R","Defend_R","Bash+1","Shrug It Off","Warcry","Iron Wave","Whirlwind+1","Reaper","Clothesline","Ghostly Armor"],"special_seed":0,"relics":["Burning Blood","MawBank","Ornamental Fan","Meat on the Bone","Mercury Hourglass"],"potions_floor_usage":[12,16,16],"damage_taken":[{"damage":4.0,"enemies":"Small Slimes","floor":1.0,"turns":6.0},{"damage":1.0,"enemies":"Cultist","floor":3.0,"turns":5.0},{"damage":8.0,"enemies":"Jaw Worm","floor":4.0,"turns":5.0},{"damage":18.0,"enemies":"Looter","floor":5.0,"turns":4.0},{"damage":12.0,"enemies":"3 Sentries","floor":7.0,"turns":4.0},{"damage":9.0,"enemies":"3 Louse","floor":8.0,"turns":2.0},{"damage":36,"enemies":"Gremlin Nob","floor":12,"turns":5},{"damage":7,"enemies":"Lots of Slimes","floor":13,"turns":2},{"damage":10,"enemies":"Red Slaver","floor":14,"turns":5},{"damage":49,"enemies":"The Guardian","floor":16,"turns":14}],"seed_played":"2719574707332370162","potions_obtained":[{"floor":1.0,"key":"Swift Potion"},{"floor":3.0,"key":"Energy Potion"},{"floor":13,"key":"Dexterity Potion"},{"floor":14,"key":"Block Potion"}],"is_trial":false,"path_per_floor":["M","?","M","M","M","R","E","M","T","?","?","E","M","M","R","B"],"character_chosen":"IRONCLAD","items_purchased":[],"campfire_rested":0,"item_purchase_floors":[],"current_hp_per_floor":[77,77,82,80,68,68,62,71,71,45,38,20,31,43,43,0],"gold":467,"neow_bonus":"TEN_PERCENT_HP_BONUS","is_prod":false,"is_daily":false,"chose_seed":false,"campfire_upgraded":2,"win_rate":0,"timestamp":1560169919,"path_taken":["M","?","M","?","M","R","E","M","T","?","?","E","M","M","R","BOSS"],"build_version":"2019-01-23","purchased_purges":0,"victory":false,"max_hp_per_floor":[82,82,82,82,82,82,82,82,82,82,82,82,82,82,82,82],"card_choices":[{"not_picked":["Clash","Havoc"],"picked":"Shrug It Off","floor":1.0},{"not_picked":["Rupture","Perfected Strike"],"picked":"Warcry","floor":3.0},{"not_picked":["Warcry","Wild Strike"],"picked":"Iron Wave","floor":4.0},{"not_picked":["Ghostly Armor","Corruption"],"picked":"Whirlwind","floor":5.0},{"not_picked":["Pommel Strike","Heavy Blade"],"picked":"Reaper","floor":7.0},{"not_picked":["Body Slam","Whirlwind","Burning Pact"],"picked":"SKIP","floor":8.0},{"not_picked":["Barricade","Sword Boomerang"],"picked":"Clothesline","floor":12},{"not_picked":["Wild Strike","Body Slam"],"picked":"Ghostly Armor","floor":13},{"not_picked":["Sword Boomerang","Heavy Blade","Uppercut"],"picked":"SKIP","floor":14}],"player_experience":733932,"relics_obtained":[{"floor":7.0,"key":"MawBank"},{"floor":9.0,"key":"Ornamental Fan"},{"floor":12,"key":"Mercury Hourglass"}],"event_choices":[{"damage_healed":0.0,"max_hp_gain":0.0,"max_hp_loss":0.0,"gold_gain":100.0,"event_name":"Wheel of Change","player_choice":"Gold","floor":2.0,"gold_loss":0.0,"damage_taken":0.0},{"damage_healed":0.0,"max_hp_gain":0.0,"max_hp_loss":0.0,"gold_gain":0.0,"event_name":"Scrap Ooze","player_choice":"Success","floor":10.0,"gold_loss":0.0,"damage_taken":26.0,"relics_obtained":["Meat on the Bone"]},{"cards_removed":["Strike_R"],"damage_healed":0.0,"max_hp_gain":0.0,"max_hp_loss":0.0,"gold_gain":0.0,"event_name":"Golden Wing","player_choice":"Card Removal","floor":11.0,"gold_loss":0.0,"damage_taken":7.0}],"is_beta":false,"boss_relics":[],"items_purged_floors":[],"is_endless":false,"potions_floor_spawned":[1,3,13,14],"killed_by":"The Guardian","ascension_level":16}