{"gold_per_floor":[118,134,134,149,74,74,349,383,383,408,3,3,20,47,47,146,146,160,160,174,184,184,184,219,219,300,326,97,97,127,26,26,124,124,142,153,253,253,253,264,264,295,295,311,327,16,16,16,16,16],"floor_reached":50,"playtime":116374,"items_purged":["Defend_B"],"score":678,"play_id":"77775a97-7dd8-4039-ae25-cf3cf5a50203","local_time":"20190211224958","is_ascension_mode":true,"campfire_choices":[{"data":"Chaos","floor":6,"key":"SMITH"},{"floor":12,"key":"REST"},{"data":"Dualcast","floor":15,"key":"SMITH"},{"data":"Turbo","floor":23,"key":"SMITH"},{"floor":25,"key":"REST"},{"floor":32,"key":"REST"},{"data":"Regret","floor":41,"key":"PURGE"},{"data":"Writhe","floor":47,"key":"PURGE"},{"floor":49,"key":"REST"}],"neow_cost":"NONE","seed_source_timestamp":418432547386126,"circlet_count":0,"master_deck":["Zap+1","Dualcast+1","Stack","Undo","Stack","Chaos+1","Self Repair+1","Storm+1","Sunder","Loop+1","Buffer+1","Static Discharge+1","Tempest","Storm+1","Rebound","Double Energy","Reprogram","BootSequence","Capacitor+1","Turbo+1","Hello World+1","Self Repair+1","Amplify","Seek","Echo Form+1","Streamline+1","Capacitor+1","Leap","Leap+1","Chill+1","Biased Cognition+1"],"relics":["Cracked Core","Frozen Egg 2","Bag of Marbles","Bag of Preparation","Toy Ornithopter","FossilizedHelix","Pandora\u0027s Box","StoneCalendar","Peace Pipe","Singing Bowl","Regal Pillow","Enchiridion","Blood Vial","White Beast Statue","Dead Branch","Bronze Scales","Unceasing Top","Sundial","Mummified Hand"],"potions_floor_usage":[4,8,14,16,24,30,30,30,33,33,33,40,40,42,42,44,50,50,50],"damage_taken":[{"damage":0,"enemies":"Small Slimes","floor":1,"turns":3},{"damage":0,"enemies":"Cultist","floor":2,"turns":3},{"damage":3,"enemies":"Jaw Worm","floor":4,"turns":3},{"damage":26,"enemies":"Gremlin Nob","floor":8,"turns":4},{"damage":23,"enemies":"3 Sentries","floor":10,"turns":7},{"damage":6,"enemies":"Gremlin Gang","floor":13,"turns":4},{"damage":19,"enemies":"Lagavulin","floor":14,"turns":5},{"damage":20,"enemies":"Hexaghost","floor":16,"turns":7},{"damage":24,"enemies":"Shell Parasite","floor":18,"turns":3},{"damage":1,"enemies":"Chosen","floor":20,"turns":3},{"damage":20,"enemies":"Centurion and Healer","floor":21,"turns":5},{"damage":23,"enemies":"Gremlin Leader","floor":24,"turns":5},{"damage":32,"enemies":"Book of Stabbing","floor":27,"turns":4},{"damage":30,"enemies":"Gremlin Leader","floor":30,"turns":5},{"damage":33,"enemies":"Champ","floor":33,"turns":7},{"damage":24,"enemies":"3 Darklings","floor":35,"turns":3},{"damage":0,"enemies":"3 Shapes","floor":36,"turns":2},{"damage":0,"enemies":"Mind Bloom Boss Battle","floor":37,"turns":4},{"damage":12,"enemies":"Sphere and 2 Shapes","floor":40,"turns":3},{"damage":41,"enemies":"Reptomancer","floor":42,"turns":6},{"damage":20,"enemies":"4 Shapes","floor":44,"turns":4},{"damage":0,"enemies":"Jaw Worm Horde","floor":45,"turns":3},{"damage":104,"enemies":"Awakened One","floor":50,"turns":6}],"seed_played":"1942784831008435245","potions_obtained":[{"floor":2,"key":"EssenceOfSteel"},{"floor":4,"key":"Strength Potion"},{"floor":13,"key":"Explosive Potion"},{"floor":14,"key":"Swift Potion"},{"floor":21,"key":"FearPotion"},{"floor":24,"key":"FocusPotion"},{"floor":30,"key":"Weak Potion"},{"floor":35,"key":"Energy Potion"},{"floor":36,"key":"SteroidPotion"},{"floor":37,"key":"EssenceOfSteel"},{"floor":40,"key":"Swift Potion"},{"floor":42,"key":"AttackPotion"},{"floor":44,"key":"Dexterity Potion"},{"floor":45,"key":"Fire Potion"}],"is_trial":false,"path_per_floor":["M","M","?","M","$","R","?","E","T","E","$","R","M","E","R","B",null,"M","?","M","M","?","R","E","R","T","E","$","?","E","$","R","B",null,"M","M","?","?","T","M","R","E","T","M","M","$","R","$","R","B"],"character_chosen":"DEFECT","items_purchased":["Toy Ornithopter","Storm+1","Sunder","FearPotion","Self Repair+1","Amplify","Dexterity Potion","AttackPotion","Block Potion","Mummified Hand","SteroidPotion"],"campfire_rested":4,"item_purchase_floors":[11,11,11,11,28,28,28,31,31,46,46],"current_hp_per_floor":[75,75,75,72,72,72,72,46,46,23,23,45,49,45,45,40,75,61,47,56,46,46,46,38,62,62,40,40,24,29,29,68,67,80,56,68,80,80,80,80,80,59,59,56,58,58,58,58,80,0],"gold":16,"neow_bonus":"UPGRADE_CARD","is_prod":false,"is_daily":false,"chose_seed":false,"campfire_upgraded":3,"win_rate":0,"timestamp":1549885798,"path_taken":["M","M","?","?","$","R","?","E","T","E","$","R","?","E","R","BOSS","M","?","M","M","?","R","E","R","T","E","?","?","E","?","R","BOSS","M","M","?","?","?","M","R","E","T","M","M","$","R","?","R","BOSS"],"build_version":"2019-01-23","purchased_purges":1,"victory":false,"max_hp_per_floor":[75,75,75,75,75,75,75,75,75,75,75,75,75,75,75,75,75,75,80,80,80,80,80,80,80,80,80,80,80,80,80,80,80,80,80,80,80,80,80,80,80,80,80,80,80,80,80,80,80,80],"card_choices":[{"not_picked":["Beam Cell","FTL"],"picked":"Stack","floor":1},{"not_picked":["Redo","Hologram"],"picked":"Undo","floor":2},{"not_picked":["Reinforced Body","Cold Snap"],"picked":"Chaos","floor":4},{"not_picked":["Aggregate","Glacier","Undo"],"picked":"SKIP","floor":8},{"not_picked":["Machine Learning+1","Conserve Battery"],"picked":"Self Repair+1","floor":10},{"not_picked":["Turbo","Hello World+1"],"picked":"Loop+1","floor":13},{"not_picked":["Coolheaded","Reinforced Body"],"picked":"Rebound","floor":14},{"not_picked":["All For One","Amplify"],"picked":"Buffer+1","floor":16},{"not_picked":["Steam+1","Leap"],"picked":"BootSequence","floor":18},{"not_picked":["Redo","Sweeping Beam"],"picked":"Capacitor+1","floor":20},{"not_picked":["Capacitor+1","Compile Driver"],"picked":"Turbo","floor":21},{"not_picked":["Compile Driver+1","Hologram","Reprogram"],"picked":"SKIP","floor":24},{"not_picked":["Ball Lightning","Coolheaded+1"],"picked":"Hello World+1","floor":27},{"not_picked":["Rip and Tear","Streamline"],"picked":"Seek","floor":30},{"not_picked":["Reboot","Core Surge"],"picked":"Echo Form+1","floor":33},{"not_picked":["Gash","Steam+1"],"picked":"Streamline+1","floor":35},{"not_picked":["Genetic Algorithm","Blizzard+1"],"picked":"Capacitor+1","floor":36},{"not_picked":["Reinforced Body","Turbo+1"],"picked":"Leap","floor":37},{"not_picked":["Streamline+1","Sweeping Beam+1"],"picked":"Leap+1","floor":40},{"not_picked":["Streamline","Rebound+1"],"picked":"Chill+1","floor":42},{"not_picked":["Compile Driver+1","Leap+1"],"picked":"Biased Cognition+1","floor":44},{"not_picked":["Cold Snap+1","Heatsinks+1","Ball Lightning+1"],"picked":"SKIP","floor":45}],"player_experience":330091,"relics_obtained":[{"floor":8,"key":"Frozen Egg 2"},{"floor":9,"key":"Bag of Marbles"},{"floor":10,"key":"Bag of Preparation"},{"floor":14,"key":"FossilizedHelix"},{"floor":24,"key":"Peace Pipe"},{"floor":26,"key":"Singing Bowl"},{"floor":27,"key":"Regal Pillow"},{"floor":29,"key":"Enchiridion"},{"floor":30,"key":"Blood Vial"},{"floor":37,"key":"Dead Branch"},{"floor":39,"key":"Bronze Scales"},{"floor":42,"key":"Unceasing Top"},{"floor":43,"key":"Sundial"}],"event_choices":[{"damage_healed":0,"gold_gain":0,"cards_transformed":["Defend_B"],"player_choice":"Transformed","damage_taken":0,"max_hp_gain":0,"max_hp_loss":0,"event_name":"Transmorgrifier","floor":3,"gold_loss":0,"cards_obtained":["Stack"]},{"damage_healed":0,"gold_gain":275,"player_choice":"Desecrate","damage_taken":0,"max_hp_gain":0,"max_hp_loss":0,"event_name":"Golden Shrine","floor":7,"gold_loss":0,"cards_obtained":["Regret"]},{"damage_healed":0,"gold_gain":0,"player_choice":"Shed Blood","damage_taken":19,"max_hp_gain":5,"max_hp_loss":0,"event_name":"Forgotten Altar","floor":19,"gold_loss":0},{"damage_healed":0,"gold_gain":0,"player_choice":"Opened","damage_taken":0,"relics_obtained":["StoneCalendar"],"max_hp_gain":0,"max_hp_loss":0,"event_name":"The Mausoleum","floor":22,"gold_loss":0,"cards_obtained":["Writhe"]},{"damage_healed":0,"gold_gain":0,"player_choice":"Obtained Book","damage_taken":16,"max_hp_gain":0,"max_hp_loss":0,"event_name":"Cursed Tome","floor":29,"gold_loss":0},{"damage_healed":0,"gold_gain":0,"player_choice":"Fight","damage_taken":0,"max_hp_gain":0,"max_hp_loss":0,"event_name":"MindBloom","floor":37,"gold_loss":0},{"cards_removed":["Rebound"],"damage_healed":0,"gold_gain":0,"player_choice":"Removed Attack","damage_taken":0,"max_hp_gain":0,"max_hp_loss":0,"event_name":"Falling","floor":38,"gold_loss":0}],"is_beta":false,"boss_relics":[{"not_picked":["Inserter","Calling Bell"],"picked":"Pandora\u0027s Box"},{"not_picked":["Empty Cage","Eternal Feather"],"picked":"White Beast Statue"}],"items_purged_floors":[5],"is_endless":false,"potions_floor_spawned":[2,4,13,14,21,24,30,35,36,37,40,42,44,45],"killed_by":"Awakened One","ascension_level":4}