{"gold_per_floor":[113,124,139,149,160,191,191,40,40,58,58,69,101,54,54,159,159,177,196,209,32,32,32,32,32,32,32,67,67,87,87,87,87],"floor_reached":33,"playtime":9421,"items_purged":["Strike_B","Strike_B"],"score":371,"play_id":"396a9f68-2a1f-4cc6-8fb4-a6b18df1f40e","local_time":"20190503222523","is_ascension_mode":true,"campfire_choices":[{"data":"Recycle","floor":7.0,"key":"SMITH"},{"data":"Storm","floor":11.0,"key":"SMITH"},{"data":"Static Discharge","floor":15.0,"key":"SMITH"},{"data":"Zap","floor":23.0,"key":"SMITH"},{"data":"Redo","floor":25.0,"key":"SMITH"},{"floor":29.0,"key":"REST"},{"floor":32.0,"key":"DIG"}],"neow_cost":"NONE","seed_source_timestamp":0,"circlet_count":0,"master_deck":["Strike_B","Strike_B","Defend_B","Defend_B","Defend_B","Defend_B","Zap+1","Dualcast","Finesse","Genetic Algorithm","Cold Snap","Self Repair","Sunder","Steam","Recycle+1","Storm+1","Melter","Coolheaded","Static Discharge+1","Redo+1","Buffer","Cold Snap+1","All For One","Coolheaded+1","Loop","RitualDagger","Glacier","Leap+1","Self Repair+1","Ghostly","Ghostly","Ghostly","Ghostly","Ghostly"],"special_seed":0,"relics":["FrozenCore","Shovel","Mercury Hourglass","Art of War","Frozen Egg 2","Dead Branch","Lantern"],"potions_floor_usage":[],"damage_taken":[{"damage":1.0,"enemies":"Cultist","floor":1.0,"turns":3.0},{"damage":11.0,"enemies":"Small Slimes","floor":2.0,"turns":4.0},{"damage":5.0,"enemies":"2 Louse","floor":3.0,"turns":2.0},{"damage":6.0,"enemies":"Looter","floor":4.0,"turns":3.0},{"damage":4.0,"enemies":"2 Fungi Beasts","floor":5.0,"turns":3.0},{"damage":13.0,"enemies":"Gremlin Nob","floor":6.0,"turns":4.0},{"damage":0.0,"enemies":"Blue Slaver","floor":10.0,"turns":2.0},{"damage":8.0,"enemies":"Lots of Slimes","floor":12.0,"turns":3.0},{"damage":2.0,"enemies":"Lagavulin","floor":13.0,"turns":6.0},{"damage":30.0,"enemies":"Hexaghost","floor":16.0,"turns":7.0},{"damage":2.0,"enemies":"3 Byrds","floor":18.0,"turns":3.0},{"damage":7.0,"enemies":"Shell Parasite","floor":19.0,"turns":5.0},{"damage":19.0,"enemies":"Cultist and Chosen","floor":20.0,"turns":6.0},{"damage":50.0,"enemies":"Gremlin Leader","floor":28.0,"turns":10.0},{"damage":12.0,"enemies":"Snake Plant","floor":30.0,"turns":2.0},{"damage":39,"enemies":"Automaton","floor":33,"turns":14}],"seed_played":"1679404895471071261","potions_obtained":[{"floor":2.0,"key":"Weak Potion"},{"floor":4.0,"key":"Regen Potion"},{"floor":5.0,"key":"Explosive Potion"},{"floor":10.0,"key":"Regen Potion"},{"floor":16.0,"key":"Strength Potion"},{"floor":18.0,"key":"LiquidBronze"},{"floor":19.0,"key":"Dexterity Potion"}],"is_trial":false,"path_per_floor":["M","M","M","M","M","E","R","$","T","M","R","M","E","$","R","B",null,"M","M","M","$","?","R","?","R","T","$","E","R","M","?","R","B"],"character_chosen":"DEFECT","items_purchased":["Storm","Redo","Loop"],"campfire_rested":1,"item_purchase_floors":[8,14,21],"current_hp_per_floor":[74,63,58,59,62,68,68,68,68,68,68,67,72,72,72,64,72,75,75,63,63,57,57,57,57,57,57,14,36,31,31,31,0],"gold":87,"neow_bonus":"RANDOM_COLORLESS","is_prod":false,"is_daily":false,"chose_seed":false,"campfire_upgraded":5,"win_rate":0,"timestamp":1556886323,"path_taken":["M","M","?","M","M","E","R","?","T","M","R","M","E","$","R","BOSS","M","M","M","$","?","R","?","R","T","$","E","R","M","?","R","BOSS"],"build_version":"2019-01-23","purchased_purges":2,"victory":false,"max_hp_per_floor":[75,75,75,75,75,75,75,75,75,75,75,75,75,75,75,75,75,75,75,75,75,75,75,75,75,75,75,75,75,75,37,37,37],"card_choices":[{"not_picked":["Sweeping Beam","Barrage"],"picked":"Genetic Algorithm","floor":1.0},{"not_picked":["Rebound","Conserve Battery"],"picked":"Cold Snap","floor":2.0},{"not_picked":["Hologram","Compile Driver"],"picked":"Self Repair","floor":3.0},{"not_picked":["Double Energy","Stack"],"picked":"Sunder","floor":4.0},{"not_picked":["Streamline","Go for the Eyes"],"picked":"Steam","floor":5.0},{"not_picked":["Go for the Eyes","Sweeping Beam"],"picked":"Recycle","floor":6.0},{"not_picked":["Rebound","Hologram"],"picked":"Melter","floor":10.0},{"not_picked":["Reprogram","Streamline"],"picked":"Coolheaded","floor":12.0},{"not_picked":["Coolheaded","Hyperbeam"],"picked":"Static Discharge","floor":13.0},{"not_picked":["Biased Cognition","Machine Learning"],"picked":"Buffer","floor":16.0},{"not_picked":["Go for the Eyes","Leap"],"picked":"Cold Snap+1","floor":18.0},{"not_picked":["Undo","White Noise+1"],"picked":"All For One","floor":19.0},{"not_picked":["Beam Cell","Turbo+1"],"picked":"Coolheaded+1","floor":20.0},{"not_picked":["Chaos","Darkness"],"picked":"Leap+1","floor":28.0},{"not_picked":["White Noise","Conserve Battery"],"picked":"Self Repair+1","floor":30.0}],"player_experience":1497955,"relics_obtained":[{"floor":6.0,"key":"Shovel"},{"floor":9.0,"key":"Mercury Hourglass"},{"floor":13.0,"key":"Art of War"},{"floor":26.0,"key":"Frozen Egg 2"},{"floor":28.0,"key":"Dead Branch"},{"floor":32.0,"key":"Lantern"}],"event_choices":[{"damage_healed":0.0,"max_hp_gain":0.0,"max_hp_loss":0.0,"gold_gain":0.0,"event_name":"Nest","player_choice":"Joined the Cult","floor":22.0,"gold_loss":0.0,"damage_taken":6.0,"cards_obtained":["RitualDagger"]},{"damage_healed":0.0,"max_hp_gain":0.0,"max_hp_loss":0.0,"gold_gain":0.0,"event_name":"The Library","player_choice":"Read","floor":24.0,"gold_loss":0.0,"damage_taken":0.0,"cards_obtained":["Glacier"]},{"damage_healed":0.0,"max_hp_gain":0.0,"max_hp_loss":38.0,"gold_gain":0.0,"event_name":"Ghosts","player_choice":"Became a Ghost","floor":31.0,"gold_loss":0.0,"damage_taken":0.0,"cards_obtained":["Ghostly","Ghostly","Ghostly","Ghostly","Ghostly"]}],"is_beta":false,"boss_relics":[{"not_picked":["Velvet Choker","Philosopher\u0027s Stone"],"picked":"FrozenCore"}],"items_purged_floors":[8,21],"is_endless":false,"potions_floor_spawned":[2,4,5,10,16,18,19,20],"killed_by":"Automaton","ascension_level":5}