{"gold_per_floor":[114,289,389,403,421,421,448,723,769,769,769],"floor_reached":11,"playtime":743,"items_purged":[],"score":121,"play_id":"76511a4f-d7c5-4c1e-b128-074fec106db1","local_time":"20190331002522","is_ascension_mode":true,"campfire_choices":[{"data":"Armaments","floor":6,"key":"SMITH"},{"floor":10,"key":"REST"}],"neow_cost":"NONE","seed_source_timestamp":359925298909024,"circlet_count":0,"master_deck":["AscendersBane","Strike_R","Strike_R","Strike_R","Strike_R","Defend_R","Defend_R","Defend_R","Defend_R","Bash","Armaments+1","Doubt","Shrug It Off","Pummel","Feel No Pain","Regret"],"relics":["Burning Blood","Anchor","Potion Belt"],"potions_floor_usage":[5],"damage_taken":[{"damage":18,"enemies":"Jaw Worm","floor":1,"turns":4},{"damage":2,"enemies":"2 Louse","floor":4,"turns":4},{"damage":11,"enemies":"Cultist","floor":5,"turns":7},{"damage":53,"enemies":"Lagavulin","floor":7,"turns":11},{"damage":30,"enemies":"Large Slime","floor":11,"turns":7}],"seed_played":"8509225097978215452","potions_obtained":[{"floor":4,"key":"Block Potion"}],"is_trial":false,"path_per_floor":["M","?","?","M","M","R","E","?","T","R","M"],"character_chosen":"IRONCLAD","items_purchased":[],"campfire_rested":1,"item_purchase_floors":[],"current_hp_per_floor":[56,56,56,60,55,55,8,8,8,30,0],"gold":769,"neow_bonus":"REMOVE_CARD","is_prod":false,"is_daily":false,"chose_seed":false,"campfire_upgraded":1,"win_rate":0,"timestamp":1553952322,"path_taken":["M","?","?","?","M","R","E","?","T","R","?"],"build_version":"2019-01-23","purchased_purges":0,"victory":false,"max_hp_per_floor":[75,75,75,75,75,75,75,75,75,75,75],"card_choices":[{"not_picked":["Thunderclap","Perfected Strike"],"picked":"Armaments","floor":1},{"not_picked":["Anger","Searing Blow"],"picked":"Shrug It Off","floor":4},{"not_picked":["Warcry","True Grit"],"picked":"Pummel","floor":5},{"not_picked":["Rampage","Pummel"],"picked":"Feel No Pain","floor":7}],"player_experience":1131367,"relics_obtained":[{"floor":7,"key":"Anchor"},{"floor":9,"key":"Potion Belt"}],"event_choices":[{"damage_healed":0,"gold_gain":175,"player_choice":"AGREE","damage_taken":0,"max_hp_gain":0,"max_hp_loss":0,"event_name":"Liars Game","floor":2,"gold_loss":0,"cards_obtained":["Doubt"]},{"damage_healed":0,"gold_gain":100,"player_choice":"Gold","damage_taken":0,"max_hp_gain":0,"max_hp_loss":0,"event_name":"Wheel of Change","floor":3,"gold_loss":0},{"damage_healed":0,"gold_gain":275,"player_choice":"Desecrate","damage_taken":0,"max_hp_gain":0,"max_hp_loss":0,"event_name":"Golden Shrine","floor":8,"gold_loss":0,"cards_obtained":["Regret"]}],"is_beta":false,"boss_relics":[],"items_purged_floors":[],"is_endless":false,"potions_floor_spawned":[4],"killed_by":"Large Slime","ascension_level":14}