{"gold_per_floor":[112,131,131,150,150,162,46,46,46,71,91,116,41,59,59,164,164,175,185,197,215,232,232,232,147,197,212,244,244],"floor_reached":29,"playtime":1355,"items_purged":["Strike_R"],"score":414,"play_id":"c9827183-1707-46a1-b615-14a5d9dae6f7","local_time":"20190616083845","is_ascension_mode":true,"campfire_choices":[{"data":"Intimidate","floor":8.0,"key":"SMITH"},{"data":"Perfected Strike","floor":15.0,"key":"SMITH"},{"data":"Inflame","floor":23.0,"key":"SMITH"}],"neow_cost":"NONE","seed_source_timestamp":122944738379947,"circlet_count":0,"master_deck":["AscendersBane","Strike_R+1","Strike_R+1","Strike_R+1","Defend_R+1","Defend_R+1","Defend_R+1","Defend_R+1","Bash","Shockwave+1","Twin Strike","Ghostly Armor","Pommel Strike","Intimidate+1","Pommel Strike","Perfected Strike+1","Twin Strike","Inflame+1","True Grit","Feed","Decay","Injury","Clumsy","Pommel Strike+1","Feel No Pain","Headbutt+1","Spot Weakness","Armaments+1","Reaper","Shockwave"],"special_seed":0,"relics":["Burning Blood","Blood Vial","Darkstone Periapt","Torii","Calling Bell","Centennial Puzzle","Sundial","Unceasing Top","PreservedInsect","Juzu Bracelet","Girya"],"potions_floor_usage":[28,28],"damage_taken":[{"damage":7.0,"enemies":"Small Slimes","floor":1.0,"turns":4.0},{"damage":7.0,"enemies":"2 Louse","floor":2.0,"turns":3.0},{"damage":2.0,"enemies":"Cultist","floor":4.0,"turns":4.0},{"damage":6.0,"enemies":"2 Fungi Beasts","floor":6.0,"turns":4.0},{"damage":16.0,"enemies":"Lagavulin","floor":10.0,"turns":8.0},{"damage":4.0,"enemies":"3 Louse","floor":11.0,"turns":4.0},{"damage":20.0,"enemies":"Gremlin Nob","floor":12.0,"turns":4.0},{"damage":1.0,"enemies":"Looter","floor":14.0,"turns":3.0},{"damage":35.0,"enemies":"The Guardian","floor":16.0,"turns":9.0},{"damage":24.0,"enemies":"Shell Parasite","floor":18.0,"turns":4.0},{"damage":33.0,"enemies":"Spheric Guardian","floor":19.0,"turns":6.0},{"damage":12.0,"enemies":"Shelled Parasite and Fungi","floor":20.0,"turns":5.0},{"damage":6.0,"enemies":"Snecko","floor":21.0,"turns":3.0},{"damage":26.0,"enemies":"Centurion and Healer","floor":22.0,"turns":6.0},{"damage":21.0,"enemies":"Sentry and Sphere","floor":27.0,"turns":5.0},{"damage":37,"enemies":"Slavers","floor":28,"turns":6},{"damage":25,"enemies":"Snecko","floor":29,"turns":4}],"seed_played":"9061787851737472674","potions_obtained":[{"floor":2.0,"key":"EntropicBrew"},{"floor":10.0,"key":"Strength Potion"},{"floor":16.0,"key":"Energy Potion"},{"floor":18.0,"key":"Ancient Potion"},{"floor":22.0,"key":"LiquidBronze"},{"floor":27.0,"key":"Poison Potion"}],"is_trial":false,"path_per_floor":["M","M","?","M","?","M","$","R","T","E","M","E","$","M","R","B",null,"M","M","M","M","M","R","?","?","T","M","E","M"],"character_chosen":"IRONCLAD","items_purchased":["Intimidate","Inflame"],"campfire_rested":0,"item_purchase_floors":[7,13],"current_hp_per_floor":[79,78,78,82,82,82,82,82,82,74,88,74,74,81,81,54,98,82,57,56,58,40,40,40,40,40,27,10,0],"gold":244,"neow_bonus":"TEN_PERCENT_HP_BONUS","is_prod":false,"is_daily":false,"chose_seed":false,"campfire_upgraded":3,"win_rate":0,"timestamp":1560692325,"path_taken":["M","M","?","M","?","?","$","R","T","E","M","E","$","M","R","BOSS","M","M","M","M","M","R","?","?","T","M","E","M"],"build_version":"2019-01-23","purchased_purges":1,"victory":false,"max_hp_per_floor":[88,88,88,88,88,88,88,88,88,88,88,88,88,88,88,88,106,106,106,109,109,109,109,109,109,109,109,109,109],"card_choices":[{"not_picked":["Warcry","Flex"],"picked":"Shockwave","floor":1.0},{"not_picked":["Armaments","Burning Pact"],"picked":"Twin Strike","floor":2.0},{"not_picked":["Havoc","Flex"],"picked":"Ghostly Armor","floor":4.0},{"not_picked":["Second Wind","Anger"],"picked":"Pommel Strike","floor":6.0},{"not_picked":["Sentinel","Clash"],"picked":"Pommel Strike","floor":10.0},{"not_picked":["Fiend Fire","Clash"],"picked":"Perfected Strike","floor":11.0},{"not_picked":["Rage","Dark Embrace"],"picked":"Twin Strike","floor":12.0},{"not_picked":["Uppercut","Body Slam"],"picked":"True Grit","floor":14.0},{"not_picked":["Brutality","Dark Embrace"],"picked":"Feed","floor":16.0},{"not_picked":["Sever Soul","Twin Strike"],"picked":"Pommel Strike+1","floor":18.0},{"not_picked":["Evolve","Combust"],"picked":"Feel No Pain","floor":19.0},{"not_picked":["Twin Strike","Armaments"],"picked":"Headbutt+1","floor":20.0},{"not_picked":["Clothesline","Hemokinesis"],"picked":"Spot Weakness","floor":21.0},{"not_picked":["Body Slam+1","Heavy Blade"],"picked":"Armaments+1","floor":22.0},{"not_picked":["Havoc","Ghostly Armor"],"picked":"Reaper","floor":27.0},{"not_picked":["Blood for Blood","Evolve"],"picked":"Shockwave","floor":28}],"player_experience":91153,"relics_obtained":[{"floor":9.0,"key":"Blood Vial"},{"floor":10.0,"key":"Darkstone Periapt"},{"floor":12.0,"key":"Torii"},{"floor":17.0,"key":"Centennial Puzzle"},{"floor":17.0,"key":"Sundial"},{"floor":17.0,"key":"Unceasing Top"},{"floor":26.0,"key":"Juzu Bracelet"},{"floor":28,"key":"Girya"}],"event_choices":[{"damage_healed":0.0,"max_hp_gain":0.0,"max_hp_loss":0.0,"gold_gain":0.0,"event_name":"Living Wall","player_choice":"Grow","floor":3.0,"gold_loss":0.0,"damage_taken":0.0,"cards_upgraded":["Shockwave"]},{"cards_removed":["Strike_R"],"damage_healed":0.0,"max_hp_gain":0.0,"max_hp_loss":0.0,"gold_gain":0.0,"event_name":"Purifier","player_choice":"Purged","floor":5.0,"gold_loss":0.0,"damage_taken":0.0},{"damage_healed":0.0,"max_hp_gain":0.0,"max_hp_loss":0.0,"gold_gain":0.0,"event_name":"Back to Basics","player_choice":"Simplicity","floor":24.0,"gold_loss":0.0,"damage_taken":0.0,"cards_upgraded":["Strike_R","Strike_R","Strike_R","Defend_R","Defend_R","Defend_R","Defend_R"]},{"damage_healed":0.0,"max_hp_gain":0.0,"max_hp_loss":0.0,"gold_gain":0.0,"event_name":"Addict","player_choice":"Obtained Relic","floor":25.0,"gold_loss":85.0,"damage_taken":0.0,"relics_obtained":["PreservedInsect"]}],"is_beta":false,"boss_relics":[{"not_picked":["Empty Cage","Orrery"],"picked":"Calling Bell"}],"items_purged_floors":[7],"is_endless":false,"potions_floor_spawned":[2,10,16,18,22,27],"killed_by":"Snecko","ascension_level":10}