{"gold_per_floor":[119,119,119,29,29,29,60,76,100,100,117,151,151,161,161,262,262,274,289,289,299,312,312,44,64,111,111,128,128,139,152,152,152],"floor_reached":33,"playtime":2260,"items_purged":["Defend_R"],"score":389,"play_id":"2285b8ba-bd78-494b-8091-9899004581cf","local_time":"20190311221004","is_ascension_mode":true,"campfire_choices":[{"data":"Iron Wave","floor":6.0,"key":"SMITH"},{"data":"Hemokinesis","floor":10.0,"key":"SMITH"},{"data":"Carnage","floor":15.0,"key":"SMITH"},{"data":"Double Tap","floor":23.0,"key":"SMITH"},{"floor":27.0,"key":"REST"},{"data":"Spot Weakness","floor":29,"key":"SMITH"},{"floor":32,"key":"REST"}],"neow_cost":"NONE","seed_source_timestamp":281858435301519,"circlet_count":0,"master_deck":["AscendersBane","Strike_R","Strike_R","Defend_R","Defend_R","Defend_R+1","Bash","Dramatic Entrance","Anger+1","Hemokinesis+1","Iron Wave+1","Pummel","Body Slam","Spot Weakness","Sever Soul","Carnage+1","Double Tap+1","Sever Soul+1","Blood for Blood+1","Havoc+1","Body Slam","Sword Boomerang+1","Spot Weakness+1","Flex","Wild Strike+1","Shrug It Off","Ghostly Armor+1","Body Slam","Pummel+1"],"special_seed":0,"relics":["Burning Blood","Frozen Egg 2","Bottled Lightning","Bronze Scales","Strawberry","Astrolabe","PreservedInsect","Oddly Smooth Stone"],"potions_floor_usage":[28,30,33,33],"damage_taken":[{"damage":0.0,"enemies":"2 Louse","floor":1.0,"turns":3.0},{"damage":15.0,"enemies":"3 Sentries","floor":7.0,"turns":8.0},{"damage":2.0,"enemies":"Small Slimes","floor":8.0,"turns":5.0},{"damage":0.0,"enemies":"Cultist","floor":11.0,"turns":2.0},{"damage":37.0,"enemies":"Lagavulin","floor":12.0,"turns":4.0},{"damage":0.0,"enemies":"Exordium Wildlife","floor":14.0,"turns":3.0},{"damage":69.0,"enemies":"The Guardian","floor":16.0,"turns":9.0},{"damage":0.0,"enemies":"Chosen","floor":18.0,"turns":3.0},{"damage":20.0,"enemies":"Shell Parasite","floor":19.0,"turns":4.0},{"damage":6.0,"enemies":"Snake Plant","floor":21.0,"turns":3.0},{"damage":14.0,"enemies":"Chosen and Byrds","floor":22.0,"turns":4.0},{"damage":36.0,"enemies":"Sentry and Sphere","floor":25.0,"turns":5.0},{"damage":24,"enemies":"Snake Plant","floor":28,"turns":3},{"damage":6,"enemies":"Centurion and Healer","floor":30,"turns":4},{"damage":27,"enemies":"Sentry and Sphere","floor":31,"turns":4},{"damage":53,"enemies":"Champ","floor":33,"turns":6}],"seed_played":"7140904948444433980","potions_obtained":[{"floor":7.0,"key":"Regen Potion"},{"floor":12.0,"key":"SteroidPotion"},{"floor":16.0,"key":"Block Potion"},{"floor":21.0,"key":"AttackPotion"},{"floor":22.0,"key":"Ancient Potion"},{"floor":28,"key":"SkillPotion"},{"floor":31,"key":"Regen Potion"}],"is_trial":false,"path_per_floor":["M","?","?","$","?","R","E","M","T","R","M","E","?","M","R","B",null,"M","M","?","M","M","R","$","M","T","R","M","R","M","M","R","B"],"character_chosen":"IRONCLAD","items_purchased":["Hemokinesis","Iron Wave","PreservedInsect","Shrug It Off"],"campfire_rested":2,"item_purchase_floors":[4,4,24,24],"current_hp_per_floor":[78,62,50,50,50,50,41,59,59,59,65,41,87,87,87,24,71,77,63,63,63,55,55,55,25,25,51,33,33,33,12,38,0],"gold":152,"neow_bonus":"RANDOM_COLORLESS","is_prod":false,"is_daily":false,"chose_seed":false,"campfire_upgraded":5,"win_rate":0,"timestamp":1552302604,"path_taken":["M","?","?","$","?","R","E","M","T","R","M","E","?","M","R","BOSS","M","?","?","M","M","R","$","M","T","R","M","R","M","M","R","BOSS"],"build_version":"2019-01-23","purchased_purges":1,"victory":false,"max_hp_per_floor":[80,80,80,80,80,80,80,80,80,80,80,87,87,87,87,87,87,87,87,87,87,87,87,87,87,87,87,87,87,87,87,87,87],"card_choices":[{"not_picked":["Evolve","Bloodletting"],"picked":"Anger","floor":1.0},{"not_picked":["Thunderclap","Ghostly Armor"],"picked":"Pummel","floor":7.0},{"not_picked":["Clash","Second Wind"],"picked":"Body Slam","floor":8.0},{"not_picked":["Searing Blow","Metallicize+1"],"picked":"Spot Weakness","floor":11.0},{"not_picked":["Searing Blow","Bludgeon"],"picked":"Sever Soul","floor":12.0},{"not_picked":["Clothesline","Blood for Blood"],"picked":"Carnage","floor":14.0},{"not_picked":["Dark Embrace+1","Exhume"],"picked":"Double Tap","floor":16.0},{"not_picked":["Blood for Blood","Thunderclap"],"picked":"Body Slam","floor":18.0},{"not_picked":["Clothesline","Offering"],"picked":"Sword Boomerang+1","floor":19.0},{"not_picked":["Sentinel","Hemokinesis"],"picked":"Flex","floor":21.0},{"not_picked":["Headbutt","Burning Pact+1"],"picked":"Wild Strike+1","floor":22.0},{"not_picked":["Wild Strike","Thunderclap","Fire Breathing+1"],"picked":"SKIP","floor":25.0},{"not_picked":["Offering","Warcry"],"picked":"Ghostly Armor+1","floor":28},{"not_picked":["Thunderclap+1","Clothesline+1"],"picked":"Body Slam","floor":30},{"not_picked":["Warcry","Cleave"],"picked":"Pummel+1","floor":31}],"player_experience":909274,"relics_obtained":[{"floor":7.0,"key":"Bottled Lightning"},{"floor":9.0,"key":"Bronze Scales"},{"floor":12.0,"key":"Strawberry"},{"floor":26.0,"key":"Oddly Smooth Stone"}],"event_choices":[{"damage_healed":0.0,"max_hp_gain":0.0,"max_hp_loss":0.0,"gold_gain":0.0,"event_name":"Shining Light","player_choice":"Entered Light","floor":2.0,"gold_loss":0.0,"damage_taken":16.0,"cards_upgraded":["Anger","Defend_R"]},{"damage_healed":0.0,"max_hp_gain":0.0,"max_hp_loss":0.0,"gold_gain":0.0,"event_name":"Scrap Ooze","player_choice":"Success","floor":3.0,"gold_loss":0.0,"damage_taken":12.0,"relics_obtained":["Frozen Egg 2"]},{"damage_healed":0.0,"max_hp_gain":0.0,"max_hp_loss":0.0,"gold_gain":0.0,"event_name":"The Cleric","player_choice":"Leave","floor":5.0,"gold_loss":0.0,"damage_taken":0.0},{"damage_healed":46.0,"max_hp_gain":0.0,"max_hp_loss":0.0,"gold_gain":0.0,"event_name":"Wheel of Change","player_choice":"Full Heal","floor":13.0,"gold_loss":0.0,"damage_taken":0.0},{"damage_healed":0.0,"max_hp_gain":0.0,"max_hp_loss":0.0,"gold_gain":0.0,"event_name":"Duplicator","player_choice":"Copied","floor":20.0,"gold_loss":0.0,"damage_taken":0.0,"cards_obtained":["Spot Weakness"]}],"is_beta":false,"boss_relics":[{"not_picked":["Velvet Choker","Sozu"],"picked":"Astrolabe"}],"items_purged_floors":[24],"is_endless":false,"potions_floor_spawned":[7,12,16,21,22,28,31],"killed_by":"Champ","ascension_level":10}