{"gold_per_floor":[18,30,30,30,30,30,7,7,34,34,61,61,88,88,88,188,188,201,229,229,246,263,263,292,292,292,304,331,331,343,12,12,116,116,133,151,36,36,36,36,136,151,151,151,151,151,165,191,191,191],"floor_reached":51,"playtime":7972,"items_purged":[],"score":994,"play_id":"7986037a-8f23-4f6c-a896-2cfcdb8e5a15","local_time":"20190604220421","is_ascension_mode":true,"campfire_choices":[{"data":"Corpse Explosion","floor":6,"key":"SMITH"},{"data":"Neutralize","floor":8,"key":"SMITH"},{"data":"Cloak And Dagger","floor":10,"key":"SMITH"},{"floor":12,"key":"REST"},{"floor":15,"key":"REST"},{"floor":23,"key":"REST"},{"floor":25,"key":"REST"},{"data":"Deadly Poison","floor":29,"key":"SMITH"},{"data":"Bullet Time","floor":32,"key":"SMITH"},{"data":"Wraith Form v2","floor":40,"key":"SMITH"},{"data":"Footwork","floor":44,"key":"SMITH"},{"data":"Dodge and Roll","floor":46,"key":"SMITH"},{"data":"Bullet Time","floor":49,"key":"SMITH"}],"neow_cost":"NO_GOLD","seed_source_timestamp":527939435788057,"circlet_count":0,"master_deck":["Defend_G","Defend_G","Defend_G","Defend_G","Strike_G+1","Strike_G","Strike_G+1","Strike_G","Strike_G","Survivor","Neutralize+1","Corpse Explosion+1","Backstab","Cloak And Dagger+1","Flying Knee","Deadly Poison+1","Bane","Finisher","Bullet Time+1","Dodge and Roll+1","Bullet Time+1","Sucker Punch+1","Predator","Leg Sweep","Distraction+1","Predator","Backflip","Terror","Footwork+1","Finisher","Wraith Form v2+1","Deflect+1","Backflip","Concentrate","Flechettes","Dodge and Roll+1","Cloak And Dagger+1","Acrobatics+1","Prepared+1"],"relics":["Ring of the Snake","Blood Vial","Boot","Letter Opener","Dream Catcher","Runic Pyramid","Red Mask","Bottled Flame","Ornamental Fan","Gremlin Horn","Dead Branch","Lizard Tail","Unceasing Top","Mercury Hourglass","Molten Egg 2"],"potions_floor_usage":[16,16,19,22,24,36,36],"damage_taken":[{"damage":0,"enemies":"2 Louse","floor":1,"turns":2},{"damage":0,"enemies":"Jaw Worm","floor":2,"turns":4},{"damage":21,"enemies":"Gremlin Nob","floor":11,"turns":4},{"damage":22,"enemies":"3 Sentries","floor":13,"turns":4},{"damage":15,"enemies":"Hexaghost","floor":16,"turns":7},{"damage":0,"enemies":"3 Byrds","floor":18,"turns":2},{"damage":0,"enemies":"Masked Bandits","floor":19,"turns":4},{"damage":0,"enemies":"2 Thieves","floor":21,"turns":2},{"damage":21,"enemies":"Snake Plant","floor":22,"turns":3},{"damage":24,"enemies":"Gremlin Leader","floor":24,"turns":6},{"damage":0,"enemies":"Snecko","floor":27,"turns":4},{"damage":5,"enemies":"Book of Stabbing","floor":28,"turns":4},{"damage":0,"enemies":"Cultist and Chosen","floor":30,"turns":3},{"damage":48,"enemies":"Collector","floor":33,"turns":10},{"damage":0,"enemies":"Orb Walker","floor":35,"turns":3},{"damage":32,"enemies":"3 Darklings","floor":36,"turns":7},{"damage":0,"enemies":"Mind Bloom Boss Battle","floor":41,"turns":6},{"damage":4,"enemies":"Jaw Worm Horde","floor":42,"turns":3},{"damage":0,"enemies":"Transient","floor":47,"turns":5},{"damage":1,"enemies":"Nemesis","floor":48,"turns":9},{"damage":7,"enemies":"Donu and Deca","floor":50,"turns":5}],"seed_played":"-225853414543741620","potions_obtained":[{"floor":1,"key":"EssenceOfSteel"},{"floor":2,"key":"LiquidBronze"},{"floor":11,"key":"GhostInAJar"},{"floor":18,"key":"Ancient Potion"},{"floor":19,"key":"SteroidPotion"},{"floor":22,"key":"GamblersBrew"},{"floor":33,"key":"Regen Potion"},{"floor":35,"key":"Regen Potion"},{"floor":48,"key":"GamblersBrew"}],"is_trial":false,"path_per_floor":["M","M","?","$","?","R","$","R","T","R","E","R","E","?","R","B",null,"M","?","?","M","M","R","E","R","T","M","E","R","M","$","R","B",null,"M","M","$","?","$","R","?","M","T","R","?","R","M","E","R","B",null],"character_chosen":"THE_SILENT","items_purchased":["Flying Knee","Dead Branch","Finisher","Concentrate","Flechettes"],"campfire_rested":4,"item_purchase_floors":[7,31,31,37,37],"current_hp_per_floor":[63,63,49,49,49,49,49,49,49,49,30,51,31,31,52,39,62,64,66,53,55,36,58,36,58,58,60,57,57,59,59,59,13,60,62,62,62,62,62,62,64,62,62,62,62,62,64,65,65,60],"gold":191,"neow_bonus":"THREE_RARE_CARDS","is_prod":false,"is_daily":false,"chose_seed":false,"campfire_upgraded":9,"win_rate":0,"timestamp":1559649861,"path_taken":["M","M","?","$","?","R","$","R","T","R","E","R","E","?","R","BOSS","M","?","?","M","M","R","E","R","T","M","E","R","M","$","R","BOSS","M","M","$","?","$","R","?","M","T","R","?","R","?","E","R","BOSS"],"build_version":"2019-01-23","purchased_purges":0,"victory":true,"max_hp_per_floor":[70,70,70,70,70,70,70,70,70,70,70,70,70,70,70,70,70,70,70,75,75,75,75,75,75,75,75,75,75,75,75,75,75,75,75,75,75,75,75,75,75,75,75,75,75,75,75,75,75,75],"card_choices":[{"not_picked":["Glass Knife","Tools of the Trade"],"picked":"Corpse Explosion","floor":0},{"not_picked":["Escape Plan","Deadly Poison"],"picked":"Backstab","floor":1},{"not_picked":["Poisoned Stab","Acrobatics"],"picked":"Cloak And Dagger","floor":2},{"not_picked":["Quick Slash","Skewer"],"picked":"Deadly Poison","floor":11},{"not_picked":["Blur","Finisher"],"picked":"Bane","floor":13},{"not_picked":["Deflect","Reflex"],"picked":"Finisher","floor":15},{"not_picked":["Grand Finale","A Thousand Cuts"],"picked":"Bullet Time","floor":16},{"not_picked":["Backflip","Calculated Gamble+1"],"picked":"Dodge and Roll+1","floor":18},{"not_picked":["Dodge and Roll","Backflip"],"picked":"Bullet Time","floor":19},{"not_picked":["Flying Knee","Endless Agony"],"picked":"Sucker Punch+1","floor":21},{"not_picked":["Deadly Poison","Prepared+1"],"picked":"Predator","floor":22},{"not_picked":["Expertise+1","Slice+1"],"picked":"Leg Sweep","floor":23},{"not_picked":["Sucker Punch","Wraith Form v2"],"picked":"Distraction+1","floor":24},{"not_picked":["Endless Agony","Backflip"],"picked":"Predator","floor":25},{"not_picked":["Sucker Punch+1","Prepared"],"picked":"Backflip","floor":27},{"not_picked":["Well Laid Plans","Bane+1"],"picked":"Terror","floor":28},{"not_picked":["Acrobatics","Quick Slash+1"],"picked":"Footwork","floor":30},{"not_picked":["Storm of Steel","Glass Knife"],"picked":"Wraith Form v2","floor":33},{"not_picked":["Heel Hook+1","Masterful Stab+1"],"picked":"Deflect+1","floor":35},{"not_picked":["Eviscerate","Slice+1"],"picked":"Backflip","floor":36},{"not_picked":["Underhanded Strike+1","Deflect"],"picked":"Dodge and Roll","floor":41},{"not_picked":["PiercingWail","Prepared+1"],"picked":"Cloak And Dagger+1","floor":42},{"not_picked":["Distraction+1","Dash"],"picked":"Acrobatics+1","floor":47},{"not_picked":["Bane+1","Heel Hook+1"],"picked":"Prepared+1","floor":48}],"player_experience":2087396,"relics_obtained":[{"floor":9,"key":"Boot"},{"floor":11,"key":"Letter Opener"},{"floor":13,"key":"Dream Catcher"},{"floor":19,"key":"Red Mask"},{"floor":24,"key":"Bottled Flame"},{"floor":26,"key":"Ornamental Fan"},{"floor":28,"key":"Gremlin Horn"},{"floor":41,"key":"Unceasing Top"},{"floor":43,"key":"Mercury Hourglass"},{"floor":48,"key":"Molten Egg 2"}],"event_choices":[{"damage_healed":0,"gold_gain":0,"player_choice":"Entered Light","damage_taken":14,"max_hp_gain":0,"max_hp_loss":0,"event_name":"Shining Light","floor":3,"gold_loss":0,"cards_upgraded":["Strike_G","Strike_G"]},{"damage_healed":0,"gold_gain":0,"player_choice":"Box","damage_taken":0,"relics_obtained":["Blood Vial"],"max_hp_gain":0,"max_hp_loss":0,"event_name":"Big Fish","floor":5,"gold_loss":0,"cards_obtained":["Regret"]},{"cards_removed":["Regret"],"damage_healed":0,"gold_gain":0,"player_choice":"Forget","damage_taken":0,"max_hp_gain":0,"max_hp_loss":0,"event_name":"Living Wall","floor":14,"gold_loss":0},{"damage_healed":0,"gold_gain":0,"player_choice":"Fought Bandits","damage_taken":0,"max_hp_gain":0,"max_hp_loss":0,"event_name":"Masked Bandits","floor":19,"gold_loss":0},{"damage_healed":0,"gold_gain":0,"player_choice":"Shed Blood","damage_taken":18,"max_hp_gain":5,"max_hp_loss":0,"event_name":"Forgotten Altar","floor":20,"gold_loss":0},{"cards_removed":["Defend_G"],"damage_healed":0,"gold_gain":0,"player_choice":"Removed Skill","damage_taken":0,"max_hp_gain":0,"max_hp_loss":0,"event_name":"Falling","floor":38,"gold_loss":0},{"damage_healed":0,"gold_gain":0,"player_choice":"Fight","damage_taken":0,"max_hp_gain":0,"max_hp_loss":0,"event_name":"MindBloom","floor":41,"gold_loss":0},{"damage_healed":0,"gold_gain":0,"player_choice":"Ignored","damage_taken":0,"max_hp_gain":0,"max_hp_loss":0,"event_name":"Tomb of Lord Red Mask","floor":45,"gold_loss":0}],"is_beta":false,"boss_relics":[{"not_picked":["Velvet Choker","Orrery"],"picked":"Runic Pyramid"},{"not_picked":["Calling Bell","Snecko Eye"],"picked":"Lizard Tail"}],"items_purged_floors":[],"is_endless":false,"potions_floor_spawned":[1,2,11,18,19,22,33,35,48],"ascension_level":8}