{"gold_per_floor":[115,133,150,162,173,173,204,204],"floor_reached":8,"playtime":1035,"items_purged":[],"score":81,"play_id":"d5280610-b24b-4301-91d2-0f55d10c4eff","local_time":"20190420002101","is_ascension_mode":true,"campfire_choices":[{"floor":6,"key":"REST"}],"neow_cost":"NONE","seed_source_timestamp":260046928490988,"circlet_count":0,"master_deck":["Defend_G","Defend_G","Defend_G","Defend_G","Defend_G","Strike_G","Strike_G","Strike_G","Strike_G","Strike_G","Survivor","Neutralize","Accuracy","Poisoned Stab","Bane","Heel Hook","Underhanded Strike","Dagger Throw","Storm of Steel"],"relics":["Ring of the Snake","Dream Catcher","Sundial"],"potions_floor_usage":[7],"damage_taken":[{"damage":0,"enemies":"Cultist","floor":1,"turns":4},{"damage":0,"enemies":"Jaw Worm","floor":2,"turns":4},{"damage":0,"enemies":"Small Slimes","floor":3,"turns":3},{"damage":12,"enemies":"Exordium Wildlife","floor":4,"turns":5},{"damage":19,"enemies":"Exordium Thugs","floor":5,"turns":5},{"damage":32,"enemies":"3 Sentries","floor":7,"turns":7},{"damage":14,"enemies":"Lots of Slimes","floor":8,"turns":3}],"seed_played":"8701170007208900395","potions_obtained":[{"floor":3,"key":"Ancient Potion"},{"floor":5,"key":"PowerPotion"}],"is_trial":false,"path_per_floor":["M","M","M","M","M","R","E","M"],"character_chosen":"THE_SILENT","items_purchased":[],"campfire_rested":1,"item_purchase_floors":[],"current_hp_per_floor":[63,63,63,51,32,53,21,7],"gold":204,"neow_bonus":"RANDOM_COMMON_RELIC","is_prod":false,"is_daily":false,"chose_seed":false,"campfire_upgraded":0,"win_rate":0,"timestamp":1555683661,"path_taken":["M","M","?","M","M","R","E","M"],"build_version":"2019-01-23","purchased_purges":0,"victory":false,"max_hp_per_floor":[70,70,70,70,70,70,70,70],"card_choices":[{"not_picked":["Acrobatics","PiercingWail"],"picked":"Accuracy","floor":1},{"not_picked":["Underhanded Strike","Deflect"],"picked":"Poisoned Stab","floor":2},{"not_picked":["Underhanded Strike","Slice"],"picked":"Bane","floor":3},{"not_picked":["Skewer","Outmaneuver"],"picked":"Heel Hook","floor":4},{"not_picked":["Cloak And Dagger","Heel Hook"],"picked":"Underhanded Strike","floor":5},{"not_picked":["Heel Hook","Quick Slash"],"picked":"Dagger Throw","floor":6},{"not_picked":["Calculated Gamble","Setup"],"picked":"Storm of Steel","floor":7}],"player_experience":1277883,"relics_obtained":[{"floor":7,"key":"Sundial"}],"event_choices":[],"is_beta":false,"boss_relics":[],"items_purged_floors":[],"is_endless":false,"potions_floor_spawned":[3,5],"killed_by":"Lots of Slimes","ascension_level":7}