{"gold_per_floor":[116,116,131,150,163,163,195,195,195,211,226,260,274,305,305,408,408,422,422,7,25,38,38,38,38,116,116,126,154,166,180,180,277,277,295,295,309,409,334,334,366,366,366,366,366,386,418,437,437,437],"floor_reached":51,"playtime":3656,"items_purged":["Strike_G"],"score":1086,"play_id":"e19277b5-5f7e-4a06-9623-c90a7a269276","local_time":"20190614213423","is_ascension_mode":true,"campfire_choices":[{"data":"Dash","floor":6.0,"key":"SMITH"},{"data":"Dodge and Roll","floor":8.0,"key":"SMITH"},{"data":"Well Laid Plans","floor":15.0,"key":"SMITH"},{"data":"Crippling Poison","floor":23.0,"key":"SMITH"},{"data":"Leg Sweep","floor":25.0,"key":"SMITH"},{"data":"Corpse Explosion","floor":27.0,"key":"SMITH"},{"floor":32.0,"key":"REST"},{"data":"Strike_G","floor":40.0,"key":"PURGE"},{"data":"Burst","floor":42.0,"key":"SMITH"},{"data":"Strike_G","floor":45.0,"key":"PURGE"},{"floor":49,"key":"REST"}],"neow_cost":"NONE","seed_source_timestamp":0,"circlet_count":0,"master_deck":["AscendersBane","Defend_G","Defend_G","Defend_G","Defend_G","Defend_G","Strike_G","Survivor","Neutralize+1","Backflip","Dagger Throw","Flying Knee","Dash+1","Dodge and Roll+1","Deflect","Well Laid Plans+1","Flying Knee","Terror","Corpse Explosion+1","Terror+1","Crippling Poison+1","Leg Sweep+1","Cloak And Dagger+1","Wraith Form v2","Burst+1","Acrobatics+1"],"special_seed":0,"relics":["Ring of the Snake","Blue Candle","Pear","Regal Pillow","Letter Opener","Snecko Eye","MutagenicStrength","Vajra","Ninja Scroll","Gremlin Horn","Juzu Bracelet","Velvet Choker","Art of War","Peace Pipe","Sundial","Dead Branch","Omamori"],"potions_floor_usage":[50,50],"damage_taken":[{"damage":3.0,"enemies":"Small Slimes","floor":1.0,"turns":4.0},{"damage":4.0,"enemies":"Cultist","floor":3.0,"turns":4.0},{"damage":1.0,"enemies":"Jaw Worm","floor":4.0,"turns":5.0},{"damage":0.0,"enemies":"2 Fungi Beasts","floor":5.0,"turns":5.0},{"damage":7.0,"enemies":"3 Sentries","floor":7.0,"turns":11.0},{"damage":0.0,"enemies":"Blue Slaver","floor":10.0,"turns":4.0},{"damage":3.0,"enemies":"Gremlin Gang","floor":11.0,"turns":6.0},{"damage":10.0,"enemies":"Lagavulin","floor":12.0,"turns":8.0},{"damage":1.0,"enemies":"Exordium Thugs","floor":13.0,"turns":5.0},{"damage":4.0,"enemies":"3 Sentries","floor":14.0,"turns":9.0},{"damage":7.0,"enemies":"Hexaghost","floor":16.0,"turns":11.0},{"damage":8.0,"enemies":"Shell Parasite","floor":18.0,"turns":3.0},{"damage":6.0,"enemies":"Chosen","floor":21.0,"turns":4.0},{"damage":3.0,"enemies":"Centurion and Healer","floor":22.0,"turns":3.0},{"damage":1.0,"enemies":"Snake Plant","floor":28.0,"turns":2.0},{"damage":8.0,"enemies":"Gremlin Leader","floor":29.0,"turns":4.0},{"damage":13.0,"enemies":"Snecko","floor":30.0,"turns":3.0},{"damage":22.0,"enemies":"Shelled Parasite and Fungi","floor":31.0,"turns":6.0},{"damage":19.0,"enemies":"Champ","floor":33.0,"turns":13.0},{"damage":0.0,"enemies":"3 Shapes","floor":35.0,"turns":4.0},{"damage":3.0,"enemies":"3 Darklings","floor":37.0,"turns":4.0},{"damage":1.0,"enemies":"Mind Bloom Boss Battle","floor":38.0,"turns":7.0},{"damage":1.0,"enemies":"Nemesis","floor":41.0,"turns":7.0},{"damage":0.0,"enemies":"Sphere and 2 Shapes","floor":46.0,"turns":4.0},{"damage":21.0,"enemies":"Reptomancer","floor":47.0,"turns":7.0},{"damage":4,"enemies":"4 Shapes","floor":48,"turns":2},{"damage":46,"enemies":"Donu and Deca","floor":50,"turns":8}],"seed_played":"-2581176504672787425","potions_obtained":[{"floor":1.0,"key":"Block Potion"},{"floor":7.0,"key":"Regen Potion"},{"floor":10.0,"key":"AttackPotion"},{"floor":14.0,"key":"SpeedPotion"},{"floor":18.0,"key":"EssenceOfSteel"},{"floor":21.0,"key":"LiquidBronze"},{"floor":29.0,"key":"Strength Potion"},{"floor":35.0,"key":"SteroidPotion"},{"floor":46.0,"key":"Explosive Potion"},{"floor":48,"key":"SkillPotion"}],"is_trial":false,"path_per_floor":["M","?","M","M","M","R","E","R","T","M","M","E","M","E","R","B",null,"M","?","$","M","M","R","?","R","T","R","M","E","M","M","R","B",null,"M","?","M","?","$","R","E","R","T","?","R","M","E","M","R","B",null],"character_chosen":"THE_SILENT","items_purchased":["Vajra","Ninja Scroll"],"campfire_rested":2,"item_purchase_floors":[20,20],"current_hp_per_floor":[60,60,56,55,55,55,48,48,58,58,55,60,59,55,55,48,72,64,64,64,58,55,55,55,55,55,55,54,46,33,11,50,31,68,68,68,65,64,64,64,63,63,63,63,63,63,42,38,75,29],"gold":437,"neow_bonus":"UPGRADE_CARD","is_prod":false,"is_daily":false,"chose_seed":false,"campfire_upgraded":7,"win_rate":0,"timestamp":1560566063,"path_taken":["M","?","M","M","M","R","E","R","T","M","M","E","?","E","R","BOSS","M","?","$","M","M","R","?","R","T","R","M","E","M","M","R","BOSS","M","?","M","?","$","R","E","R","T","?","R","M","E","M","R","BOSS"],"build_version":"2019-01-23","purchased_purges":1,"victory":true,"max_hp_per_floor":[70,70,70,70,70,70,70,70,80,80,80,80,80,80,80,80,80,80,80,80,80,80,80,80,80,80,80,80,80,80,80,80,80,80,80,80,80,80,80,80,80,80,80,76,76,76,76,76,76,76],"card_choices":[{"not_picked":["Terror","Underhanded Strike"],"picked":"Backflip","floor":1.0},{"not_picked":["Flechettes","Underhanded Strike"],"picked":"Dagger Throw","floor":3.0},{"not_picked":["PiercingWail","Backflip"],"picked":"Flying Knee","floor":4.0},{"not_picked":["Noxious Fumes","Backflip"],"picked":"Dash","floor":5.0},{"not_picked":["Catalyst","Accuracy"],"picked":"Dodge and Roll","floor":7.0},{"not_picked":["Prepared","Quick Slash"],"picked":"Deflect","floor":10.0},{"not_picked":["Distraction","Acrobatics"],"picked":"Well Laid Plans","floor":11.0},{"not_picked":["Deadly Poison","Masterful Stab"],"picked":"Flying Knee","floor":12.0},{"not_picked":["Underhanded Strike","Flechettes","Bane"],"picked":"SKIP","floor":13.0},{"not_picked":["Backflip","Unload"],"picked":"Terror","floor":14.0},{"not_picked":["Glass Knife","Wraith Form v2"],"picked":"Corpse Explosion","floor":16.0},{"not_picked":["Dagger Throw+1","Expertise"],"picked":"Terror+1","floor":18.0},{"not_picked":["Slice","Outmaneuver+1","Caltrops"],"picked":"SKIP","floor":21.0},{"not_picked":["Escape Plan+1","Blade Dance"],"picked":"Crippling Poison","floor":22.0},{"not_picked":["Blade Dance","Poisoned Stab"],"picked":"Cloak And Dagger+1","floor":28.0},{"not_picked":["Bane+1","Cloak And Dagger","Blade Dance"],"picked":"SKIP","floor":29.0},{"not_picked":["Expertise","Skewer","Flying Knee"],"picked":"SKIP","floor":30.0},{"not_picked":["Sucker Punch+1","Poisoned Stab","Endless Agony+1"],"picked":"SKIP","floor":31.0},{"not_picked":["Corpse Explosion","Phantasmal Killer"],"picked":"Wraith Form v2","floor":33.0},{"not_picked":["Dagger Throw+1","Finisher","Slice"],"picked":"SKIP","floor":35.0},{"not_picked":["Crippling Poison","Terror+1","Dodge and Roll"],"picked":"SKIP","floor":37.0},{"not_picked":["Phantasmal Killer","Bane+1"],"picked":"Burst","floor":41.0},{"not_picked":["Dagger Throw+1","Backflip","Dodge and Roll"],"picked":"SKIP","floor":46.0},{"not_picked":["Flying Knee+1","Dagger Throw+1","Bouncing Flask"],"picked":"SKIP","floor":47.0},{"not_picked":["Blade Dance","Dagger Spray+1"],"picked":"Acrobatics+1","floor":48}],"player_experience":79125,"relics_obtained":[{"floor":7.0,"key":"Blue Candle"},{"floor":9.0,"key":"Pear"},{"floor":12.0,"key":"Regal Pillow"},{"floor":14.0,"key":"Letter Opener"},{"floor":26.0,"key":"Gremlin Horn"},{"floor":29.0,"key":"Juzu Bracelet"},{"floor":38.0,"key":"Peace Pipe"},{"floor":41.0,"key":"Sundial"},{"floor":43.0,"key":"Dead Branch"},{"floor":47.0,"key":"Omamori"}],"event_choices":[{"cards_removed":["Strike_G"],"damage_healed":0.0,"max_hp_gain":0.0,"max_hp_loss":0.0,"gold_gain":0.0,"event_name":"Purifier","player_choice":"Purged","floor":2.0,"gold_loss":0.0,"damage_taken":0.0},{"damage_healed":0.0,"max_hp_gain":0.0,"max_hp_loss":0.0,"gold_gain":0.0,"event_name":"Drug Dealer","player_choice":"Inject Mutagens","floor":19.0,"gold_loss":0.0,"damage_taken":0.0,"relics_obtained":["MutagenicStrength"]},{"damage_healed":0.0,"max_hp_gain":0.0,"max_hp_loss":0.0,"gold_gain":0.0,"event_name":"The Library","player_choice":"Read","floor":24.0,"gold_loss":0.0,"damage_taken":0.0,"cards_obtained":["Leg Sweep"]},{"damage_healed":0.0,"max_hp_gain":0.0,"max_hp_loss":0.0,"gold_gain":0.0,"event_name":"WeMeetAgain","player_choice":"Gave Potion","floor":36.0,"gold_loss":0.0,"damage_taken":0.0,"relics_obtained":["Art of War"]},{"damage_healed":0.0,"max_hp_gain":0.0,"max_hp_loss":0.0,"gold_gain":0.0,"event_name":"MindBloom","player_choice":"Fight","floor":38.0,"gold_loss":0.0,"damage_taken":0.0},{"damage_healed":0.0,"max_hp_gain":0.0,"max_hp_loss":4.0,"gold_gain":0.0,"event_name":"Winding Halls","player_choice":"Max HP","floor":44.0,"gold_loss":0.0,"damage_taken":0.0}],"is_beta":false,"boss_relics":[{"not_picked":["Black Star","Calling Bell"],"picked":"Snecko Eye"},{"not_picked":["Coffee Dripper","Astrolabe"],"picked":"Velvet Choker"}],"items_purged_floors":[39],"is_endless":false,"potions_floor_spawned":[1,7,10,14,18,21,28,29,35,46,48],"ascension_level":10}