{"gold_per_floor":[218,218,230,26,26,60,60,32,32,67,84,84,99,116,116,194,194,213,2,2,21,21,21,21,21,21,48,48,66,85,105,105,105],"floor_reached":33,"playtime":1787,"items_purged":["Pain"],"score":526,"play_id":"caed7917-dea4-4440-a13e-d0a4d1138f6b","local_time":"20190613135428","is_ascension_mode":true,"campfire_choices":[{"floor":7.0,"key":"REST"},{"data":"Footwork","floor":12.0,"key":"SMITH"},{"floor":15,"key":"REST"},{"floor":23,"key":"REST"},{"floor":28,"key":"REST"},{"floor":32,"key":"REST"}],"neow_cost":"NONE","seed_source_timestamp":2471389292379,"circlet_count":0,"master_deck":["AscendersBane","Defend_G","Defend_G","Defend_G","Defend_G","Defend_G","Strike_G","Survivor","Neutralize","Poisoned Stab","Acrobatics","Footwork+1","Dagger Spray","Deadly Poison","Dagger Spray","Deflect","Backflip","PiercingWail","Burst","Noxious Fumes","Dash","Cloak And Dagger","Phantasmal Killer","Night Terror","Caltrops","Caltrops","Escape Plan+1"],"special_seed":0,"relics":["Ring of the Snake","WarpedTongs","Gremlin Horn","Mummified Hand","Blood Vial","Orrery","Membership Card","Shuriken","Ornamental Fan"],"potions_floor_usage":[14,16,20,33,33],"damage_taken":[{"damage":2.0,"enemies":"Jaw Worm","floor":1.0,"turns":8.0},{"damage":4.0,"enemies":"Cultist","floor":3.0,"turns":4.0},{"damage":29.0,"enemies":"Lagavulin","floor":6.0,"turns":12.0},{"damage":20.0,"enemies":"3 Sentries","floor":10.0,"turns":6.0},{"damage":1.0,"enemies":"2 Louse","floor":11.0,"turns":2.0},{"damage":0.0,"enemies":"Exordium Thugs","floor":13.0,"turns":4.0},{"damage":0,"enemies":"Gremlin Gang","floor":14,"turns":1},{"damage":22,"enemies":"Slime Boss","floor":16,"turns":12},{"damage":28,"enemies":"3 Byrds","floor":18,"turns":7},{"damage":0,"enemies":"Spheric Guardian","floor":20,"turns":3},{"damage":19,"enemies":"Shelled Parasite and Fungi","floor":21,"turns":6},{"damage":28,"enemies":"Slavers","floor":27,"turns":6},{"damage":13,"enemies":"Centurion and Healer","floor":29,"turns":8},{"damage":0,"enemies":"Snake Plant","floor":30,"turns":5},{"damage":5,"enemies":"Chosen and Byrds","floor":31,"turns":5},{"damage":48,"enemies":"Automaton","floor":33,"turns":10}],"seed_played":"446072128299548154","potions_obtained":[{"floor":1.0,"key":"Swift Potion"},{"floor":3.0,"key":"GamblersBrew"},{"floor":13.0,"key":"AttackPotion"},{"floor":18,"key":"SmokeBomb"},{"floor":27,"key":"Fire Potion"},{"floor":30,"key":"Swift Potion"},{"floor":31,"key":"Poison Potion"}],"is_trial":false,"path_per_floor":["M","?","M","$","?","E","R","$","T","E","M","R","M","M","R","B",null,"M","$","M","M","?","R","?","?","T","E","R","M","M","M","R","B"],"character_chosen":"THE_SILENT","items_purchased":["Footwork","PowerPotion","Deadly Poison","Membership Card"],"campfire_rested":5,"item_purchase_floors":[4,4,8,19],"current_hp_per_floor":[57,57,53,53,53,24,43,43,43,23,24,24,26,28,47,27,56,30,30,32,15,15,34,34,34,34,8,27,16,18,15,34,0],"gold":105,"neow_bonus":"HUNDRED_GOLD","is_prod":false,"is_daily":false,"chose_seed":false,"campfire_upgraded":1,"win_rate":0,"timestamp":1560426868,"path_taken":["M","?","?","$","?","E","R","?","T","E","M","R","M","M","R","BOSS","M","$","M","?","?","R","?","?","T","E","R","?","M","M","R","BOSS"],"build_version":"2019-01-23","purchased_purges":1,"victory":false,"max_hp_per_floor":[66,66,66,66,66,66,66,66,66,66,66,66,66,66,66,66,66,66,66,66,66,66,66,66,66,66,66,66,66,66,66,66,66],"card_choices":[{"not_picked":["Acrobatics","Dagger Throw"],"picked":"Poisoned Stab","floor":1.0},{"not_picked":["Escape Plan","Deflect"],"picked":"Acrobatics","floor":3.0},{"not_picked":["Heel Hook","Infinite Blades"],"picked":"Dagger Spray","floor":6.0},{"not_picked":["Eviscerate","Predator"],"picked":"Dagger Spray","floor":10.0},{"not_picked":["Eviscerate","Dagger Spray"],"picked":"Deflect","floor":11.0},{"not_picked":["Bullet Time","Dagger Throw"],"picked":"Backflip","floor":13.0},{"not_picked":["Dagger Spray","Acrobatics"],"picked":"PiercingWail","floor":14},{"not_picked":["Adrenaline","Doppelganger"],"picked":"Burst","floor":16},{"not_picked":["Choke","Underhanded Strike"],"picked":"Noxious Fumes","floor":17},{"not_picked":["Finisher","Deadly Poison"],"picked":"Dash","floor":17},{"not_picked":["Dagger Throw+1","Riddle With Holes","All Out Attack"],"picked":"SKIP","floor":18},{"not_picked":["Bouncing Flask","Deadly Poison"],"picked":"Cloak And Dagger","floor":21},{"not_picked":["Bane","Slice"],"picked":"Caltrops","floor":27},{"not_picked":["Glass Knife","Dagger Spray","Sucker Punch"],"picked":"SKIP","floor":29},{"not_picked":["Terror","Dagger Throw","Blade Dance"],"picked":"SKIP","floor":30},{"not_picked":["Underhanded Strike","Dagger Spray+1"],"picked":"Escape Plan+1","floor":31}],"player_experience":760340,"relics_obtained":[{"floor":6.0,"key":"Gremlin Horn"},{"floor":9.0,"key":"Mummified Hand"},{"floor":10.0,"key":"Blood Vial"},{"floor":26,"key":"Shuriken"},{"floor":27,"key":"Ornamental Fan"}],"event_choices":[{"damage_healed":0.0,"max_hp_gain":0.0,"max_hp_loss":0.0,"gold_gain":0.0,"event_name":"Accursed Blacksmith","player_choice":"Rummage","floor":2.0,"gold_loss":0.0,"damage_taken":0.0,"relics_obtained":["WarpedTongs"],"cards_obtained":["Pain"]},{"cards_removed":["Strike_G"],"damage_healed":0.0,"max_hp_gain":0.0,"max_hp_loss":0.0,"gold_gain":0.0,"event_name":"Purifier","player_choice":"Purged","floor":5.0,"gold_loss":0.0,"damage_taken":0.0},{"damage_healed":0,"gold_gain":0,"cards_transformed":["Strike_G","Strike_G"],"player_choice":"Became Test Subject","damage_taken":0,"max_hp_gain":0,"max_hp_loss":0,"event_name":"Drug Dealer","floor":24,"gold_loss":0,"cards_obtained":["Phantasmal Killer","Night Terror"]},{"damage_healed":0,"gold_gain":0,"cards_transformed":["Strike_G"],"player_choice":"Transformed","damage_taken":0,"max_hp_gain":0,"max_hp_loss":0,"event_name":"Transmorgrifier","floor":25,"gold_loss":0,"cards_obtained":["Caltrops"]}],"is_beta":false,"boss_relics":[{"not_picked":["Philosopher\u0027s Stone","Snecko Eye"],"picked":"Orrery"}],"items_purged_floors":[4],"is_endless":false,"potions_floor_spawned":[1,3,13,18,27,30,31],"killed_by":"Automaton","ascension_level":18}