{"gold_per_floor":[143,158,158,173,173,173,199,199,199,233,244,263,298,254,254,254],"floor_reached":16,"playtime":606,"items_purged":[],"score":228,"play_id":"3e73327e-a7cd-4803-977a-54aac1fbe45a","local_time":"20190612130807","is_ascension_mode":true,"campfire_choices":[{"floor":6.0,"key":"REST"},{"data":"Cloak And Dagger","floor":8.0,"key":"SMITH"},{"data":"A Thousand Cuts","floor":15,"key":"SMITH"}],"neow_cost":"NONE","seed_source_timestamp":5179608636413,"circlet_count":0,"master_deck":["AscendersBane","Defend_G","Defend_G","Defend_G","Defend_G","Defend_G","Strike_G","Strike_G","Strike_G","Strike_G","Strike_G+1","Survivor","Neutralize+1","Deflect","Backflip","Backflip","Cloak And Dagger+1","Dodge and Roll","PiercingWail","Dagger Spray+1","A Thousand Cuts+1"],"special_seed":0,"relics":["Ring of the Snake","Tiny Chest","Meat on the Bone","Happy Flower","Mercury Hourglass","Molten Egg 2","Ornamental Fan"],"potions_floor_usage":[13],"damage_taken":[{"damage":0.0,"enemies":"2 Louse","floor":1.0,"turns":4.0},{"damage":3.0,"enemies":"Jaw Worm","floor":2.0,"turns":8.0},{"damage":0.0,"enemies":"Cultist","floor":4.0,"turns":4.0},{"damage":32.0,"enemies":"3 Sentries","floor":7.0,"turns":12.0},{"damage":21.0,"enemies":"Gremlin Nob","floor":10.0,"turns":4.0},{"damage":0.0,"enemies":"Looter","floor":11.0,"turns":3.0},{"damage":0.0,"enemies":"Large Slime","floor":12.0,"turns":6.0},{"damage":4,"enemies":"Lagavulin","floor":13,"turns":6},{"damage":45,"enemies":"Slime Boss","floor":16,"turns":8}],"seed_played":"-3064876132076052654","potions_obtained":[{"floor":1.0,"key":"Poison Potion"},{"floor":2.0,"key":"Swift Potion"},{"floor":7.0,"key":"SmokeBomb"},{"floor":12.0,"key":"Strength Potion"}],"is_trial":false,"path_per_floor":["M","M","?","M","T","R","E","R","T","E","M","M","E","?","R","B"],"character_chosen":"THE_SILENT","items_purchased":[],"campfire_rested":1,"item_purchase_floors":[],"current_hp_per_floor":[59,56,36,36,36,55,35,35,35,26,38,38,34,34,34,0],"gold":254,"neow_bonus":"RANDOM_COMMON_RELIC","is_prod":false,"is_daily":false,"chose_seed":false,"campfire_upgraded":2,"win_rate":0,"timestamp":1560337687,"path_taken":["M","M","?","M","?","R","E","R","T","E","M","?","E","?","R","BOSS"],"build_version":"2019-01-23","purchased_purges":0,"victory":false,"max_hp_per_floor":[66,66,66,66,66,66,66,66,66,66,66,66,66,66,66,66],"card_choices":[{"not_picked":["Terror","Dagger Throw"],"picked":"Deflect","floor":1.0},{"not_picked":["Dagger Throw","Cloak And Dagger"],"picked":"Backflip","floor":2.0},{"not_picked":["Quick Slash","Slice"],"picked":"Backflip","floor":4.0},{"not_picked":["Predator","Distraction"],"picked":"Cloak And Dagger","floor":7.0},{"not_picked":["Venomology","Eviscerate"],"picked":"Dodge and Roll","floor":10.0},{"not_picked":["Quick Slash+1","Infinite Blades"],"picked":"PiercingWail","floor":11.0},{"not_picked":["Backflip","Sucker Punch+1"],"picked":"Dagger Spray+1","floor":12.0},{"not_picked":["Dagger Throw+1","Cloak And Dagger"],"picked":"A Thousand Cuts","floor":13}],"player_experience":750820,"relics_obtained":[{"floor":5.0,"key":"Meat on the Bone"},{"floor":7.0,"key":"Happy Flower"},{"floor":9.0,"key":"Mercury Hourglass"},{"floor":10.0,"key":"Molten Egg 2"},{"floor":13,"key":"Ornamental Fan"}],"event_choices":[{"damage_healed":0.0,"max_hp_gain":0.0,"max_hp_loss":0.0,"gold_gain":0.0,"event_name":"Shining Light","player_choice":"Entered Light","floor":3.0,"gold_loss":0.0,"damage_taken":20.0,"cards_upgraded":["Strike_G","Neutralize"]},{"damage_healed":0,"gold_gain":0,"player_choice":"Left Gold","damage_taken":0,"max_hp_gain":0,"max_hp_loss":0,"event_name":"World of Goop","floor":14,"gold_loss":44}],"is_beta":false,"boss_relics":[],"items_purged_floors":[],"is_endless":false,"potions_floor_spawned":[1,2,7,12],"killed_by":"Slime Boss","ascension_level":18}