{"gold_per_floor":[119,129,429,429,429,429,454,454,454,454,464,56,85,96,96,193,193,213,233,24,40,40,40,73,85,97,109],"floor_reached":27,"playtime":14098,"items_purged":["Strike_R"],"score":370,"play_id":"c4c2ecbe-4f26-42f0-9636-06fa07f833d5","local_time":"20190315233257","is_ascension_mode":true,"campfire_choices":[{"data":"Anger","floor":6.0,"key":"SMITH"},{"floor":8.0,"key":"REST"},{"data":"Spot Weakness","floor":10.0,"key":"SMITH"},{"data":"Pummel","floor":15.0,"key":"SMITH"},{"floor":23.0,"key":"REST"},{"data":"Heavy Blade","floor":25.0,"key":"SMITH"}],"neow_cost":"NONE","seed_source_timestamp":151949358958318,"circlet_count":0,"master_deck":["AscendersBane","Strike_R","Strike_R","Strike_R","Strike_R","Defend_R","Defend_R","Defend_R","Defend_R","Bash+1","Anger+1","Spot Weakness+1","Pummel+1","Iron Wave","Enlightenment+1","Armaments+1","Whirlwind","Bludgeon","Ghostly Armor+1","Rage+1","Bandage Up+1","Flex+1","Heavy Blade+1","RitualDagger","Pummel+1"],"special_seed":0,"relics":["Black Blood","Old Coin","Regal Pillow","Pen Nib","Ancient Tea Set","Toxic Egg 2","Bottled Flame","MawBank","Turnip"],"potions_floor_usage":[],"damage_taken":[{"damage":1.0,"enemies":"Small Slimes","floor":1.0,"turns":5.0},{"damage":9.0,"enemies":"Jaw Worm","floor":2.0,"turns":3.0},{"damage":40.0,"enemies":"3 Sentries","floor":7.0,"turns":9.0},{"damage":0.0,"enemies":"2 Louse","floor":11.0,"turns":2.0},{"damage":15.0,"enemies":"Lagavulin","floor":13.0,"turns":5.0},{"damage":0.0,"enemies":"Large Slime","floor":14.0,"turns":5.0},{"damage":54.0,"enemies":"Slime Boss","floor":16.0,"turns":13.0},{"damage":28.0,"enemies":"3 Byrds","floor":18.0,"turns":7.0},{"damage":19.0,"enemies":"Spheric Guardian","floor":19.0,"turns":4.0},{"damage":27.0,"enemies":"3 Cultists","floor":21.0,"turns":5.0},{"damage":22.0,"enemies":"Slavers","floor":24.0,"turns":5.0},{"damage":83,"enemies":"Gremlin Leader","floor":27,"turns":6}],"seed_played":"-6803159649331928966","potions_obtained":[{"floor":11.0,"key":"Weak Potion"},{"floor":13.0,"key":"BloodPotion"},{"floor":14.0,"key":"LiquidBronze"},{"floor":19.0,"key":"GamblersBrew"}],"is_trial":false,"path_per_floor":["M","M","?","?","?","R","E","R","T","R","M","$","E","M","R","B",null,"M","M","$","M","?","R","E","R","T","E"],"character_chosen":"IRONCLAD","items_purchased":["Toxic Egg 2","Enlightenment+1","Bandage Up+1","Flex+1","Regen Potion"],"campfire_rested":2,"item_purchase_floors":[12,12,20,20,20],"current_hp_per_floor":[77,74,67,67,67,67,33,72,72,72,78,78,69,80,80,32,68,50,41,41,44,38,77,71,71,71,0],"gold":109,"neow_bonus":"UPGRADE_CARD","is_prod":false,"is_daily":false,"chose_seed":false,"campfire_upgraded":4,"win_rate":0,"timestamp":1552653177,"path_taken":["M","M","?","?","?","R","E","R","T","R","M","$","E","M","R","BOSS","M","M","$","M","?","R","E","R","T","E"],"build_version":"2019-01-23","purchased_purges":1,"victory":false,"max_hp_per_floor":[80,80,80,80,80,80,80,80,80,80,80,80,80,80,80,80,80,80,80,80,80,80,80,80,80,80,80],"card_choices":[{"not_picked":["Wild Strike","Headbutt"],"picked":"Anger","floor":1.0},{"not_picked":["Havoc","Thunderclap"],"picked":"Spot Weakness","floor":2.0},{"not_picked":["Seeing Red","Whirlwind"],"picked":"Pummel","floor":7.0},{"not_picked":["Anger","Flex"],"picked":"Iron Wave","floor":11.0},{"not_picked":["Shrug It Off+1","Perfected Strike"],"picked":"Armaments+1","floor":13.0},{"not_picked":["Evolve","Iron Wave"],"picked":"Whirlwind","floor":14.0},{"not_picked":["Offering+1","Brutality"],"picked":"Bludgeon","floor":16.0},{"not_picked":["Second Wind+1","Intimidate+1"],"picked":"Ghostly Armor+1","floor":18.0},{"not_picked":["Twin Strike","Headbutt"],"picked":"Rage+1","floor":19.0},{"not_picked":["Dropkick","Flex+1"],"picked":"Heavy Blade","floor":21.0},{"not_picked":["Headbutt","Iron Wave"],"picked":"Pummel+1","floor":24.0}],"player_experience":932455,"relics_obtained":[{"floor":7.0,"key":"Pen Nib"},{"floor":9.0,"key":"Ancient Tea Set"},{"floor":13.0,"key":"Bottled Flame"},{"floor":24.0,"key":"MawBank"},{"floor":26.0,"key":"Turnip"}],"event_choices":[{"damage_healed":0.0,"max_hp_gain":0.0,"max_hp_loss":0.0,"gold_gain":0.0,"event_name":"Scrap Ooze","player_choice":"Success","floor":3.0,"gold_loss":0.0,"damage_taken":7.0,"relics_obtained":["Old Coin"]},{"damage_healed":0.0,"max_hp_gain":0.0,"max_hp_loss":0.0,"gold_gain":0.0,"event_name":"Big Fish","player_choice":"Box","floor":4.0,"gold_loss":0.0,"damage_taken":0.0,"relics_obtained":["Regal Pillow"],"cards_obtained":["Regret"]},{"cards_removed":["Regret"],"damage_healed":0.0,"max_hp_gain":0.0,"max_hp_loss":0.0,"gold_gain":0.0,"event_name":"Living Wall","player_choice":"Forget","floor":5.0,"gold_loss":0.0,"damage_taken":0.0},{"damage_healed":0.0,"max_hp_gain":0.0,"max_hp_loss":0.0,"gold_gain":0.0,"event_name":"Nest","player_choice":"Joined the Cult","floor":22.0,"gold_loss":0.0,"damage_taken":6.0,"cards_obtained":["RitualDagger"]}],"is_beta":false,"boss_relics":[{"not_picked":["Black Star","Eternal Feather"],"picked":"Black Blood"}],"items_purged_floors":[12],"is_endless":false,"potions_floor_spawned":[11,13,14,19],"killed_by":"Gremlin Leader","ascension_level":11}