{"gold_per_floor":[118,133,149,169,184,210,210,222,246,258,106,106,121,96,96,195,195,210,210,76,36,49,74,84,102,126,126,158,177,177,29,29,133,133,151,151,373,391,59,59,74,74,152,152,152,152,152,25,25,25,25,25,25,25],"floor_reached":54,"playtime":5444,"items_purged":["Strike_G","Strike_G","Defend_G"],"score":715,"play_id":"9fe3210a-babc-4b53-bbb7-77735e856750","local_time":"20190126004514","is_ascension_mode":true,"campfire_choices":[{"floor":7,"key":"REST"},{"floor":15,"key":"REST"},{"floor":27,"key":"REST"},{"floor":30,"key":"REST"},{"floor":32,"key":"RECALL"},{"floor":40,"key":"REST"},{"floor":42,"key":"REST"},{"data":"Burst","floor":44,"key":"SMITH"},{"floor":46,"key":"REST"},{"data":"Catalyst","floor":49,"key":"SMITH"},{"data":"Acrobatics","floor":52,"key":"SMITH"}],"neow_cost":"NONE","seed_source_timestamp":1443611573366,"circlet_count":0,"master_deck":["Defend_G+1","Defend_G+1","Defend_G+1","Defend_G+1","Strike_G+1","Strike_G+1","Strike_G+1","Survivor+1","Neutralize+1","Phantasmal Killer+1","Dagger Spray+1","Dagger Throw+1","Noxious Fumes+1","Bouncing Flask+1","Noxious Fumes+1","Bouncing Flask+1","Poisoned Stab+1","Adrenaline+1","Footwork+1","Crippling Poison+1","After Image+1","Dagger Spray+1","RitualDagger+1","Underhanded Strike+1","Deadly Poison+1","Corpse Explosion+1","Slice+1","Outmaneuver+1","Backstab+1","Deflect+1","Burst+1","Slice+1","Infinite Blades+1","Enlightenment+1","Flying Knee+1","Heel Hook+1","Cloak And Dagger+1","Catalyst+1","Acrobatics+1"],"relics":["Ring of the Snake","Whetstone","Regal Pillow","Runic Pyramid","Bag of Preparation","Lantern","Red Mask","HoveringKite","War Paint","Paper Crane","Mark of the Bloom"],"potions_floor_usage":[13,16,16,16,24,33,33,33,50],"damage_taken":[{"damage":1,"enemies":"Cultist","floor":1,"turns":3},{"damage":0,"enemies":"Small Slimes","floor":2,"turns":3},{"damage":0,"enemies":"2 Louse","floor":3,"turns":2},{"damage":13,"enemies":"Large Slime","floor":4,"turns":8},{"damage":9,"enemies":"Exordium Thugs","floor":5,"turns":4},{"damage":29,"enemies":"3 Sentries","floor":6,"turns":5},{"damage":18,"enemies":"Blue Slaver","floor":8,"turns":4},{"damage":10,"enemies":"Looter","floor":10,"turns":4},{"damage":6,"enemies":"Large Slime","floor":13,"turns":6},{"damage":21,"enemies":"Hexaghost","floor":16,"turns":7},{"damage":0,"enemies":"Spheric Guardian","floor":18,"turns":3},{"damage":0,"enemies":"Chosen","floor":22,"turns":5},{"damage":47,"enemies":"Book of Stabbing","floor":23,"turns":7},{"damage":19,"enemies":"Snake Plant","floor":24,"turns":5},{"damage":11,"enemies":"Cultist and Chosen","floor":25,"turns":4},{"damage":11,"enemies":"Masked Bandits","floor":28,"turns":3},{"damage":2,"enemies":"Chosen and Byrds","floor":29,"turns":4},{"damage":38,"enemies":"Automaton","floor":33,"turns":9},{"damage":6,"enemies":"3 Shapes","floor":35,"turns":3},{"damage":35,"enemies":"Orb Walker","floor":38,"turns":5},{"damage":50,"enemies":"Maw","floor":41,"turns":9},{"damage":29,"enemies":"Donu and Deca","floor":50,"turns":6},{"damage":33,"enemies":"Shield and Spear","floor":54,"turns":3}],"seed_played":"-2634311393673600459","potions_obtained":[{"floor":4,"key":"Weak Potion"},{"floor":5,"key":"AttackPotion"},{"floor":8,"key":"LiquidBronze"},{"floor":13,"key":"SkillPotion"},{"floor":16,"key":"SkillPotion"},{"floor":22,"key":"Regen Potion"},{"floor":25,"key":"Fruit Juice"},{"floor":28,"key":"Poison Potion"},{"floor":33,"key":"Explosive Potion"},{"floor":38,"key":"SneckoOil"},{"floor":41,"key":"Swift Potion"}],"is_trial":false,"path_per_floor":["M","M","M","M","M","E","R","M","T","M","$","T","M","?","R","B",null,"M","?","$","?","M","E","M","M","T","R","?","M","R","$","R","B",null,"M","?","?","M","$","R","M","R","T","R","?","R","?","$","R","B",null,"R","$","E"],"character_chosen":"THE_SILENT","items_purchased":["Footwork","Caltrops","Deflect","Enlightenment","Flying Knee","Heel Hook","War Paint","Catalyst","Acrobatics"],"campfire_rested":7,"item_purchase_floors":[11,20,31,39,39,39,39,48,48],"current_hp_per_floor":[69,69,69,56,47,18,39,21,21,11,11,11,5,5,41,20,70,70,64,64,64,64,17,13,2,2,38,27,25,61,61,61,28,75,69,69,69,34,34,71,21,58,58,58,58,58,58,58,58,29,29,29,29,0],"gold":25,"neow_bonus":"ONE_RANDOM_RARE_CARD","is_prod":false,"is_daily":false,"chose_seed":false,"campfire_upgraded":3,"win_rate":0,"timestamp":1548423914,"path_taken":["M","M","?","M","M","E","R","M","T","M","$","?","M","?","R","BOSS","M","?","$","?","M","E","?","M","T","R","?","M","R","$","R","BOSS","M","?","?","M","?","R","?","R","T","R","?","R","?","$","R","BOSS","R","$","E"],"build_version":"2019-01-23","purchased_purges":3,"victory":false,"max_hp_per_floor":[70,70,70,70,70,70,70,70,70,70,70,70,70,70,70,70,70,70,70,70,70,70,70,70,70,70,70,70,70,70,70,70,75,75,75,75,75,75,75,75,75,75,75,75,75,75,75,75,75,75,75,75,75,75],"card_choices":[{"not_picked":["Deflect","Outmaneuver"],"picked":"Dagger Spray","floor":1},{"not_picked":["Sucker Punch","PiercingWail"],"picked":"Dagger Throw","floor":2},{"not_picked":["Prepared","Masterful Stab"],"picked":"Noxious Fumes","floor":3},{"not_picked":["Flying Knee","Dagger Throw"],"picked":"Bouncing Flask","floor":4},{"not_picked":["Deflect","Bouncing Flask"],"picked":"Noxious Fumes","floor":5},{"not_picked":["Cloak And Dagger","Leg Sweep"],"picked":"Bouncing Flask","floor":6},{"not_picked":["Leg Sweep","Backflip"],"picked":"Poisoned Stab","floor":8},{"not_picked":["Outmaneuver","Dodge and Roll"],"picked":"Adrenaline","floor":10},{"not_picked":["Underhanded Strike","Blade Dance"],"picked":"Crippling Poison","floor":13},{"not_picked":["Burst","Glass Knife"],"picked":"After Image","floor":16},{"not_picked":["Noxious Fumes","Sucker Punch+1"],"picked":"Dagger Spray+1","floor":18},{"not_picked":["PiercingWail","Terror"],"picked":"Underhanded Strike","floor":22},{"not_picked":["Underhanded Strike","Dagger Spray"],"picked":"Deadly Poison","floor":23},{"not_picked":["Expertise+1","Blur"],"picked":"Corpse Explosion","floor":24},{"not_picked":["Underhanded Strike","Outmaneuver"],"picked":"Slice+1","floor":25},{"not_picked":["Acrobatics","Blur"],"picked":"Outmaneuver+1","floor":28},{"not_picked":["Skewer","Outmaneuver"],"picked":"Backstab+1","floor":29},{"not_picked":["Wraith Form v2","Unload"],"picked":"Burst","floor":33},{"not_picked":["Caltrops","Flying Knee"],"picked":"Slice+1","floor":35},{"not_picked":["Cloak And Dagger","Finisher+1"],"picked":"Infinite Blades+1","floor":38},{"not_picked":["Acrobatics","Poisoned Stab+1"],"picked":"Cloak And Dagger+1","floor":41}],"player_experience":138962,"relics_obtained":[{"floor":6,"key":"Whetstone"},{"floor":9,"key":"Regal Pillow"},{"floor":23,"key":"Bag of Preparation"},{"floor":26,"key":"Lantern"},{"floor":28,"key":"Red Mask"},{"floor":43,"key":"Paper Crane"}],"event_choices":[{"damage_healed":0,"gold_gain":0,"player_choice":"Left Gold","damage_taken":0,"max_hp_gain":0,"max_hp_loss":0,"event_name":"World of Goop","floor":14,"gold_loss":25},{"damage_healed":0,"gold_gain":0,"player_choice":"Joined the Cult","damage_taken":6,"max_hp_gain":0,"max_hp_loss":0,"event_name":"Nest","floor":19,"gold_loss":0,"cards_obtained":["RitualDagger"]},{"damage_healed":0,"gold_gain":0,"player_choice":"Upgraded Two","damage_taken":0,"max_hp_gain":0,"max_hp_loss":0,"event_name":"Designer","floor":21,"gold_loss":40,"cards_upgraded":["Survivor","Defend_G"]},{"damage_healed":0,"gold_gain":0,"player_choice":"Fought Bandits","damage_taken":0,"max_hp_gain":0,"max_hp_loss":0,"event_name":"Masked Bandits","floor":28,"gold_loss":0},{"cards_removed":["Caltrops"],"damage_healed":0,"gold_gain":0,"player_choice":"Removed Power","damage_taken":0,"max_hp_gain":0,"max_hp_loss":0,"event_name":"Falling","floor":36,"gold_loss":0},{"damage_healed":0,"gold_gain":222,"player_choice":"Wore Mask","damage_taken":0,"max_hp_gain":0,"max_hp_loss":0,"event_name":"Tomb of Lord Red Mask","floor":37,"gold_loss":0},{"damage_healed":0,"gold_gain":0,"player_choice":"Upgrade","damage_taken":0,"relics_obtained":["Mark of the Bloom"],"max_hp_gain":0,"max_hp_loss":0,"event_name":"MindBloom","floor":45,"gold_loss":0,"cards_upgraded":["Defend_G","Defend_G","Defend_G","Strike_G","Strike_G","Strike_G","Phantasmal Killer","Dagger Spray","Noxious Fumes","Bouncing Flask","Noxious Fumes","Poisoned Stab","Adrenaline","Footwork","Crippling Poison","After Image","RitualDagger","Underhanded Strike","Corpse Explosion","Deflect","Enlightenment","Flying Knee","Heel Hook"]},{"damage_healed":0,"gold_gain":0,"player_choice":"Ignored","damage_taken":0,"max_hp_gain":0,"max_hp_loss":0,"event_name":"Mysterious Sphere","floor":47,"gold_loss":0}],"is_beta":false,"boss_relics":[{"not_picked":["Eternal Feather","Sozu"],"picked":"Runic Pyramid"},{"not_picked":["Black Star","Empty Cage"],"picked":"HoveringKite"}],"items_purged_floors":[11,20,31],"is_endless":false,"potions_floor_spawned":[4,5,8,13,16,22,25,28,33,38,41],"killed_by":"Shield and Spear","ascension_level":1}