{"gold_per_floor":[14,30,40,55,55,80,80,100,100,112,138,15,30,89,89,186,186,200,216,141,158,168,168,182,32,58,58,71,71,86,98,98,197,197,216,216,316,332,332,332,346,346,372,395,123,123,123,31,31,31,31,31,31,31],"floor_reached":54,"playtime":11395,"items_purged":["Defend_R"],"score":726,"play_id":"84cdf94b-39b6-4ba0-8e71-bb791f31431c","local_time":"20190601232443","is_ascension_mode":false,"campfire_choices":[{"floor":7.0,"key":"RECALL"},{"floor":15.0,"key":"REST"},{"data":"Demon Form","floor":23.0,"key":"SMITH"},{"data":"Shockwave","floor":27.0,"key":"SMITH"},{"data":"Heavy Blade","floor":29.0,"key":"SMITH"},{"data":"Heavy Blade","floor":32.0,"key":"SMITH"},{"data":"Mind Blast","floor":40.0,"key":"SMITH"},{"data":"Dark Embrace","floor":42.0,"key":"SMITH"},{"data":"Corruption","floor":46.0,"key":"SMITH"},{"data":"Madness","floor":49.0,"key":"SMITH"},{"data":"Inflame","floor":52.0,"key":"SMITH"}],"neow_cost":"NO_GOLD","seed_source_timestamp":269950332819630,"circlet_count":0,"master_deck":["Bash","Rage","Demon Form+1","Clash","Heavy Blade+1","Iron Wave","Power Through","Double Tap","Twin Strike","Shrug It Off","Shockwave+1","Sword Boomerang","Anger","Flex","Fiend Fire","Whirlwind+1","True Grit+1","Flex","Shrug It Off","Heavy Blade+1","Pummel+1","Dark Embrace+1","Clothesline","Inflame+1","Anger","Twin Strike","Entrench","Disarm","Spot Weakness+1","Dramatic Entrance","Mind Blast+1","Heavy Blade+1","Heavy Blade+1","Sword Boomerang+1","Flex+1","Corruption+1","Spot Weakness","Madness+1","Flame Barrier","Sword Boomerang"],"special_seed":0,"relics":["Black Blood","Pear","Shuriken","Odd Mushroom","Centennial Puzzle","Vajra","Red Skull","Strawberry","Pandora\u0027s Box","Turnip","MawBank"],"potions_floor_usage":[],"damage_taken":[{"damage":1.0,"enemies":"Cultist","floor":1.0,"turns":4.0},{"damage":7.0,"enemies":"2 Louse","floor":2.0,"turns":4.0},{"damage":3.0,"enemies":"Small Slimes","floor":3.0,"turns":4.0},{"damage":0.0,"enemies":"Looter","floor":4.0,"turns":3.0},{"damage":14.0,"enemies":"Gremlin Nob","floor":6.0,"turns":4.0},{"damage":27.0,"enemies":"The Mushroom Lair","floor":8.0,"turns":7.0},{"damage":2.0,"enemies":"Exordium Thugs","floor":10.0,"turns":4.0},{"damage":28.0,"enemies":"Lagavulin","floor":11.0,"turns":6.0},{"damage":7.0,"enemies":"Blue Slaver","floor":13.0,"turns":4.0},{"damage":20.0,"enemies":"Lagavulin Event","floor":14.0,"turns":6.0},{"damage":26.0,"enemies":"Hexaghost","floor":16.0,"turns":5.0},{"damage":13.0,"enemies":"Shell Parasite","floor":18.0,"turns":4.0},{"damage":4.0,"enemies":"3 Byrds","floor":19.0,"turns":5.0},{"damage":12.0,"enemies":"3 Cultists","floor":21.0,"turns":4.0},{"damage":17.0,"enemies":"Cultist and Chosen","floor":22.0,"turns":4.0},{"damage":8.0,"enemies":"Snecko","floor":24.0,"turns":3.0},{"damage":15.0,"enemies":"Snake Plant","floor":28.0,"turns":3.0},{"damage":34.0,"enemies":"Sentry and Sphere","floor":30.0,"turns":7.0},{"damage":12.0,"enemies":"Shelled Parasite and Fungi","floor":31.0,"turns":3.0},{"damage":33.0,"enemies":"Automaton","floor":33.0,"turns":6.0},{"damage":27.0,"enemies":"3 Darklings","floor":35.0,"turns":5.0},{"damage":7.0,"enemies":"Mind Bloom Boss Battle","floor":37.0,"turns":7.0},{"damage":9.0,"enemies":"Orb Walker","floor":38.0,"turns":3.0},{"damage":15.0,"enemies":"Jaw Worm Horde","floor":41.0,"turns":3.0},{"damage":1.0,"enemies":"4 Shapes","floor":44.0,"turns":3.0},{"damage":76.0,"enemies":"Awakened One","floor":50.0,"turns":6.0},{"damage":132,"enemies":"Shield and Spear","floor":54,"turns":6}],"seed_played":"3266661487643150276","potions_obtained":[{"floor":2.0,"key":"EssenceOfSteel"},{"floor":3.0,"key":"SkillPotion"},{"floor":8.0,"key":"Block Potion"},{"floor":13.0,"key":"EntropicBrew"},{"floor":16.0,"key":"AttackPotion"},{"floor":18.0,"key":"FearPotion"},{"floor":21.0,"key":"FearPotion"},{"floor":24.0,"key":"SteroidPotion"},{"floor":31.0,"key":"SkillPotion"},{"floor":33.0,"key":"SpeedPotion"},{"floor":37.0,"key":"Swift Potion"},{"floor":41.0,"key":"SkillPotion"}],"is_trial":false,"path_per_floor":["M","M","M","M","?","E","R","?","T","M","E","$","M","?","R","B",null,"M","M","$","M","M","R","M","$","T","R","M","R","M","M","R","B",null,"M","?","?","M","$","R","M","R","T","M","$","R","?","$","R","B",null,"R","$","E"],"character_chosen":"IRONCLAD","items_purchased":["Shockwave","Sword Boomerang","Red Skull","Corruption","Spot Weakness","Madness","Energy Potion","Flame Barrier","Sword Boomerang"],"campfire_rested":1,"item_purchase_floors":[12,12,25,45,45,45,45,48,48],"current_hp_per_floor":[80,79,80,80,83,75,75,54,54,58,36,36,35,21,48,28,90,87,90,90,88,81,81,83,83,90,90,85,85,61,59,59,36,97,80,75,78,79,79,79,74,74,74,83,83,83,83,83,83,17,97,97,97,0],"gold":31,"neow_bonus":"TRANSFORM_TWO_CARDS","is_prod":false,"is_daily":false,"chose_seed":false,"campfire_upgraded":9,"win_rate":0,"timestamp":1559395483,"path_taken":["M","M","M","M","?","E","R","?","T","M","E","$","M","?","R","BOSS","M","M","$","M","M","R","M","$","T","R","M","R","M","M","R","BOSS","M","?","?","?","$","R","M","R","T","M","$","R","?","?","R","BOSS","R","$","E"],"build_version":"2019-01-23","purchased_purges":1,"victory":false,"max_hp_per_floor":[80,80,80,80,90,90,90,90,90,90,90,90,90,90,90,90,90,90,90,90,90,90,90,90,90,97,97,97,97,97,97,97,97,97,97,97,97,97,97,97,97,97,97,97,97,97,97,97,97,97,97,97,97,97],"card_choices":[{"not_picked":["Clothesline","Armaments"],"picked":"Clash","floor":1.0},{"not_picked":["Clothesline","Inflame"],"picked":"Heavy Blade","floor":2.0},{"not_picked":["Perfected Strike","Havoc"],"picked":"Iron Wave","floor":3.0},{"not_picked":["True Grit","Clothesline"],"picked":"Power Through","floor":4.0},{"not_picked":["Warcry","Sentinel","Thunderclap"],"picked":"SKIP","floor":6.0},{"not_picked":["Pommel Strike","Thunderclap"],"picked":"Double Tap","floor":8.0},{"not_picked":["Rampage","Battle Trance"],"picked":"Twin Strike","floor":10.0},{"not_picked":["True Grit","Twin Strike"],"picked":"Shrug It Off","floor":11.0},{"not_picked":["Burning Pact","Headbutt"],"picked":"Anger","floor":13.0},{"not_picked":["Intimidate","Combust"],"picked":"Flex","floor":14.0},{"not_picked":["Dark Embrace","Demon Form"],"picked":"Fiend Fire","floor":16.0},{"not_picked":["True Grit","Heavy Blade"],"picked":"Whirlwind+1","floor":18.0},{"not_picked":["Uppercut+1","Headbutt"],"picked":"Intimidate+1","floor":19.0},{"not_picked":["Cleave","Perfected Strike"],"picked":"True Grit+1","floor":21.0},{"not_picked":["Cleave","Sword Boomerang"],"picked":"Flex","floor":22.0},{"not_picked":["Clothesline+1","Sever Soul"],"picked":"Shrug It Off","floor":24.0},{"not_picked":["Shrug It Off","Searing Blow"],"picked":"Heavy Blade","floor":28.0},{"not_picked":["Twin Strike","Clothesline"],"picked":"Pummel+1","floor":30.0},{"not_picked":["Warcry","Rampage","Thunderclap+1"],"picked":"SKIP","floor":31.0},{"not_picked":["Juggernaut","Demon Form"],"picked":"Dark Embrace","floor":33.0},{"not_picked":["Shockwave","True Grit"],"picked":"Spot Weakness+1","floor":35.0},{"not_picked":["Swift Strike","Trip"],"picked":"Dramatic Entrance","floor":36.0},{"not_picked":["Purity","Magnetism"],"picked":"Mind Blast","floor":36.0},{"not_picked":["Sever Soul","Disarm"],"picked":"Heavy Blade+1","floor":37.0},{"not_picked":["True Grit+1","Pommel Strike+1"],"picked":"Heavy Blade+1","floor":38.0},{"not_picked":["Rupture+1","Iron Wave+1"],"picked":"Sword Boomerang+1","floor":41.0},{"not_picked":["Anger+1","Shrug It Off"],"picked":"Flex+1","floor":44.0}],"player_experience":2030600,"relics_obtained":[{"floor":6.0,"key":"Shuriken"},{"floor":8.0,"key":"Odd Mushroom"},{"floor":11.0,"key":"Centennial Puzzle"},{"floor":14.0,"key":"Vajra"},{"floor":26.0,"key":"Strawberry"},{"floor":37.0,"key":"Turnip"},{"floor":43.0,"key":"MawBank"}],"event_choices":[{"damage_healed":0.0,"max_hp_gain":0.0,"max_hp_loss":0.0,"gold_gain":0.0,"event_name":"Scrap Ooze","player_choice":"Success","floor":5.0,"gold_loss":0.0,"damage_taken":7.0,"relics_obtained":["Pear"]},{"damage_healed":0.0,"max_hp_gain":0.0,"max_hp_loss":0.0,"gold_gain":0.0,"event_name":"Mushrooms","player_choice":"Fought Mushrooms","floor":8.0,"gold_loss":0.0,"damage_taken":0.0},{"damage_healed":0.0,"max_hp_gain":0.0,"max_hp_loss":0.0,"gold_gain":0.0,"event_name":"Dead Adventurer","player_choice":"Searched \u00272\u0027 times","floor":14.0,"gold_loss":0.0,"damage_taken":0.0},{"damage_healed":0.0,"max_hp_gain":0.0,"max_hp_loss":0.0,"gold_gain":0.0,"event_name":"SensoryStone","player_choice":"Memory 2","floor":36.0,"gold_loss":0.0,"damage_taken":5.0},{"damage_healed":0.0,"max_hp_gain":0.0,"max_hp_loss":0.0,"gold_gain":0.0,"event_name":"MindBloom","player_choice":"Fight","floor":37.0,"gold_loss":0.0,"damage_taken":0.0},{"cards_removed":["Intimidate"],"damage_healed":0.0,"max_hp_gain":0.0,"max_hp_loss":0.0,"gold_gain":0.0,"event_name":"Falling","player_choice":"Removed Skill","floor":47.0,"gold_loss":0.0,"damage_taken":0.0}],"is_beta":false,"boss_relics":[{"not_picked":["Snecko Eye","Calling Bell"],"picked":"Black Blood"},{"not_picked":["Velvet Choker","Fusion Hammer"],"picked":"Pandora\u0027s Box"}],"items_purged_floors":[20],"is_endless":false,"potions_floor_spawned":[2,3,8,13,14,16,18,21,24,31,33,37,41],"killed_by":"Shield and Spear","ascension_level":0}