{"gold_per_floor":[111,111,161,179,204,204,243,266,266,42,67,67,67,67,67,67],"floor_reached":16,"playtime":570,"items_purged":[],"score":185,"play_id":"9ad29c15-bddd-47e1-81eb-fa2576a94d45","local_time":"20190528111444","is_ascension_mode":true,"campfire_choices":[{"data":"Neutralize","floor":6,"key":"SMITH"},{"floor":13,"key":"REST"},{"floor":15,"key":"REST"}],"neow_cost":"NONE","seed_source_timestamp":903570613525586,"circlet_count":0,"master_deck":["AscendersBane","Defend_G","Defend_G","Defend_G","Defend_G","Defend_G","Strike_G+1","Strike_G","Strike_G","Strike_G","Strike_G","Survivor","Neutralize+1","Dagger Throw","Backflip","Deadly Poison","Sucker Punch+1","Well Laid Plans","Acrobatics+1"],"relics":["Runic Dome","Golden Idol","Art of War","Pear","TwistedFunnel"],"potions_floor_usage":[7],"damage_taken":[{"damage":3,"enemies":"2 Louse","floor":1,"turns":4},{"damage":1,"enemies":"Small Slimes","floor":4,"turns":5},{"damage":0,"enemies":"Cultist","floor":5,"turns":3},{"damage":33,"enemies":"Gremlin Nob","floor":7,"turns":4},{"damage":6,"enemies":"Looter","floor":8,"turns":3},{"damage":1,"enemies":"Large Slime","floor":11,"turns":5},{"damage":52,"enemies":"Slime Boss","floor":16,"turns":13}],"seed_played":"-2857896046929929042","potions_obtained":[{"floor":1,"key":"Ancient Potion"},{"floor":4,"key":"Poison Potion"}],"is_trial":false,"path_per_floor":["M","?","?","M","M","R","E","M","T","$","M","?","R","?","R","B"],"character_chosen":"THE_SILENT","items_purchased":["TwistedFunnel"],"campfire_rested":2,"item_purchase_floors":[10],"current_hp_per_floor":[56,56,56,55,55,55,22,16,26,26,25,4,25,25,46,0],"gold":67,"neow_bonus":"BOSS_RELIC","is_prod":false,"is_daily":false,"chose_seed":false,"campfire_upgraded":1,"win_rate":0,"timestamp":1559063684,"path_taken":["M","?","?","M","?","R","E","M","T","$","M","?","R","?","R","BOSS"],"build_version":"2019-01-23","purchased_purges":0,"victory":false,"max_hp_per_floor":[66,60,60,60,60,60,60,60,70,70,70,70,70,70,70,70],"card_choices":[{"not_picked":["Flechettes","Sucker Punch"],"picked":"Dagger Throw","floor":1},{"not_picked":["Prepared","Well Laid Plans"],"picked":"Backflip","floor":4},{"not_picked":["Setup","Dagger Throw"],"picked":"Deadly Poison","floor":5},{"not_picked":["Underhanded Strike","Deflect"],"picked":"Sucker Punch","floor":7},{"not_picked":["Flechettes","Underhanded Strike"],"picked":"Well Laid Plans","floor":8},{"not_picked":["Blade Dance","Deflect"],"picked":"Acrobatics","floor":11}],"player_experience":920295,"relics_obtained":[{"floor":7,"key":"Art of War"},{"floor":9,"key":"Pear"}],"event_choices":[{"damage_healed":0,"gold_gain":0,"player_choice":"Lose Max HP","damage_taken":0,"relics_obtained":["Golden Idol"],"max_hp_gain":0,"max_hp_loss":6,"event_name":"Golden Idol","floor":2,"gold_loss":0},{"damage_healed":0,"gold_gain":50,"player_choice":"Pray","damage_taken":0,"max_hp_gain":0,"max_hp_loss":0,"event_name":"Golden Shrine","floor":3,"gold_loss":0},{"damage_healed":0,"gold_gain":0,"player_choice":"Entered Light","damage_taken":21,"max_hp_gain":0,"max_hp_loss":0,"event_name":"Shining Light","floor":12,"gold_loss":0,"cards_upgraded":["Acrobatics","Strike_G"]},{"damage_healed":0,"gold_gain":0,"player_choice":"Grow","damage_taken":0,"max_hp_gain":0,"max_hp_loss":0,"event_name":"Living Wall","floor":14,"gold_loss":0,"cards_upgraded":["Sucker Punch"]}],"is_beta":false,"boss_relics":[],"items_purged_floors":[],"is_endless":false,"potions_floor_spawned":[1,4,5],"killed_by":"Slime Boss","ascension_level":17}