{"gold_per_floor":[217,217,40,56,67,101,101,101,101,117,127,127,127,127,127,229,229,240,240,21,35,35,62,62,62,62,77,77,152,79,99,99,99],"floor_reached":33,"playtime":1061,"items_purged":["Strike_R","Strike_R"],"score":263,"play_id":"435f9f10-9362-4f04-bc3a-5e13df262456","local_time":"20190613184931","is_ascension_mode":false,"campfire_choices":[{"data":"Bash","floor":7,"key":"SMITH"},{"data":"Immolate","floor":12,"key":"SMITH"},{"data":"Clothesline","floor":15,"key":"SMITH"},{"data":"True Grit","floor":24,"key":"SMITH"},{"data":"J.A.X.","floor":28,"key":"SMITH"},{"floor":32,"key":"REST"}],"neow_cost":"NONE","seed_source_timestamp":20942039871363,"circlet_count":0,"master_deck":["Strike_R+1","Strike_R","Defend_R","Defend_R","Defend_R","Defend_R","Bash+1","Feel No Pain+1","Iron Wave","Havoc+1","Infernal Blade","Clothesline+1","Immolate+1","Evolve","Limit Break","Shockwave","True Grit+1","J.A.X.+1","Metallicize","Sword Boomerang"],"relics":["Burning Blood"],"potions_floor_usage":[6,18,19,23,23,31,33],"damage_taken":[{"damage":6,"enemies":"Jaw Worm","floor":1,"turns":6},{"damage":1,"enemies":"2 Louse","floor":4,"turns":3},{"damage":0,"enemies":"Cultist","floor":5,"turns":4},{"damage":22,"enemies":"Lagavulin","floor":6,"turns":5},{"damage":6,"enemies":"Exordium Wildlife","floor":10,"turns":2},{"damage":12,"enemies":"Blue Slaver","floor":11,"turns":2},{"damage":6,"enemies":"Slime Boss","floor":16,"turns":4},{"damage":20,"enemies":"2 Thieves","floor":18,"turns":3},{"damage":30,"enemies":"Colosseum Slavers","floor":19,"turns":4},{"damage":5,"enemies":"Shell Parasite","floor":21,"turns":3},{"damage":20,"enemies":"Book of Stabbing","floor":23,"turns":6},{"damage":9,"enemies":"Chosen and Byrds","floor":27,"turns":7},{"damage":29,"enemies":"Snake Plant","floor":31,"turns":5},{"damage":74,"enemies":"Automaton","floor":33,"turns":6}],"seed_played":"8993985983574529626","potions_obtained":[{"floor":4,"key":"Explosive Potion"},{"floor":6,"key":"LiquidBronze"},{"floor":16,"key":"PowerPotion"},{"floor":18,"key":"LiquidBronze"},{"floor":27,"key":"Poison Potion"}],"is_trial":false,"path_per_floor":["M","?","$","M","M","E","R","?","T","M","M","R","?","?","R","B",null,"M","?","$","M","?","E","R","?","T","M","R","?","$","M","R","B"],"character_chosen":"IRONCLAD","items_purchased":["Iron Wave","AttackPotion","PowerPotion","Shockwave","Metallicize"],"campfire_rested":1,"item_purchase_floors":[3,3,20,20,30],"current_hp_per_floor":[80,64,64,69,75,59,59,59,59,59,53,53,53,53,53,53,80,66,42,42,43,69,55,55,55,55,52,52,44,44,21,45,0],"gold":99,"neow_bonus":"HUNDRED_GOLD","is_prod":false,"is_daily":false,"chose_seed":false,"campfire_upgraded":5,"win_rate":0,"timestamp":1560444571,"path_taken":["M","?","$","M","M","E","R","?","T","?","M","R","?","?","R","BOSS","M","?","$","M","?","E","R","?","T","M","R","?","$","M","R","BOSS"],"build_version":"2019-01-23","purchased_purges":2,"victory":false,"max_hp_per_floor":[80,80,80,80,80,80,80,80,80,80,80,80,80,80,80,80,80,80,80,80,80,80,80,80,80,80,80,80,80,80,80,80,80],"card_choices":[{"not_picked":["Sword Boomerang","Body Slam"],"picked":"Feel No Pain","floor":1},{"not_picked":["Iron Wave","Heavy Blade"],"picked":"Havoc","floor":4},{"not_picked":["Flex","Rampage"],"picked":"Infernal Blade","floor":5},{"not_picked":["Cleave","Dropkick"],"picked":"Clothesline","floor":6},{"not_picked":["Body Slam","Disarm"],"picked":"Evolve","floor":10},{"not_picked":["Twin Strike","Rage","Bloodletting"],"picked":"SKIP","floor":11},{"not_picked":["Twin Strike","Rage","Bloodletting"],"picked":"SKIP","floor":11},{"not_picked":["Barricade","Feed"],"picked":"Limit Break","floor":16},{"not_picked":["Wild Strike","Anger","Havoc"],"picked":"SKIP","floor":18},{"not_picked":["Heavy Blade","Wild Strike"],"picked":"True Grit","floor":21},{"not_picked":["Anger","Pommel Strike","Rupture+1"],"picked":"SKIP","floor":23},{"not_picked":["Clothesline","Perfected Strike","Anger"],"picked":"SKIP","floor":27},{"not_picked":["Barricade","Twin Strike"],"picked":"Sword Boomerang","floor":31}],"player_experience":764827,"relics_obtained":[],"event_choices":[{"damage_healed":0,"gold_gain":0,"player_choice":"Entered Light","damage_taken":16,"max_hp_gain":0,"max_hp_loss":0,"event_name":"Shining Light","floor":2,"gold_loss":0,"cards_upgraded":["Strike_R","Feel No Pain"]},{"damage_healed":0,"gold_gain":0,"cards_transformed":["Strike_R"],"player_choice":"Transformed","damage_taken":0,"max_hp_gain":0,"max_hp_loss":0,"event_name":"Transmorgrifier","floor":8,"gold_loss":0,"cards_obtained":["Immolate"]},{"damage_healed":0,"gold_gain":0,"player_choice":"Ignored","damage_taken":0,"max_hp_gain":0,"max_hp_loss":0,"event_name":"Liars Game","floor":13,"gold_loss":0},{"damage_healed":0,"gold_gain":0,"player_choice":"Grow","damage_taken":0,"max_hp_gain":0,"max_hp_loss":0,"event_name":"Living Wall","floor":14,"gold_loss":0,"cards_upgraded":["Havoc"]},{"damage_healed":0,"gold_gain":0,"player_choice":"Fight","damage_taken":0,"max_hp_gain":0,"max_hp_loss":0,"event_name":"Colosseum","floor":19,"gold_loss":0},{"damage_healed":0,"gold_gain":0,"player_choice":"Fled From Nobs","damage_taken":0,"max_hp_gain":0,"max_hp_loss":0,"event_name":"Colosseum","floor":19,"gold_loss":0},{"damage_healed":26,"gold_gain":0,"player_choice":"Heal","damage_taken":0,"max_hp_gain":0,"max_hp_loss":0,"event_name":"The Library","floor":22,"gold_loss":0},{"damage_healed":0,"gold_gain":0,"player_choice":"Obtain J.A.X.","damage_taken":0,"max_hp_gain":0,"max_hp_loss":0,"event_name":"Drug Dealer","floor":25,"gold_loss":0,"cards_obtained":["J.A.X."]},{"damage_healed":0,"gold_gain":75,"player_choice":"Touch","damage_taken":8,"max_hp_gain":0,"max_hp_loss":0,"event_name":"FaceTrader","floor":29,"gold_loss":0}],"is_beta":false,"boss_relics":[{"not_picked":["Eternal Feather","Black Blood","Pandora\u0027s Box"]}],"items_purged_floors":[3,20],"is_endless":false,"potions_floor_spawned":[4,6,16,18,21,27],"killed_by":"Automaton","ascension_level":0}