{"gold_per_floor":[111,8,8,8,29,68,68,68,68,91,112,150,169,188,188,188],"floor_reached":16,"playtime":461,"items_purged":[],"score":260,"play_id":"499f837d-d388-40bc-a323-1120076ec893","local_time":"20190612125550","is_ascension_mode":true,"campfire_choices":[{"floor":8.0,"key":"REST"},{"floor":15,"key":"REST"}],"neow_cost":"NONE","seed_source_timestamp":4573971226642,"circlet_count":0,"master_deck":["AscendersBane","Defend_G","Defend_G","Defend_G","Defend_G","Defend_G","Strike_G","Strike_G","Strike_G","Strike_G","Survivor","Neutralize","Blur","Deadly Poison","Backflip","Quick Slash","Dagger Throw+1","Underhanded Strike+1","Doppelganger","PiercingWail","Bane+1","Dagger Spray+1"],"special_seed":0,"relics":["Ring of the Snake","NeowsBlessing","Golden Idol","Molten Egg 2","Bottled Flame","Sundial"],"potions_floor_usage":[14,16],"damage_taken":[{"damage":0.0,"enemies":"Cultist","floor":1.0,"turns":1.0},{"damage":0.0,"enemies":"Small Slimes","floor":5.0,"turns":1.0},{"damage":0.0,"enemies":"3 Sentries","floor":6.0,"turns":1.0},{"damage":0.0,"enemies":"Jaw Worm","floor":10.0,"turns":4.0},{"damage":4.0,"enemies":"Red Slaver","floor":11.0,"turns":3.0},{"damage":30.0,"enemies":"Lagavulin","floor":12.0,"turns":8.0},{"damage":6.0,"enemies":"Lots of Slimes","floor":13.0,"turns":6.0},{"damage":3,"enemies":"Looter","floor":14,"turns":2},{"damage":25,"enemies":"Slime Boss","floor":16,"turns":5}],"seed_played":"5919913459268900126","potions_obtained":[{"floor":1.0,"key":"Explosive Potion"},{"floor":6.0,"key":"SteroidPotion"},{"floor":12.0,"key":"Strength Potion"},{"floor":14,"key":"SkillPotion"}],"is_trial":false,"path_per_floor":["M","$","?","$","M","E","?","R","T","M","M","E","M","M","R","B"],"character_chosen":"THE_SILENT","items_purchased":["Deadly Poison","Backflip"],"campfire_rested":2,"item_purchase_floors":[2,2],"current_hp_per_floor":[59,59,36,36,36,36,29,48,48,48,44,14,8,5,24,0],"gold":188,"neow_bonus":"THREE_ENEMY_KILL","is_prod":false,"is_daily":false,"chose_seed":false,"campfire_upgraded":0,"win_rate":0,"timestamp":1560336950,"path_taken":["M","$","?","$","M","E","?","R","T","M","M","E","?","M","R","BOSS"],"build_version":"2019-01-23","purchased_purges":0,"victory":false,"max_hp_per_floor":[66,66,66,66,66,66,66,66,66,66,66,66,66,66,66,66],"card_choices":[{"not_picked":["Flechettes","Deflect"],"picked":"Blur","floor":1.0},{"not_picked":["Tactician","Outmaneuver"],"picked":"Quick Slash","floor":5.0},{"not_picked":["Terror","Acrobatics"],"picked":"Dagger Throw","floor":6.0},{"not_picked":["Deadly Poison","Backflip"],"picked":"Underhanded Strike+1","floor":10.0},{"not_picked":["Bane+1","Tactician"],"picked":"Doppelganger","floor":11.0},{"not_picked":["Underhanded Strike+1","Blur"],"picked":"PiercingWail","floor":12.0},{"not_picked":["Blade Dance","Expertise"],"picked":"Bane+1","floor":13.0},{"not_picked":["Bane+1","Dash+1"],"picked":"Dagger Spray+1","floor":14}],"player_experience":750359,"relics_obtained":[{"floor":6.0,"key":"Molten Egg 2"},{"floor":9.0,"key":"Bottled Flame"},{"floor":12.0,"key":"Sundial"}],"event_choices":[{"damage_healed":0.0,"max_hp_gain":0.0,"max_hp_loss":0.0,"gold_gain":0.0,"event_name":"Golden Idol","player_choice":"Take Damage","floor":3.0,"gold_loss":0.0,"damage_taken":23.0,"relics_obtained":["Golden Idol"]},{"cards_removed":["Strike_G"],"damage_healed":0.0,"max_hp_gain":0.0,"max_hp_loss":0.0,"gold_gain":0.0,"event_name":"Golden Wing","player_choice":"Card Removal","floor":7.0,"gold_loss":0.0,"damage_taken":7.0}],"is_beta":false,"boss_relics":[],"items_purged_floors":[],"is_endless":false,"potions_floor_spawned":[1,6,12,14],"killed_by":"Slime Boss","ascension_level":18}