{"gold_per_floor":[111,111,111,36,54,80,97,97,179,205,205,232,244,7,7,7],"floor_reached":16,"playtime":705,"items_purged":[],"score":207,"play_id":"f8e085cb-794b-48a3-a5c0-566b54116140","local_time":"20190619212543","is_ascension_mode":true,"campfire_choices":[{"data":"Adrenaline","floor":8,"key":"SMITH"},{"floor":15,"key":"REST"}],"neow_cost":"NONE","seed_source_timestamp":642579054319,"circlet_count":0,"master_deck":["Defend_G","Defend_G","Defend_G","Defend_G","Defend_G","Strike_G","Strike_G","Strike_G","Strike_G","Strike_G","Survivor","Neutralize","Quick Slash","Wraith Form v2+1","Eviscerate","Backstab","Adrenaline+1","Tactician","Prepared","Underhanded Strike","Setup","After Image","Footwork"],"relics":["Ring of the Snake","NeowsBlessing","Regal Pillow","Smiling Mask","Ornamental Fan","Bottled Lightning","Sundial","Anchor"],"potions_floor_usage":[12,16],"damage_taken":[{"damage":0,"enemies":"Jaw Worm","floor":1,"turns":1},{"damage":0,"enemies":"2 Louse","floor":5,"turns":1},{"damage":0,"enemies":"Lagavulin","floor":6,"turns":1},{"damage":0,"enemies":"Cultist","floor":7,"turns":3},{"damage":30,"enemies":"Gremlin Nob","floor":10,"turns":5},{"damage":19,"enemies":"Lagavulin","floor":12,"turns":8},{"damage":0,"enemies":"Looter","floor":13,"turns":2},{"damage":29,"enemies":"Slime Boss","floor":16,"turns":4}],"seed_played":"-7180712573278832977","potions_obtained":[{"floor":5,"key":"Dexterity Potion"},{"floor":10,"key":"FairyPotion"},{"floor":13,"key":"Block Potion"}],"is_trial":false,"path_per_floor":["M","?","?","$","M","E","M","R","T","E","?","E","M","$","R","B"],"character_chosen":"THE_SILENT","items_purchased":["Backstab","Footwork","Anchor","PowerPotion"],"campfire_rested":1,"item_purchase_floors":[4,14,14,14],"current_hp_per_floor":[63,45,45,45,45,45,45,45,45,15,15,7,7,7,43,14],"gold":7,"neow_bonus":"THREE_ENEMY_KILL","is_prod":false,"is_daily":false,"chose_seed":false,"campfire_upgraded":1,"win_rate":0,"timestamp":1560943543,"path_taken":["M","?","?","$","M","E","?","R","T","E","?","E","?","$","R","BOSS"],"build_version":"2019-01-23","purchased_purges":0,"victory":false,"max_hp_per_floor":[70,70,70,70,70,70,70,70,70,70,70,70,70,70,70,70],"card_choices":[{"not_picked":["Bane","Backflip"],"picked":"Quick Slash","floor":1},{"not_picked":["Flying Knee","Crippling Poison"],"picked":"Adrenaline","floor":5},{"not_picked":["Riddle With Holes","PiercingWail"],"picked":"Tactician","floor":6},{"not_picked":["Choke","Flying Knee"],"picked":"Prepared","floor":7},{"not_picked":["Acrobatics","Blade Dance"],"picked":"Underhanded Strike","floor":10},{"not_picked":["Deflect","Distraction"],"picked":"Setup","floor":12},{"not_picked":["Flying Knee","PiercingWail"],"picked":"After Image","floor":13}],"player_experience":2221262,"relics_obtained":[{"floor":6,"key":"Smiling Mask"},{"floor":9,"key":"Ornamental Fan"},{"floor":10,"key":"Bottled Lightning"},{"floor":12,"key":"Sundial"}],"event_choices":[{"damage_healed":0,"gold_gain":0,"player_choice":"Success","damage_taken":18,"relics_obtained":["Regal Pillow"],"max_hp_gain":0,"max_hp_loss":0,"event_name":"Scrap Ooze","floor":2,"gold_loss":0},{"damage_healed":0,"gold_gain":0,"player_choice":"2 cards matched","damage_taken":0,"max_hp_gain":0,"max_hp_loss":0,"event_name":"Match and Keep!","floor":3,"gold_loss":0,"cards_obtained":["Wraith Form v2","Eviscerate"]},{"damage_healed":0,"gold_gain":0,"player_choice":"Upgraded","damage_taken":0,"max_hp_gain":0,"max_hp_loss":0,"event_name":"Upgrade Shrine","floor":11,"gold_loss":0,"cards_upgraded":["Wraith Form v2"]}],"is_beta":false,"boss_relics":[],"items_purged_floors":[],"is_endless":false,"potions_floor_spawned":[5,10,13],"killed_by":"Slime Boss","ascension_level":9}