{"gold_per_floor":[111,111,36,51,51,51,12,46,72,95,95,111,111,131,131,131],"floor_reached":16,"playtime":419,"items_purged":[],"score":231,"play_id":"04a91a69-eb4a-4d68-9072-1c9897390d25","local_time":"20190613132239","is_ascension_mode":true,"campfire_choices":[{"data":"Armaments","floor":6.0,"key":"SMITH"},{"data":"Entrench","floor":13.0,"key":"SMITH"},{"floor":15,"key":"REST"}],"neow_cost":"NONE","seed_source_timestamp":1873817097018,"circlet_count":0,"master_deck":["AscendersBane","Strike_R","Strike_R","Strike_R","Strike_R","Defend_R","Defend_R","Defend_R","Defend_R","Bash","Armaments+1","Entrench+1","Whirlwind","Feel No Pain","Ghostly Armor"],"special_seed":0,"relics":["Burning Blood","NeowsBlessing","Golden Idol","Pear","Bottled Lightning"],"potions_floor_usage":[],"damage_taken":[{"damage":0.0,"enemies":"Small Slimes","floor":1.0,"turns":1.0},{"damage":0.0,"enemies":"2 Louse","floor":4.0,"turns":1.0},{"damage":0.0,"enemies":"Lagavulin","floor":8.0,"turns":3.0},{"damage":9.0,"enemies":"Jaw Worm","floor":10.0,"turns":5.0},{"damage":6.0,"enemies":"Large Slime","floor":12.0,"turns":3.0},{"damage":37,"enemies":"Lots of Slimes","floor":14,"turns":4},{"damage":69,"enemies":"Hexaghost","floor":16,"turns":15}],"seed_played":"-6201001195210706100","potions_obtained":[{"floor":1.0,"key":"GamblersBrew"},{"floor":8.0,"key":"Ancient Potion"},{"floor":10.0,"key":"SkillPotion"}],"is_trial":false,"path_per_floor":["M","?","?","M","$","R","$","E","T","M","T","M","R","M","R","B"],"character_chosen":"IRONCLAD","items_purchased":["Entrench"],"campfire_rested":1,"item_purchase_floors":[7],"current_hp_per_floor":[74,48,48,54,54,54,54,70,70,67,67,67,67,36,61,0],"gold":131,"neow_bonus":"THREE_ENEMY_KILL","is_prod":false,"is_daily":false,"chose_seed":false,"campfire_upgraded":2,"win_rate":0,"timestamp":1560424959,"path_taken":["M","?","?","M","$","R","$","E","T","M","?","M","R","M","R","BOSS"],"build_version":"2019-01-23","purchased_purges":0,"victory":false,"max_hp_per_floor":[75,75,75,75,75,75,75,85,85,85,85,85,85,85,85,85],"card_choices":[{"not_picked":["Seeing Red","Thunderclap","Second Wind"],"picked":"SKIP","floor":1.0},{"not_picked":["Flex","Intimidate"],"picked":"Armaments","floor":4.0},{"not_picked":["Thunderclap","Perfected Strike","Wild Strike"],"picked":"SKIP","floor":8.0},{"not_picked":["Pummel","Fire Breathing"],"picked":"Whirlwind","floor":10.0},{"not_picked":["Twin Strike","Infernal Blade"],"picked":"Feel No Pain","floor":12.0},{"not_picked":["Dark Embrace","Wild Strike"],"picked":"Ghostly Armor","floor":14}],"player_experience":759921,"relics_obtained":[{"floor":8.0,"key":"Pear"},{"floor":11.0,"key":"Bottled Lightning"}],"event_choices":[{"damage_healed":0.0,"max_hp_gain":0.0,"max_hp_loss":0.0,"gold_gain":0.0,"event_name":"Golden Idol","player_choice":"Take Damage","floor":2.0,"gold_loss":0.0,"damage_taken":26.0,"relics_obtained":["Golden Idol"]},{"cards_removed":["Strike_R"],"damage_healed":0.0,"max_hp_gain":0.0,"max_hp_loss":0.0,"gold_gain":0.0,"event_name":"The Cleric","player_choice":"Card Removal","floor":3.0,"gold_loss":75.0,"damage_taken":0.0}],"is_beta":false,"boss_relics":[],"items_purged_floors":[],"is_endless":false,"potions_floor_spawned":[1,8,10],"killed_by":"Hexaghost","ascension_level":17}