{"gold_per_floor":[114,67,80,155,44,44,59,59,140,140,158,176,195,229,229,328,328,345,345,365,76,91,91,117,117,117,137,157,157,82,140,140,235,235,246,260,260,260],"floor_reached":38,"playtime":26861,"items_purged":["Strike_R","Strike_R"],"score":866,"play_id":"45c4d12f-6f02-4567-8422-1a5cc848da4c","local_time":"20190323234007","is_ascension_mode":true,"campfire_choices":[{"data":"Rupture","floor":6,"key":"SMITH"},{"data":"Combust","floor":8,"key":"SMITH"},{"data":"Hemokinesis","floor":10,"key":"SMITH"},{"floor":15,"key":"REST"},{"floor":23,"key":"REST"},{"data":"Shockwave","floor":25,"key":"SMITH"},{"floor":32,"key":"REST"}],"neow_cost":"NONE","seed_source_timestamp":10686088905668,"circlet_count":0,"master_deck":["AscendersBane","Strike_R","Strike_R","Defend_R","Defend_R","Defend_R","Defend_R","Rupture+1","Metallicize","Iron Wave","Iron Wave","Combust+1","Hemokinesis+1","Shrug It Off","Twin Strike","Pummel","Combust","Impervious","Shockwave+1","Impervious","Cleave","Battle Trance","Iron Wave+1","Pommel Strike+1","Cleave+1","RitualDagger","Hemokinesis","Barricade","Combust"],"relics":["Burning Blood","Bottled Tornado","Lantern","Philosopher\u0027s Stone","Anchor","Pen Nib","Singing Bowl","Tiny Chest","Sozu"],"potions_floor_usage":[3,16,24,24,31,31],"damage_taken":[{"damage":5,"enemies":"Cultist","floor":1,"turns":5},{"damage":5,"enemies":"Jaw Worm","floor":3,"turns":4},{"damage":6,"enemies":"Small Slimes","floor":7,"turns":4},{"damage":5,"enemies":"2 Fungi Beasts","floor":11,"turns":2},{"damage":8,"enemies":"3 Louse","floor":12,"turns":3},{"damage":4,"enemies":"Looter","floor":13,"turns":4},{"damage":30,"enemies":"Lagavulin","floor":14,"turns":6},{"damage":11,"enemies":"Slime Boss","floor":16,"turns":6},{"damage":29,"enemies":"Spheric Guardian","floor":18,"turns":4},{"damage":17,"enemies":"3 Byrds","floor":20,"turns":5},{"damage":8,"enemies":"Cultist and Chosen","floor":22,"turns":6},{"damage":19,"enemies":"Slavers","floor":24,"turns":5},{"damage":12,"enemies":"3 Cultists","floor":27,"turns":4},{"damage":36,"enemies":"Shelled Parasite and Fungi","floor":28,"turns":4},{"damage":6,"enemies":"Gremlin Leader","floor":31,"turns":5},{"damage":21,"enemies":"Champ","floor":33,"turns":8},{"damage":0,"enemies":"Orb Walker","floor":35,"turns":2},{"damage":28,"enemies":"3 Darklings","floor":36,"turns":4},{"damage":53,"enemies":"Maw","floor":38,"turns":6}],"seed_played":"8684639830974021144","potions_obtained":[{"floor":1,"key":"Weak Potion"},{"floor":14,"key":"AttackPotion"},{"floor":16,"key":"Ancient Potion"},{"floor":22,"key":"Weak Potion"},{"floor":24,"key":"Fire Potion"},{"floor":28,"key":"EssenceOfSteel"}],"is_trial":false,"path_per_floor":["M","$","M","?","$","R","M","R","T","R","M","M","M","E","R","B",null,"M","?","M","$","M","R","E","R","T","M","M","?","?","E","R","B",null,"M","M","?","M"],"character_chosen":"IRONCLAD","items_purchased":["Iron Wave","Combust","Anchor","Battle Trance"],"campfire_rested":3,"item_purchase_floors":[2,5,21,21],"current_hp_per_floor":[73,73,74,63,63,63,63,63,63,63,64,62,64,40,64,59,75,52,52,41,41,39,63,50,50,50,44,16,10,10,10,34,19,66,74,52,52,0],"gold":260,"neow_bonus":"THREE_CARDS","is_prod":false,"is_daily":false,"chose_seed":false,"campfire_upgraded":4,"win_rate":0,"timestamp":1553344807,"path_taken":["M","$","M","?","?","R","M","R","T","R","M","?","M","E","R","BOSS","M","?","M","$","M","R","E","R","T","M","?","?","?","E","R","BOSS","M","M","?","M"],"build_version":"2019-01-23","purchased_purges":2,"victory":false,"max_hp_per_floor":[80,80,80,80,80,80,80,80,80,80,80,80,80,80,80,80,80,80,80,80,80,80,80,80,80,80,80,82,82,82,82,82,82,82,84,84,84,84],"card_choices":[{"not_picked":["Warcry","Pommel Strike"],"picked":"Rupture","floor":0},{"not_picked":["Thunderclap","Warcry"],"picked":"Metallicize","floor":1},{"not_picked":["True Grit","Clothesline"],"picked":"Iron Wave","floor":3},{"not_picked":["Perfected Strike","Carnage"],"picked":"Hemokinesis","floor":7},{"not_picked":["Berserk","Sentinel"],"picked":"Shrug It Off","floor":11},{"not_picked":["Havoc","Perfected Strike"],"picked":"Twin Strike","floor":12},{"not_picked":["Clash","Armaments"],"picked":"Pummel","floor":13},{"not_picked":["Berserk","Hemokinesis"],"picked":"Combust","floor":14},{"not_picked":["Demon Form","Reaper"],"picked":"Impervious","floor":16},{"not_picked":["Clash","Twin Strike"],"picked":"Shockwave","floor":18},{"not_picked":["Warcry+1","Dual Wield"],"picked":"Cleave","floor":20},{"not_picked":["Clothesline","Armaments"],"picked":"Iron Wave+1","floor":22},{"not_picked":["Iron Wave","Dark Embrace"],"picked":"Pommel Strike+1","floor":24},{"not_picked":["Rage","Clash"],"picked":"Cleave+1","floor":27},{"not_picked":["Evolve","Uppercut","True Grit"],"picked":"Singing Bowl","floor":28},{"not_picked":["Shrug It Off","Headbutt"],"picked":"Hemokinesis","floor":31},{"not_picked":["Feed","Dark Embrace"],"picked":"Barricade","floor":33},{"not_picked":["Sword Boomerang","Cleave+1","Rage"],"picked":"Singing Bowl","floor":35},{"not_picked":["Clothesline+1","Warcry+1"],"picked":"Combust","floor":36}],"player_experience":1059444,"relics_obtained":[{"floor":9,"key":"Bottled Tornado"},{"floor":14,"key":"Lantern"},{"floor":24,"key":"Pen Nib"},{"floor":26,"key":"Singing Bowl"},{"floor":31,"key":"Tiny Chest"}],"event_choices":[{"damage_healed":0,"gold_gain":75,"player_choice":"Gather Gold","damage_taken":11,"max_hp_gain":0,"max_hp_loss":0,"event_name":"World of Goop","floor":4,"gold_loss":0},{"damage_healed":0,"gold_gain":0,"player_choice":"Copied","damage_taken":0,"max_hp_gain":0,"max_hp_loss":0,"event_name":"Duplicator","floor":19,"gold_loss":0,"cards_obtained":["Impervious"]},{"damage_healed":0,"gold_gain":0,"player_choice":"Joined the Cult","damage_taken":6,"max_hp_gain":0,"max_hp_loss":0,"event_name":"Nest","floor":29,"gold_loss":0,"cards_obtained":["RitualDagger"]},{"cards_removed":["Strike_R"],"damage_healed":0,"gold_gain":0,"player_choice":"Gave Gold","damage_taken":0,"max_hp_gain":0,"max_hp_loss":0,"event_name":"Beggar","floor":30,"gold_loss":75},{"cards_removed":["Bash"],"damage_healed":0,"gold_gain":0,"player_choice":"Removed Attack","damage_taken":0,"max_hp_gain":0,"max_hp_loss":0,"event_name":"Falling","floor":37,"gold_loss":0}],"is_beta":false,"boss_relics":[{"not_picked":["Runic Cube","Lizard Tail"],"picked":"Philosopher\u0027s Stone"},{"not_picked":["Orrery","Cursed Key"],"picked":"Sozu"}],"items_purged_floors":[5,21],"is_endless":false,"potions_floor_spawned":[1,14,16,22,24,28,35],"killed_by":"Maw","ascension_level":12}