{"gold_per_floor":[116,131,147,147,147,147,181,181,181,195,212,212,243,257,257,257],"floor_reached":16,"playtime":2547,"items_purged":[],"score":179,"play_id":"ffd99b69-4d19-4075-bc7f-89abaa5cd09b","local_time":"20190319215609","is_ascension_mode":true,"campfire_choices":[{"data":"Barricade","floor":6,"key":"SMITH"},{"data":"Spot Weakness","floor":8,"key":"SMITH"},{"floor":12,"key":"REST"},{"floor":15,"key":"REST"}],"neow_cost":"NONE","seed_source_timestamp":720262095831,"circlet_count":0,"master_deck":["AscendersBane","Strike_R","Strike_R","Strike_R","Strike_R","Strike_R","Defend_R","Defend_R","Defend_R","Defend_R","Bash","Barricade+1","Flame Barrier","True Grit","Shrug It Off","Spot Weakness+1","Bludgeon","Corruption","Shrug It Off","Body Slam"],"relics":["Burning Blood","Blue Candle","SsserpentHead","Bag of Marbles","Bag of Preparation","Bottled Lightning"],"potions_floor_usage":[7,7,13],"damage_taken":[{"damage":2,"enemies":"2 Louse","floor":1,"turns":2},{"damage":5,"enemies":"Cultist","floor":2,"turns":5},{"damage":2,"enemies":"Jaw Worm","floor":3,"turns":6},{"damage":36,"enemies":"Gremlin Nob","floor":7,"turns":5},{"damage":7,"enemies":"2 Fungi Beasts","floor":10,"turns":5},{"damage":16,"enemies":"Exordium Thugs","floor":11,"turns":4},{"damage":32,"enemies":"3 Sentries","floor":13,"turns":8},{"damage":8,"enemies":"3 Louse","floor":14,"turns":6},{"damage":59,"enemies":"Hexaghost","floor":16,"turns":9}],"seed_played":"-3664825693386765942","potions_obtained":[{"floor":1,"key":"Poison Potion"},{"floor":3,"key":"BloodPotion"},{"floor":10,"key":"Explosive Potion"}],"is_trial":false,"path_per_floor":["M","M","M","?","?","R","E","R","T","M","M","R","E","M","R","B"],"character_chosen":"IRONCLAD","items_purchased":[],"campfire_rested":2,"item_purchase_floors":[],"current_hp_per_floor":[76,77,80,68,68,68,46,46,46,45,35,59,33,31,55,0],"gold":257,"neow_bonus":"ONE_RANDOM_RARE_CARD","is_prod":false,"is_daily":false,"chose_seed":false,"campfire_upgraded":2,"win_rate":0,"timestamp":1552992969,"path_taken":["M","M","M","?","?","R","E","R","T","M","M","R","E","M","R","BOSS"],"build_version":"2019-01-23","purchased_purges":0,"victory":false,"max_hp_per_floor":[80,80,80,80,80,80,80,80,80,80,80,80,80,80,80,80],"card_choices":[{"not_picked":["Feel No Pain","Hemokinesis"],"picked":"Flame Barrier","floor":1},{"not_picked":["Sentinel","Warcry"],"picked":"True Grit","floor":2},{"not_picked":["Wild Strike","Thunderclap"],"picked":"Shrug It Off","floor":3},{"not_picked":["Iron Wave","Sever Soul"],"picked":"Spot Weakness","floor":7},{"not_picked":["Clothesline","Perfected Strike"],"picked":"Bludgeon","floor":10},{"not_picked":["Disarm","Sever Soul"],"picked":"Corruption","floor":11},{"not_picked":["Brutality","Clash"],"picked":"Shrug It Off","floor":13},{"not_picked":["Whirlwind","Heavy Blade"],"picked":"Body Slam","floor":14}],"player_experience":1016056,"relics_obtained":[{"floor":7,"key":"Bag of Marbles"},{"floor":9,"key":"Bag of Preparation"},{"floor":13,"key":"Bottled Lightning"}],"event_choices":[{"damage_healed":0,"gold_gain":0,"player_choice":"Success","damage_taken":12,"relics_obtained":["Blue Candle"],"max_hp_gain":0,"max_hp_loss":0,"event_name":"Scrap Ooze","floor":4,"gold_loss":0},{"damage_healed":0,"gold_gain":0,"player_choice":"Trade","damage_taken":0,"relics_obtained":["SsserpentHead"],"max_hp_gain":0,"max_hp_loss":0,"event_name":"FaceTrader","floor":5,"gold_loss":0}],"is_beta":false,"boss_relics":[],"items_purged_floors":[],"is_endless":false,"potions_floor_spawned":[1,3,10],"killed_by":"Hexaghost","ascension_level":12}