{"gold_per_floor":[109,41,51,61,61,61,91,91,116,127,162,180,180,180],"floor_reached":14,"playtime":748,"items_purged":[],"score":100,"play_id":"e3e42690-c614-4463-a97c-355b394233da","local_time":"20190527224055","is_ascension_mode":false,"campfire_choices":[{"floor":6.0,"key":"RECALL"}],"neow_cost":"NONE","seed_source_timestamp":194278650793045,"circlet_count":0,"master_deck":["Strike_R","Strike_R","Strike_R","Strike_R","Strike_R","Defend_R","Defend_R","Defend_R","Defend_R","Bash","Metallicize","Dropkick","Thunderclap","Fire Breathing","Dual Wield","Dropkick"],"special_seed":0,"relics":["Burning Blood","NeowsBlessing","Juzu Bracelet","Mango"],"potions_floor_usage":[7,10],"damage_taken":[{"damage":0.0,"enemies":"Cultist","floor":1.0,"turns":1.0},{"damage":0.0,"enemies":"Jaw Worm","floor":3.0,"turns":1.0},{"damage":0.0,"enemies":"Small Slimes","floor":4.0,"turns":1.0},{"damage":25,"enemies":"Gremlin Nob","floor":7,"turns":4},{"damage":26,"enemies":"Gremlin Gang","floor":10,"turns":4},{"damage":52,"enemies":"Lagavulin","floor":11,"turns":9},{"damage":12,"enemies":"2 Fungi Beasts","floor":12,"turns":5},{"damage":22,"enemies":"Exordium Wildlife","floor":14,"turns":4}],"seed_played":"5031083041352984508","potions_obtained":[{"floor":1.0,"key":"PowerPotion"},{"floor":7,"key":"Block Potion"}],"is_trial":false,"path_per_floor":["M","$","M","M","$","R","E","?","T","M","E","M","?","M"],"character_chosen":"IRONCLAD","items_purchased":["Dropkick"],"campfire_rested":0,"item_purchase_floors":[2],"current_hp_per_floor":[80,80,80,80,80,80,61,80,80,60,28,22,22,0],"gold":180,"neow_bonus":"THREE_ENEMY_KILL","is_prod":false,"is_daily":false,"chose_seed":false,"campfire_upgraded":0,"win_rate":0,"timestamp":1558960855,"path_taken":["M","$","M","M","$","R","E","?","T","M","E","M","?","M"],"build_version":"2019-01-23","purchased_purges":0,"victory":false,"max_hp_per_floor":[80,80,80,80,80,80,80,80,80,80,94,94,94,94],"card_choices":[{"not_picked":["Perfected Strike","Whirlwind"],"picked":"Metallicize","floor":1.0},{"not_picked":["Bloodletting","Flex"],"picked":"Thunderclap","floor":3.0},{"not_picked":["Pommel Strike","Warcry"],"picked":"Fire Breathing","floor":4.0},{"not_picked":["Perfected Strike","Feed"],"picked":"Dual Wield","floor":7},{"not_picked":["Heavy Blade","Whirlwind","Pommel Strike"],"picked":"SKIP","floor":10},{"not_picked":["Perfected Strike","Bludgeon","Heavy Blade"],"picked":"SKIP","floor":11},{"not_picked":["Whirlwind","True Grit"],"picked":"Dropkick","floor":12}],"player_experience":2021647,"relics_obtained":[{"floor":7,"key":"Juzu Bracelet"},{"floor":11,"key":"Mango"}],"event_choices":[{"damage_healed":26,"gold_gain":0,"player_choice":"Banana","damage_taken":0,"max_hp_gain":0,"max_hp_loss":0,"event_name":"Big Fish","floor":8,"gold_loss":0},{"damage_healed":0,"gold_gain":0,"player_choice":"Fled","damage_taken":0,"max_hp_gain":0,"max_hp_loss":0,"event_name":"Scrap Ooze","floor":13,"gold_loss":0}],"is_beta":false,"boss_relics":[],"items_purged_floors":[],"is_endless":false,"potions_floor_spawned":[1,7],"killed_by":"Exordium Wildlife","ascension_level":0}