{"gold_per_floor":[109,109,109,123,123,123,164,182,228,228,269,269,295,338,338,437,437,462,462,485,485,500,500,92,92,92,120,61,100,100,125,125,125],"floor_reached":33,"playtime":1118,"items_purged":["Pain","Strike_G"],"score":612,"play_id":"dfb6017e-27f6-4b50-9ea9-7475879afe39","local_time":"20190605211316","is_ascension_mode":true,"campfire_choices":[{"data":"Predator","floor":6,"key":"SMITH"},{"data":"Neutralize","floor":10,"key":"SMITH"},{"floor":12,"key":"REST"},{"floor":15,"key":"REST"},{"data":"Adrenaline","floor":23,"key":"SMITH"},{"floor":25,"key":"REST"},{"data":"Sucker Punch","floor":30,"key":"SMITH"},{"floor":32,"key":"REST"}],"neow_cost":"NONE","seed_source_timestamp":34249967227856,"circlet_count":0,"master_deck":["AscendersBane","Defend_G","Defend_G+1","Defend_G","Defend_G","Defend_G","Strike_G","Strike_G+1","Strike_G+1","Strike_G","Survivor","Neutralize+1","Sucker Punch+1","Predator+1","PiercingWail+1","Dagger Spray","Cloak And Dagger","Dodge and Roll","Adrenaline+1","Quick Slash","Necronomicurse","Terror+1","Wraith Form v2","Backflip","Blur","Acrobatics"],"relics":["Ring of the Snake","NeowsBlessing","Golden Idol","Bronze Scales","Lantern","Blood Vial","War Paint","Ancient Tea Set","Sozu","Necronomicon","WarpedTongs","Membership Card","Happy Flower","MawBank","Juzu Bracelet"],"potions_floor_usage":[16,16],"damage_taken":[{"damage":0,"enemies":"Small Slimes","floor":1,"turns":1},{"damage":0,"enemies":"2 Louse","floor":4,"turns":1},{"damage":0,"enemies":"Gremlin Nob","floor":7,"turns":1},{"damage":0,"enemies":"Cultist","floor":8,"turns":3},{"damage":31,"enemies":"Lagavulin","floor":11,"turns":9},{"damage":19,"enemies":"Gremlin Nob","floor":14,"turns":4},{"damage":15,"enemies":"The Guardian","floor":16,"turns":15},{"damage":5,"enemies":"Chosen","floor":18,"turns":6},{"damage":0,"enemies":"3 Byrds","floor":20,"turns":4},{"damage":14,"enemies":"Snake Plant","floor":22,"turns":3},{"damage":14,"enemies":"Centurion and Healer","floor":27,"turns":6},{"damage":0,"enemies":"Book of Stabbing","floor":29,"turns":4},{"damage":11,"enemies":"Cultist and Chosen","floor":31,"turns":7},{"damage":35,"enemies":"Champ","floor":33,"turns":10}],"seed_played":"-7317123163339389993","potions_obtained":[{"floor":4,"key":"Swift Potion"},{"floor":7,"key":"Explosive Potion"}],"is_trial":false,"path_per_floor":["M","?","?","M","?","R","E","M","T","R","E","R","T","E","R","B",null,"M","?","M","?","M","R","$","R","T","M","$","E","R","M","R","B"],"character_chosen":"THE_SILENT","items_purchased":["Membership Card","Happy Flower","Wraith Form v2","Blur"],"campfire_rested":4,"item_purchase_floors":[24,24,24,28],"current_hp_per_floor":[59,39,39,39,39,39,39,39,39,39,8,26,26,9,27,14,49,46,25,27,27,15,15,15,33,33,21,21,23,23,14,32,0],"gold":125,"neow_bonus":"THREE_ENEMY_KILL","is_prod":false,"is_daily":false,"chose_seed":false,"campfire_upgraded":4,"win_rate":0,"timestamp":1559790796,"path_taken":["M","?","?","M","?","R","E","M","T","R","E","R","?","E","R","BOSS","M","?","M","?","?","R","$","R","T","M","?","E","R","M","R","BOSS"],"build_version":"2019-01-23","purchased_purges":2,"victory":false,"max_hp_per_floor":[66,66,66,66,60,60,60,60,60,60,60,60,60,60,60,60,60,60,60,60,60,60,60,60,60,60,60,60,60,60,60,60,60],"card_choices":[{"not_picked":["Deflect","Blade Dance"],"picked":"Sucker Punch","floor":1},{"not_picked":["Terror","Prepared"],"picked":"Predator","floor":4},{"not_picked":["Expertise","Backstab"],"picked":"PiercingWail","floor":7},{"not_picked":["Dagger Throw","Sucker Punch"],"picked":"Dagger Spray","floor":8},{"not_picked":["Poisoned Stab","Flying Knee"],"picked":"Cloak And Dagger","floor":11},{"not_picked":["Masterful Stab","Catalyst"],"picked":"Dodge and Roll","floor":14},{"not_picked":["Glass Knife","Storm of Steel"],"picked":"Adrenaline","floor":16},{"not_picked":["Finisher","Catalyst"],"picked":"Quick Slash","floor":18},{"not_picked":["Deflect","Distraction"],"picked":"Terror+1","floor":20},{"not_picked":["Masterful Stab","Accuracy","Slice"],"picked":"SKIP","floor":22},{"not_picked":["Concentrate","PiercingWail"],"picked":"Backflip","floor":27},{"not_picked":["Distraction","Finisher+1","Corpse Explosion"],"picked":"SKIP","floor":29},{"not_picked":["Distraction","Finisher+1","Corpse Explosion"],"picked":"SKIP","floor":29},{"not_picked":["Dodge and Roll+1","Underhanded Strike"],"picked":"Acrobatics","floor":31}],"player_experience":941508,"relics_obtained":[{"floor":7,"key":"Bronze Scales"},{"floor":9,"key":"Lantern"},{"floor":11,"key":"Blood Vial"},{"floor":13,"key":"War Paint"},{"floor":14,"key":"Ancient Tea Set"},{"floor":19,"key":"Necronomicon"},{"floor":26,"key":"MawBank"},{"floor":29,"key":"Juzu Bracelet"}],"event_choices":[{"damage_healed":0,"gold_gain":0,"player_choice":"Entered Light","damage_taken":20,"max_hp_gain":0,"max_hp_loss":0,"event_name":"Shining Light","floor":2,"gold_loss":0,"cards_upgraded":["Strike_G","Strike_G"]},{"damage_healed":0,"gold_gain":0,"player_choice":"Ignored","damage_taken":0,"max_hp_gain":0,"max_hp_loss":0,"event_name":"Liars Game","floor":3,"gold_loss":0},{"damage_healed":0,"gold_gain":0,"player_choice":"Lose Max HP","damage_taken":0,"relics_obtained":["Golden Idol"],"max_hp_gain":0,"max_hp_loss":6,"event_name":"Golden Idol","floor":5,"gold_loss":0},{"damage_healed":0,"gold_gain":0,"player_choice":"Obtained Book","damage_taken":21,"max_hp_gain":0,"max_hp_loss":0,"event_name":"Cursed Tome","floor":19,"gold_loss":0},{"damage_healed":0,"gold_gain":0,"player_choice":"Rummage","damage_taken":0,"relics_obtained":["WarpedTongs"],"max_hp_gain":0,"max_hp_loss":0,"event_name":"Accursed Blacksmith","floor":21,"gold_loss":0,"cards_obtained":["Pain"]}],"is_beta":false,"boss_relics":[{"not_picked":["Runic Pyramid","White Beast Statue"],"picked":"Sozu"}],"items_purged_floors":[24,28],"is_endless":false,"potions_floor_spawned":[4,7,11,14,22,31],"killed_by":"Champ","ascension_level":17}