{"gold_per_floor":[117,133,145,65,84,113,136,148,160,189,228,240,217,248,260,371,383,409,440,466,115,130,130,130,130,157,182,182],"floor_reached":28,"playtime":5871,"items_purged":[],"score":252,"play_id":"5be50a2b-28e1-4a96-90d8-08711a781e91","local_time":"20181230234605","is_ascension_mode":false,"campfire_choices":[{"floor":8.0,"key":"REST"},{"floor":15.0,"key":"REST"},{"floor":23,"key":"REST"},{"floor":25,"key":"REST"}],"neow_cost":"NONE","seed_source_timestamp":0,"circlet_count":0,"master_deck":["Defend_G","Defend_G","Defend_G","Defend_G","Defend_G","Strike_G","Strike_G","Strike_G","Strike_G","Strike_G","Survivor","Neutralize","Trip","Flying Knee","Acrobatics","Noxious Fumes","Dagger Spray","Acrobatics","Deadly Poison","Footwork","Infinite Blades","Bane","Bouncing Flask","Poisoned Stab","Night Terror","Riddle With Holes","Crippling Poison","Dodge and Roll+1","Blur","Expertise+1","RitualDagger","Well Laid Plans"],"special_seed":0,"relics":["Ring of the Snake","MawBank","Gremlin Horn","FossilizedHelix","Black Star","Oddly Smooth Stone","Pen Nib","Pantograph","Dodecahedron"],"potions_floor_usage":[20,20,20,22,22,22,27],"damage_taken":[{"damage":3.0,"enemies":"Cultist","floor":1.0,"turns":5.0},{"damage":2.0,"enemies":"Small Slimes","floor":2.0,"turns":3.0},{"damage":1.0,"enemies":"Jaw Worm","floor":3.0,"turns":4.0},{"damage":7.0,"enemies":"2 Fungi Beasts","floor":5.0,"turns":4.0},{"damage":32.0,"enemies":"3 Sentries","floor":6.0,"turns":7.0},{"damage":14.0,"enemies":"Lots of Slimes","floor":7.0,"turns":4.0},{"damage":10.0,"enemies":"Blue Slaver","floor":10.0,"turns":3.0},{"damage":20.0,"enemies":"Lagavulin","floor":11.0,"turns":7.0},{"damage":3.0,"enemies":"Looter","floor":14.0,"turns":3.0},{"damage":20.0,"enemies":"Slime Boss","floor":16.0,"turns":10.0},{"damage":5,"enemies":"Shell Parasite","floor":18,"turns":5},{"damage":29,"enemies":"Chosen","floor":19,"turns":6},{"damage":35,"enemies":"3 Cultists","floor":20,"turns":5},{"damage":0,"enemies":"Centurion and Healer","floor":22,"turns":5},{"damage":34,"enemies":"Slavers","floor":27,"turns":8},{"damage":4,"enemies":"Cultist and Chosen","floor":28,"turns":4}],"seed_played":"1842691255118084191","potions_obtained":[{"floor":1.0,"key":"Swift Potion"},{"floor":5.0,"key":"EntropicBrew"},{"floor":11.0,"key":"Ancient Potion"},{"floor":16.0,"key":"SpeedPotion"},{"floor":19,"key":"Poison Potion"},{"floor":20,"key":"PowerPotion"},{"floor":22,"key":"Fire Potion"}],"is_trial":false,"path_per_floor":["M","M","M","$","M","E","M","R","T","M","E","?","?","M","R","B",null,"M","M","M","$","M","R","?","R","T","E","M"],"character_chosen":"THE_SILENT","items_purchased":["Dagger Spray","Acrobatics","Blur","Oddly Smooth Stone","Explosive Potion","GhostInAJar"],"campfire_rested":4,"item_purchase_floors":[4,4,21,21,21,21],"current_hp_per_floor":[67,65,64,64,57,25,11,32,32,22,2,2,19,16,37,17,70,65,36,1,1,1,22,16,37,37,3,0],"gold":182,"neow_bonus":"RANDOM_COLORLESS","is_prod":false,"is_daily":false,"chose_seed":false,"campfire_upgraded":0,"win_rate":0.0,"timestamp":1546173965,"path_taken":["M","M","M","$","M","E","?","R","T","M","E","?","?","M","R","BOSS","M","M","M","$","M","R","?","R","T","E","M"],"build_version":"2018-12-20","purchased_purges":0,"victory":false,"max_hp_per_floor":[70,70,70,70,70,70,70,70,70,70,70,70,70,70,70,70,70,70,70,70,70,70,70,70,70,70,70,70],"card_choices":[{"not_picked":["Leg Sweep","Deadly Poison"],"picked":"Flying Knee","floor":1.0},{"not_picked":["Underhanded Strike","Dodge and Roll"],"picked":"Acrobatics","floor":2.0},{"not_picked":["Quick Slash","Unload"],"picked":"Noxious Fumes","floor":3.0},{"not_picked":["Slice","Flechettes"],"picked":"Deadly Poison","floor":5.0},{"not_picked":["Backstab","Prepared"],"picked":"Footwork","floor":6.0},{"not_picked":["Bullet Time","Finisher"],"picked":"Infinite Blades","floor":7.0},{"not_picked":["Acrobatics","Deadly Poison"],"picked":"Bane","floor":10.0},{"not_picked":["Outmaneuver","Prepared"],"picked":"Bouncing Flask","floor":11.0},{"not_picked":["Underhanded Strike","Envenom"],"picked":"Poisoned Stab","floor":14.0},{"not_picked":["Venomology","Corpse Explosion"],"picked":"Night Terror","floor":16.0},{"not_picked":["Calculated Gamble","Blade Dance"],"picked":"Riddle With Holes","floor":18},{"not_picked":["Prepared","Deflect"],"picked":"Crippling Poison","floor":19},{"not_picked":["Acrobatics+1","Underhanded Strike"],"picked":"Dodge and Roll+1","floor":20},{"not_picked":["Well Laid Plans+1","Masterful Stab"],"picked":"Expertise+1","floor":22},{"not_picked":["PiercingWail","Unload"],"picked":"Well Laid Plans","floor":27}],"player_experience":20275,"relics_obtained":[{"floor":6.0,"key":"MawBank"},{"floor":9.0,"key":"Gremlin Horn"},{"floor":11.0,"key":"FossilizedHelix"},{"floor":26,"key":"Pen Nib"},{"floor":27,"key":"Pantograph"},{"floor":27,"key":"Dodecahedron"}],"event_choices":[{"damage_healed":0.0,"max_hp_gain":0.0,"max_hp_loss":0.0,"gold_gain":0.0,"event_name":"Scrap Ooze","player_choice":"Fled","floor":12.0,"gold_loss":0.0,"damage_taken":0.0},{"damage_healed":17.0,"max_hp_gain":0.0,"max_hp_loss":0.0,"gold_gain":0.0,"event_name":"The Cleric","player_choice":"Healed","floor":13.0,"gold_loss":35.0,"damage_taken":0.0},{"damage_healed":0,"gold_gain":0,"player_choice":"Joined the Cult","damage_taken":6,"max_hp_gain":0,"max_hp_loss":0,"event_name":"Nest","floor":24,"gold_loss":0,"cards_obtained":["RitualDagger"]}],"is_beta":false,"boss_relics":[{"not_picked":["Fusion Hammer","Calling Bell"],"picked":"Black Star"}],"items_purged_floors":[],"is_endless":false,"potions_floor_spawned":[1,5,11,16,19,20,22],"killed_by":"Cultist and Chosen","ascension_level":0}