{"gold_per_floor":[364,27,27,41,52,79,79,96,119,149,169,169,197,213,213,310,310,326,5,5,18,93,93,122,122,149,168,168,180,206,221,221,319,319,336,336,390,390,402,402,415,450,474,505,520,548,565,280,280,280,280,280,0,28,28],"floor_reached":55,"playtime":2709,"items_purged":["Strike_R","Decay","Strike_R"],"score":1007,"play_id":"4c02318a-e934-48c5-b891-f1dc10cdf922","local_time":"20190612172933","is_ascension_mode":true,"campfire_choices":[{"data":"Bash","floor":7,"key":"SMITH"},{"data":"Inflame","floor":12,"key":"SMITH"},{"data":"True Grit","floor":15,"key":"SMITH"},{"data":"Seeing Red","floor":23,"key":"SMITH"},{"data":"True Grit","floor":25,"key":"SMITH"},{"floor":28,"key":"REST"},{"data":"Reaper","floor":32,"key":"SMITH"},{"data":"Dual Wield","floor":40,"key":"SMITH"},{"floor":49,"key":"RECALL"},{"data":"Disarm","floor":52,"key":"SMITH"}],"neow_cost":"TEN_PERCENT_HP_LOSS","seed_source_timestamp":18775606417827,"circlet_count":0,"master_deck":["Strike_R","Strike_R","Strike_R","Defend_R","Defend_R","Defend_R","Defend_R","Bash+1","Anger","Twin Strike","Twin Strike","Inflame+1","Seeing Red+1","True Grit+1","Headbutt","Berserk+1","Inflame+1","Feed","True Grit+1","Feel No Pain+1","Shame","Pommel Strike","True Grit+1","Dual Wield+1","Carnage+1","Reaper+1","Reaper","Dramatic Entrance","Dramatic Entrance","Shockwave+1","Feel No Pain+1","Corruption+1","Shrug It Off+1","Disarm+1","Feel No Pain+1","Metallicize+1","Heavy Blade","Apotheosis","Sentinel","Feel No Pain+1"],"relics":["Burning Blood","Matryoshka","PreservedInsect","Mercury Hourglass","Ice Cream","Frozen Egg 2","Potion Belt","Omamori","Dodecahedron","Calling Bell","Du-Vu Doll","Pear","Blood Vial","Anchor","Bag of Preparation","Kunai","Art of War","Singing Bowl","Eternal Feather","Gambling Chip","Smiling Mask","Ornamental Fan","Centennial Puzzle","Lantern","Pantograph"],"potions_floor_usage":[16,21,21,30,33,33,33,44,44,50,55,55,55],"damage_taken":[{"damage":6,"enemies":"Cultist","floor":1,"turns":3},{"damage":1,"enemies":"Jaw Worm","floor":4,"turns":3},{"damage":0,"enemies":"Small Slimes","floor":5,"turns":2},{"damage":4,"enemies":"3 Sentries","floor":6,"turns":4},{"damage":8,"enemies":"Red Slaver","floor":8,"turns":3},{"damage":19,"enemies":"Lagavulin","floor":10,"turns":4},{"damage":1,"enemies":"Gremlin Gang","floor":11,"turns":4},{"damage":0,"enemies":"Gremlin Nob","floor":13,"turns":2},{"damage":1,"enemies":"3 Louse","floor":14,"turns":2},{"damage":29,"enemies":"Hexaghost","floor":16,"turns":7},{"damage":28,"enemies":"Shell Parasite","floor":18,"turns":3},{"damage":13,"enemies":"3 Byrds","floor":21,"turns":4},{"damage":31,"enemies":"Book of Stabbing","floor":24,"turns":5},{"damage":9,"enemies":"Centurion and Healer","floor":27,"turns":6},{"damage":16,"enemies":"Snecko","floor":29,"turns":4},{"damage":10,"enemies":"Slavers","floor":30,"turns":5},{"damage":10,"enemies":"Chosen and Byrds","floor":31,"turns":6},{"damage":80,"enemies":"Collector","floor":33,"turns":10},{"damage":4,"enemies":"Orb Walker","floor":35,"turns":3},{"damage":114,"enemies":"2 Orb Walkers","floor":37,"turns":6},{"damage":3,"enemies":"3 Shapes","floor":39,"turns":4},{"damage":11,"enemies":"Jaw Worm Horde","floor":41,"turns":5},{"damage":18,"enemies":"Reptomancer","floor":42,"turns":6},{"damage":18,"enemies":"Nemesis","floor":44,"turns":9},{"damage":10,"enemies":"Sphere and 2 Shapes","floor":45,"turns":5},{"damage":25,"enemies":"Reptomancer","floor":46,"turns":5},{"damage":2,"enemies":"Transient","floor":47,"turns":5},{"damage":42,"enemies":"Time Eater","floor":50,"turns":15},{"damage":28,"enemies":"Shield and Spear","floor":54,"turns":6},{"damage":161,"enemies":"The Heart","floor":55,"turns":12}],"seed_played":"-7518830302810033727","potions_obtained":[{"floor":1,"key":"Dexterity Potion"},{"floor":8,"key":"Fire Potion"},{"floor":11,"key":"Swift Potion"},{"floor":13,"key":"FearPotion"},{"floor":14,"key":"FairyPotion"},{"floor":24,"key":"Poison Potion"},{"floor":27,"key":"SkillPotion"},{"floor":30,"key":"Regen Potion"},{"floor":31,"key":"Explosive Potion"},{"floor":33,"key":"FearPotion"},{"floor":39,"key":"SneckoOil"},{"floor":42,"key":"AttackPotion"},{"floor":44,"key":"Dexterity Potion"},{"floor":46,"key":"Fire Potion"}],"is_trial":false,"path_per_floor":["M","$","T","M","M","E","R","M","T","E","M","R","E","M","R","B",null,"M","$","?","M","?","R","E","R","T","M","R","M","E","M","R","B",null,"M","?","?","?","M","R","M","E","T","E","M","E","M","$","R","B",null,"R","$","E","B"],"character_chosen":"IRONCLAD","items_purchased":["Matryoshka","Twin Strike","Feel No Pain+1","Anchor","Lantern","Metallicize+1","Heavy Blade","Apotheosis","Sentinel"],"campfire_rested":1,"item_purchase_floors":[2,2,19,19,48,48,53,53,53],"current_hp_per_floor":[72,72,72,72,72,72,72,70,70,57,62,62,68,72,72,49,82,63,63,63,61,53,53,30,30,30,32,59,51,54,52,52,25,96,101,93,19,19,26,44,86,97,97,101,99,100,121,121,121,98,121,121,121,125,0],"gold":28,"neow_bonus":"TWO_FIFTY_GOLD","is_prod":false,"is_daily":false,"chose_seed":false,"campfire_upgraded":8,"win_rate":0,"timestamp":1560353373,"path_taken":["M","$","?","M","M","E","R","M","T","E","?","R","E","M","R","BOSS","M","$","?","M","?","R","E","R","T","M","R","?","E","?","R","BOSS","M","?","?","?","?","R","M","E","T","E","M","E","M","$","R","BOSS","R","$","E","BOSS"],"build_version":"2019-01-23","purchased_purges":3,"victory":false,"max_hp_per_floor":[72,72,72,72,72,72,72,72,72,72,72,72,72,72,72,72,82,85,85,85,88,88,88,88,88,88,91,91,91,96,96,96,96,96,101,103,106,106,108,108,113,116,116,116,116,119,121,121,121,121,121,121,121,125,125],"card_choices":[{"not_picked":["Dropkick","Body Slam"],"picked":"Anger","floor":1},{"not_picked":["Sentinel","Perfected Strike"],"picked":"Twin Strike","floor":4},{"not_picked":["Anger","Clash"],"picked":"Inflame","floor":5},{"not_picked":["Burning Pact","Cleave"],"picked":"Seeing Red","floor":6},{"not_picked":["Power Through","Blood for Blood"],"picked":"True Grit","floor":8},{"not_picked":["Intimidate","Combust+1"],"picked":"Headbutt","floor":10},{"not_picked":["Twin Strike","Uppercut"],"picked":"Berserk+1","floor":11},{"not_picked":["Dual Wield","Body Slam","Anger"],"picked":"SKIP","floor":13},{"not_picked":["Pummel","Entrench"],"picked":"Inflame+1","floor":14},{"not_picked":["Double Tap","Dark Embrace+1"],"picked":"Feed","floor":16},{"not_picked":["Sword Boomerang","Iron Wave+1"],"picked":"True Grit","floor":18},{"not_picked":["True Grit","Infernal Blade"],"picked":"Pommel Strike","floor":21},{"not_picked":["Wild Strike","Thunderclap"],"picked":"True Grit+1","floor":24},{"not_picked":["Sword Boomerang+1","Intimidate"],"picked":"Dual Wield","floor":27},{"not_picked":["Ghostly Armor","Twin Strike"],"picked":"Carnage+1","floor":29},{"not_picked":["Flex","Pummel","Sentinel"],"picked":"Singing Bowl","floor":30},{"not_picked":["Bloodletting","Battle Trance"],"picked":"Reaper","floor":31},{"not_picked":["Bludgeon","Dark Embrace+1"],"picked":"Reaper","floor":33},{"not_picked":["Clash+1","Thunderclap","Havoc"],"picked":"Singing Bowl","floor":35},{"not_picked":["Forethought","Swift Strike"],"picked":"Dramatic Entrance","floor":36},{"not_picked":["Thinking Ahead","Good Instincts","Deep Breath"],"picked":"Singing Bowl","floor":36},{"not_picked":["PanicButton","Mind Blast"],"picked":"Dramatic Entrance","floor":36},{"not_picked":["Corruption+1","Perfected Strike"],"picked":"Shockwave+1","floor":37},{"not_picked":["Pommel Strike","Intimidate+1","Perfected Strike+1"],"picked":"Singing Bowl","floor":39},{"not_picked":["Cleave+1","Warcry","Twin Strike+1"],"picked":"Singing Bowl","floor":41},{"not_picked":["Headbutt","Twin Strike"],"picked":"Corruption+1","floor":42},{"not_picked":["Iron Wave+1","Brutality+1"],"picked":"Shrug It Off+1","floor":44},{"not_picked":["Dropkick","Warcry"],"picked":"Disarm","floor":45},{"not_picked":["Havoc","Clothesline"],"picked":"Feel No Pain+1","floor":46},{"not_picked":["Cleave","Uppercut+1","Dual Wield"],"picked":"Singing Bowl","floor":47},{"not_picked":["Shrug It Off+1","Warcry"],"picked":"Feel No Pain+1","floor":54}],"player_experience":752792,"relics_obtained":[{"floor":3,"key":"PreservedInsect"},{"floor":3,"key":"Mercury Hourglass"},{"floor":6,"key":"Ice Cream"},{"floor":9,"key":"Frozen Egg 2"},{"floor":9,"key":"Potion Belt"},{"floor":10,"key":"Omamori"},{"floor":13,"key":"Dodecahedron"},{"floor":17,"key":"Du-Vu Doll"},{"floor":17,"key":"Pear"},{"floor":17,"key":"Blood Vial"},{"floor":24,"key":"Kunai"},{"floor":26,"key":"Art of War"},{"floor":30,"key":"Singing Bowl"},{"floor":37,"key":"Gambling Chip"},{"floor":42,"key":"Smiling Mask"},{"floor":44,"key":"Ornamental Fan"},{"floor":46,"key":"Centennial Puzzle"},{"floor":54,"key":"Pantograph"}],"event_choices":[{"damage_healed":0,"gold_gain":0,"player_choice":"Stole Relic","damage_taken":0,"relics_obtained":["Bag of Preparation"],"max_hp_gain":0,"max_hp_loss":0,"event_name":"Addict","floor":20,"gold_loss":0,"cards_obtained":["Shame"]},{"damage_healed":0,"gold_gain":75,"player_choice":"Touch","damage_taken":8,"max_hp_gain":0,"max_hp_loss":0,"event_name":"FaceTrader","floor":22,"gold_loss":0},{"damage_healed":0,"gold_gain":0,"player_choice":"Memory 3","damage_taken":10,"max_hp_gain":0,"max_hp_loss":0,"event_name":"SensoryStone","floor":36,"gold_loss":0},{"damage_healed":0,"gold_gain":0,"player_choice":"Fight","damage_taken":0,"max_hp_gain":0,"max_hp_loss":0,"event_name":"Mysterious Sphere","floor":37,"gold_loss":0},{"damage_healed":0,"gold_gain":0,"player_choice":"Copied","damage_taken":0,"max_hp_gain":0,"max_hp_loss":0,"event_name":"Duplicator","floor":38,"gold_loss":0,"cards_obtained":["Feel No Pain"]}],"is_beta":false,"boss_relics":[{"not_picked":["Tiny House","Runic Pyramid"],"picked":"Calling Bell"},{"not_picked":["Sozu","Lizard Tail"],"picked":"Eternal Feather"}],"items_purged_floors":[2,19,48],"is_endless":false,"potions_floor_spawned":[1,8,11,13,14,24,27,30,31,33,39,42,44,46],"killed_by":"The Heart","ascension_level":1}