{"gold_per_floor":[217,217,228,31,31,31,63,63,63,89,89,120,120,135,135,238,238,248,263,29,45,45,78,78,105,105,123,141,141,174,174,174,274,274,291,42,56,70,18,47,47,67,67,85,120,0,31,31,31,31],"floor_reached":51,"playtime":2818,"items_purged":["Strike_R","Strike_R"],"score":1131,"play_id":"bfa155cc-6dcf-47fa-be0d-5ca4a56fcfe1","local_time":"20190613143947","is_ascension_mode":true,"campfire_choices":[{"data":"Armaments","floor":6.0,"key":"SMITH"},{"data":"Spot Weakness","floor":11.0,"key":"SMITH"},{"data":"Intimidate","floor":13.0,"key":"SMITH"},{"data":"Intimidate","floor":15.0,"key":"SMITH"},{"floor":29.0,"key":"REST"},{"data":"Battle Trance","floor":32.0,"key":"SMITH"},{"data":"Feel No Pain","floor":41.0,"key":"SMITH"},{"floor":49,"key":"REST"}],"neow_cost":"NONE","seed_source_timestamp":0,"circlet_count":0,"master_deck":["Strike_R","Strike_R","Strike_R","Defend_R+1","Defend_R","Defend_R","Defend_R+1","Bash+1","Anger","Armaments+1","Headbutt","True Grit","Spot Weakness+1","Intimidate+1","Intimidate+1","Limit Break","Uppercut","Corruption+1","Shrug It Off","Panacea","Shockwave+1","Battle Trance+1","Flex+1","Sword Boomerang","Armaments","Reaper","True Grit+1","Feel No Pain+1","Feel No Pain+1","Exhume","Immolate"],"special_seed":0,"relics":["Black Blood","War Paint","StoneCalendar","Ancient Tea Set","Bronze Scales","Bag of Preparation","Paper Frog","Lantern","Bird Faced Urn","Peace Pipe","Pocketwatch","Mark of Pain","Anchor","Bottled Flame","Darkstone Periapt","Shuriken","Red Mask","Mercury Hourglass"],"potions_floor_usage":[50,50,50],"damage_taken":[{"damage":3.0,"enemies":"2 Louse","floor":1.0,"turns":3.0},{"damage":12.0,"enemies":"Jaw Worm","floor":3.0,"turns":4.0},{"damage":24.0,"enemies":"Lagavulin","floor":7.0,"turns":9.0},{"damage":5.0,"enemies":"Gremlin Nob","floor":10.0,"turns":3.0},{"damage":12.0,"enemies":"Lagavulin","floor":12.0,"turns":5.0},{"damage":0.0,"enemies":"Cultist","floor":14.0,"turns":3.0},{"damage":21.0,"enemies":"The Guardian","floor":16.0,"turns":7.0},{"damage":22.0,"enemies":"Spheric Guardian","floor":18.0,"turns":4.0},{"damage":21.0,"enemies":"Chosen","floor":19.0,"turns":5.0},{"damage":16.0,"enemies":"Sentry and Sphere","floor":21.0,"turns":7.0},{"damage":33.0,"enemies":"Slavers","floor":23.0,"turns":5.0},{"damage":0.0,"enemies":"Centurion and Healer","floor":24.0,"turns":2.0},{"damage":19.0,"enemies":"Book of Stabbing","floor":25.0,"turns":5.0},{"damage":4.0,"enemies":"3 Cultists","floor":27.0,"turns":5.0},{"damage":14.0,"enemies":"Shelled Parasite and Fungi","floor":28.0,"turns":5.0},{"damage":12.0,"enemies":"Gremlin Leader","floor":30.0,"turns":3.0},{"damage":50.0,"enemies":"Automaton","floor":33.0,"turns":7.0},{"damage":21.0,"enemies":"3 Darklings","floor":35.0,"turns":6.0},{"damage":7.0,"enemies":"Orb Walker","floor":37.0,"turns":4.0},{"damage":40.0,"enemies":"3 Darklings","floor":38.0,"turns":5.0},{"damage":36.0,"enemies":"Reptomancer","floor":40.0,"turns":6.0},{"damage":0,"enemies":"Transient","floor":42,"turns":5},{"damage":55,"enemies":"4 Shapes","floor":44,"turns":7},{"damage":14,"enemies":"Giant Head","floor":45,"turns":7},{"damage":26,"enemies":"Nemesis","floor":47,"turns":7},{"damage":54,"enemies":"Time Eater","floor":50,"turns":9}],"seed_played":"-7719590643831677227","potions_obtained":[{"floor":7.0,"key":"Ancient Potion"},{"floor":12.0,"key":"Energy Potion"},{"floor":14.0,"key":"Weak Potion"},{"floor":21.0,"key":"Explosive Potion"},{"floor":23.0,"key":"SmokeBomb"},{"floor":28.0,"key":"Dexterity Potion"},{"floor":33.0,"key":"Poison Potion"},{"floor":47,"key":"Swift Potion"}],"is_trial":false,"path_per_floor":["M","?","M","$","?","R","E","?","T","E","R","E","R","M","R","B",null,"M","M","$","M","$","E","M","E","T","M","M","R","E","T","R","B",null,"M","$","M","M","$","E","R","M","T","M","E","?","E","?","R","B",null],"character_chosen":"IRONCLAD","items_purchased":["Explosive Potion","Headbutt","True Grit","Shrug It Off","Panacea","Anchor","Dexterity Potion","Strength Potion","Weak Potion"],"campfire_rested":2,"item_purchase_floors":[4,4,4,20,20,36,36,36,39],"current_hp_per_floor":[75,57,51,51,77,77,59,59,59,60,60,54,54,60,60,45,71,59,48,48,42,42,19,29,20,20,28,26,50,50,50,50,12,63,71,71,74,80,80,73,73,80,80,38,67,67,57,57,80,66],"gold":31,"neow_bonus":"HUNDRED_GOLD","is_prod":false,"is_daily":false,"chose_seed":false,"campfire_upgraded":6,"win_rate":0,"timestamp":1560454787,"path_taken":["M","?","M","$","?","R","E","?","T","E","R","E","R","?","R","BOSS","M","M","$","M","$","E","M","E","T","?","M","R","E","?","R","BOSS","M","$","M","M","$","E","R","M","T","M","E","?","E","?","R","BOSS"],"build_version":"2019-01-23","purchased_purges":2,"victory":true,"max_hp_per_floor":[80,80,80,80,80,80,80,80,80,80,80,80,80,80,80,80,80,80,80,80,80,80,80,80,80,80,80,80,80,80,80,80,80,80,80,80,80,80,80,80,80,80,80,80,80,80,80,80,80,80],"card_choices":[{"not_picked":["Iron Wave","Thunderclap"],"picked":"Anger","floor":1.0},{"not_picked":["True Grit","Clash"],"picked":"Armaments","floor":3.0},{"not_picked":["Rampage","Iron Wave"],"picked":"Pummel","floor":7.0},{"not_picked":["Twin Strike","Cleave"],"picked":"Spot Weakness","floor":10.0},{"not_picked":["Heavy Blade","Anger"],"picked":"Intimidate","floor":12.0},{"not_picked":["Seeing Red","Twin Strike"],"picked":"Intimidate","floor":14.0},{"not_picked":["Feed","Brutality"],"picked":"Limit Break","floor":16.0},{"not_picked":["Searing Blow","Perfected Strike+1"],"picked":"Uppercut","floor":18.0},{"not_picked":["Thunderclap","Pommel Strike"],"picked":"Corruption+1","floor":19.0},{"not_picked":["Power Through","Shrug It Off+1"],"picked":"Shockwave+1","floor":21.0},{"not_picked":["True Grit+1","Rupture"],"picked":"Battle Trance","floor":23.0},{"not_picked":["Armaments","Havoc+1"],"picked":"Flex+1","floor":25.0},{"not_picked":["Flex","Armaments"],"picked":"Sword Boomerang","floor":27.0},{"not_picked":["Perfected Strike","Havoc"],"picked":"Armaments","floor":28.0},{"not_picked":["Second Wind","Blood for Blood","Clash"],"picked":"SKIP","floor":30.0},{"not_picked":["Immolate","Barricade"],"picked":"Reaper","floor":33.0},{"not_picked":["Headbutt+1","Perfected Strike"],"picked":"True Grit+1","floor":35.0},{"not_picked":["Havoc","Clothesline"],"picked":"Feel No Pain","floor":37.0},{"not_picked":["Reckless Charge+1","Sentinel+1"],"picked":"Feel No Pain+1","floor":38.0},{"not_picked":["Iron Wave","Sentinel"],"picked":"Exhume","floor":40.0},{"not_picked":["Second Wind","Cleave","Anger+1"],"picked":"SKIP","floor":42},{"not_picked":["Perfected Strike","Anger"],"picked":"Immolate","floor":44},{"not_picked":["Fire Breathing+1","Cleave+1","Uppercut"],"picked":"SKIP","floor":45},{"not_picked":["Headbutt+1","Heavy Blade+1","Fire Breathing"],"picked":"SKIP","floor":47}],"player_experience":75351,"relics_obtained":[{"floor":7.0,"key":"StoneCalendar"},{"floor":9.0,"key":"Ancient Tea Set"},{"floor":10.0,"key":"Bronze Scales"},{"floor":12.0,"key":"Bag of Preparation"},{"floor":23.0,"key":"Paper Frog"},{"floor":25.0,"key":"Lantern"},{"floor":26.0,"key":"Bird Faced Urn"},{"floor":30.0,"key":"Peace Pipe"},{"floor":31.0,"key":"Pocketwatch"},{"floor":40.0,"key":"Bottled Flame"},{"floor":43,"key":"Darkstone Periapt"},{"floor":45,"key":"Shuriken"},{"floor":47,"key":"Mercury Hourglass"}],"event_choices":[{"damage_healed":0.0,"max_hp_gain":0.0,"max_hp_loss":0.0,"gold_gain":0.0,"event_name":"Scrap Ooze","player_choice":"Success","floor":2.0,"gold_loss":0.0,"damage_taken":18.0,"relics_obtained":["War Paint"]},{"damage_healed":26.0,"max_hp_gain":0.0,"max_hp_loss":0.0,"gold_gain":0.0,"event_name":"Big Fish","player_choice":"Banana","floor":5.0,"gold_loss":0.0,"damage_taken":0.0},{"damage_healed":0.0,"max_hp_gain":0.0,"max_hp_loss":0.0,"gold_gain":0.0,"event_name":"Upgrade Shrine","player_choice":"Upgraded","floor":8.0,"gold_loss":0.0,"damage_taken":0.0,"cards_upgraded":["Bash"]},{"damage_healed":0,"gold_gain":0,"player_choice":"Paid","damage_taken":0,"relics_obtained":["Red Mask"],"max_hp_gain":0,"max_hp_loss":0,"event_name":"Tomb of Lord Red Mask","floor":46,"gold_loss":120},{"cards_removed":["Pummel"],"damage_healed":0,"gold_gain":0,"player_choice":"Removed Attack","damage_taken":0,"max_hp_gain":0,"max_hp_loss":0,"event_name":"Falling","floor":48,"gold_loss":0}],"is_beta":false,"boss_relics":[{"not_picked":["Orrery","Snecko Eye"],"picked":"Black Blood"},{"not_picked":["Empty Cage","Runic Cube"],"picked":"Mark of Pain"}],"items_purged_floors":[4,20],"is_endless":false,"potions_floor_spawned":[7,12,14,18,21,23,28,33,40,42,45,47],"ascension_level":9}