{"gold_per_floor":[119,119,135,151,42,42,74,74,148,148,168,196,211,211,211,316,316,331,347,124,124,124,124,141,141,194,225,225,239,239,21,21,21],"floor_reached":33,"playtime":4917,"items_purged":["Strike_R","Defend_R","Defend_R"],"score":392,"play_id":"3d5e28f7-6cd4-463f-a803-93932c9b3d92","local_time":"20190104230330","is_ascension_mode":true,"campfire_choices":[{"data":"Evolve","floor":6,"key":"SMITH"},{"data":"Wild Strike","floor":10,"key":"SMITH"},{"data":"1","floor":15,"key":"LIFT"},{"floor":23,"key":"REST"},{"data":"Inflame","floor":25,"key":"SMITH"},{"data":"2","floor":28,"key":"LIFT"},{"data":"Flex","floor":30,"key":"SMITH"},{"floor":32,"key":"REST"}],"neow_cost":"NONE","seed_source_timestamp":0,"circlet_count":0,"master_deck":["Strike_R","Strike_R","Defend_R+1","Defend_R","Bash","Wild Strike+1","Wild Strike","Sword Boomerang","Evolve+1","Whirlwind","Power Through+1","Feel No Pain","Shrug It Off","Demon Form","Pommel Strike","Clothesline+1","Inflame+1","Flex+1","Power Through","Twin Strike","Shrug It Off+1","Purity"],"special_seed":0,"relics":["Black Blood","Ancient Tea Set","Meat on the Bone","Girya","War Paint","Vajra","Centennial Puzzle"],"potions_floor_usage":[13,16,33],"damage_taken":[{"damage":0,"enemies":"Small Slimes","floor":1,"turns":3},{"damage":1,"enemies":"Cultist","floor":3,"turns":3},{"damage":1,"enemies":"Jaw Worm","floor":4,"turns":3},{"damage":33,"enemies":"Gremlin Nob","floor":7,"turns":5},{"damage":6,"enemies":"Blue Slaver","floor":11,"turns":4},{"damage":26,"enemies":"Lagavulin","floor":12,"turns":7},{"damage":0,"enemies":"Large Slime","floor":13,"turns":3},{"damage":32,"enemies":"The Guardian","floor":16,"turns":15},{"damage":68,"enemies":"3 Byrds","floor":18,"turns":7},{"damage":22,"enemies":"Spheric Guardian","floor":19,"turns":4},{"damage":15,"enemies":"Shelled Parasite and Fungi","floor":24,"turns":5},{"damage":32,"enemies":"Gremlin Leader","floor":27,"turns":7},{"damage":12,"enemies":"Centurion and Healer","floor":29,"turns":3},{"damage":78,"enemies":"Champ","floor":33,"turns":13}],"seed_played":"8623076129137938285","potions_obtained":[{"floor":4,"key":"Energy Potion"},{"floor":11,"key":"SteroidPotion"},{"floor":12,"key":"Poison Potion"},{"floor":29,"key":"Energy Potion"}],"is_trial":false,"path_per_floor":["M","?","M","M","$","R","E","?","T","R","M","E","M","?","R","B",null,"M","M","$","?","?","R","M","R","T","E","R","M","R","$","R","B"],"character_chosen":"IRONCLAD","items_purchased":["Evolve","Inflame","Flex","Purity"],"campfire_rested":2,"item_purchase_floors":[5,20,20,31],"current_hp_per_floor":[80,80,80,80,80,80,53,53,53,53,53,45,51,51,51,37,80,34,34,34,19,19,44,51,51,51,41,41,51,51,51,76,0],"gold":21,"neow_bonus":"THREE_CARDS","is_prod":false,"is_daily":false,"chose_seed":false,"campfire_upgraded":4,"win_rate":0,"timestamp":1546603410,"path_taken":["M","?","M","M","$","R","E","?","T","R","M","E","?","?","R","BOSS","M","?","$","?","?","R","M","R","T","E","R","M","R","$","R","BOSS"],"build_version":"2019-01-03v3","purchased_purges":3,"victory":false,"max_hp_per_floor":[80,80,80,80,80,80,80,80,80,80,80,80,80,80,80,80,80,80,80,80,85,85,85,85,85,85,85,85,85,85,85,85,85],"card_choices":[{"not_picked":["Clash","Warcry"],"picked":"Anger","floor":0.0},{"not_picked":["Thunderclap","Entrench"],"picked":"Wild Strike","floor":1},{"not_picked":["Warcry","Sword Boomerang"],"picked":"Wild Strike","floor":3},{"not_picked":["Cleave","Hemokinesis"],"picked":"Sword Boomerang","floor":4},{"not_picked":["Cleave","Iron Wave"],"picked":"Whirlwind","floor":7},{"not_picked":["Flame Barrier","Burning Pact"],"picked":"Power Through","floor":11},{"not_picked":["Perfected Strike","Offering"],"picked":"Feel No Pain","floor":12},{"not_picked":["Twin Strike","Infernal Blade"],"picked":"Shrug It Off","floor":13},{"not_picked":["Impervious","Juggernaut"],"picked":"Demon Form","floor":16},{"not_picked":["Flame Barrier","Iron Wave"],"picked":"Pommel Strike","floor":18},{"not_picked":["Clash+1","Wild Strike"],"picked":"Clothesline+1","floor":19},{"not_picked":["Anger","Immolate"],"picked":"Power Through","floor":24},{"not_picked":["Perfected Strike","Pummel"],"picked":"Twin Strike","floor":27},{"not_picked":["Corruption","Searing Blow+1"],"picked":"Shrug It Off+1","floor":29}],"player_experience":71026,"relics_obtained":[{"floor":7,"key":"Ancient Tea Set"},{"floor":9,"key":"Meat on the Bone"},{"floor":12,"key":"Girya"},{"floor":26,"key":"Vajra"},{"floor":27,"key":"Centennial Puzzle"}],"event_choices":[{"cards_removed":["Strike_R"],"damage_healed":0,"gold_gain":0,"player_choice":"Forget","damage_taken":0,"max_hp_gain":0,"max_hp_loss":0,"event_name":"Living Wall","floor":2,"gold_loss":0},{"cards_removed":["Strike_R"],"damage_healed":0,"gold_gain":0,"player_choice":"Purged","damage_taken":0,"max_hp_gain":0,"max_hp_loss":0,"event_name":"Purifier","floor":8,"gold_loss":0},{"damage_healed":0,"gold_gain":0,"player_choice":"Gave Potion","damage_taken":0,"relics_obtained":["War Paint"],"max_hp_gain":0,"max_hp_loss":0,"event_name":"WeMeetAgain","floor":14,"gold_loss":0},{"damage_healed":0,"gold_gain":0,"player_choice":"Shed Blood","damage_taken":20,"max_hp_gain":5,"max_hp_loss":0,"event_name":"Forgotten Altar","floor":21,"gold_loss":0},{"damage_healed":0,"gold_gain":0,"player_choice":"Ignored","damage_taken":0,"max_hp_gain":0,"max_hp_loss":0,"event_name":"Vampires","floor":22,"gold_loss":0}],"is_beta":false,"boss_relics":[{"not_picked":["Ectoplasm","Runic Cube"],"picked":"Black Blood"}],"items_purged_floors":[5,20,31],"is_endless":false,"potions_floor_spawned":[4,11,12,29],"killed_by":"Champ","ascension_level":1}