{"gold_per_floor":[112,132,216,34,50,50,77,96,96,123,136,136,136,236,236,336,336,356,375,388,43,57,57,89,20,20,20,119,119,135,154,154,249,249,265,283,283,193,211,211,241,241,312,338,348,348,360,10,10,10,10,10,10,10],"floor_reached":54,"playtime":26667,"items_purged":["Strike_B"],"score":976,"play_id":"64d8cb75-46c7-45f8-9da1-20c11dcbf314","local_time":"20190210003850","is_ascension_mode":true,"campfire_choices":[{"data":"Fusion","floor":6.0,"key":"SMITH"},{"data":"Apotheosis","floor":12.0,"key":"SMITH"},{"floor":15.0,"key":"REST"},{"floor":23.0,"key":"REST"},{"floor":32.0,"key":"REST"},{"data":"Redo","floor":40.0,"key":"SMITH"},{"floor":42.0,"key":"RECALL"},{"data":"Hologram","floor":46,"key":"SMITH"},{"floor":49,"key":"REST"},{"data":"Echo Form","floor":52,"key":"SMITH"}],"neow_cost":"NONE","seed_source_timestamp":0,"circlet_count":0,"master_deck":["Strike_B+1","Strike_B","Defend_B","Defend_B","Defend_B","Defend_B","Zap+1","Dualcast","Streamline","Conserve Battery","Apotheosis+1","Fusion+1","Storm","Hologram+1","Loop","Sunder+1","Echo Form+1","Stack","Leap+1","Glacier+1","Panache","Enlightenment","Undo+1","Reinforced Body","Skim","Turbo+1","Reinforced Body","Buffer","Streamline","Storm+1","Redo+1","Reboot","Capacitor+1","Skim+1","Conserve Battery+1"],"special_seed":0,"relics":["Cracked Core","Tiny Chest","Potion Belt","Bottled Lightning","Ice Cream","Nuclear Battery","Dodecahedron","Boot","MutagenicStrength","StoneCalendar","White Beast Statue","Letter Opener","Mercury Hourglass","Unceasing Top"],"potions_floor_usage":[44,44,45,50,50,50,50],"damage_taken":[{"damage":1.0,"enemies":"Cultist","floor":1.0,"turns":3.0},{"damage":2.0,"enemies":"Small Slimes","floor":2.0,"turns":3.0},{"damage":1.0,"enemies":"2 Louse","floor":5.0,"turns":2.0},{"damage":18.0,"enemies":"3 Sentries","floor":7.0,"turns":7.0},{"damage":0.0,"enemies":"Exordium Wildlife","floor":8.0,"turns":3.0},{"damage":2.0,"enemies":"Lagavulin","floor":10.0,"turns":7.0},{"damage":0.0,"enemies":"Blue Slaver","floor":11.0,"turns":3.0},{"damage":0.0,"enemies":"Slime Boss","floor":16.0,"turns":6.0},{"damage":12.0,"enemies":"Chosen","floor":18.0,"turns":4.0},{"damage":17.0,"enemies":"3 Byrds","floor":19.0,"turns":5.0},{"damage":20.0,"enemies":"Shelled Parasite and Fungi","floor":20.0,"turns":5.0},{"damage":22.0,"enemies":"Sentry and Sphere","floor":22.0,"turns":4.0},{"damage":19.0,"enemies":"Book of Stabbing","floor":24.0,"turns":6.0},{"damage":4.0,"enemies":"Cultist and Chosen","floor":30.0,"turns":7.0},{"damage":0.0,"enemies":"Shelled Parasite and Fungi","floor":31.0,"turns":5.0},{"damage":0.0,"enemies":"Collector","floor":33.0,"turns":9.0},{"damage":0.0,"enemies":"Orb Walker","floor":35.0,"turns":4.0},{"damage":0.0,"enemies":"3 Shapes","floor":36.0,"turns":6.0},{"damage":0.0,"enemies":"Sphere and 2 Shapes","floor":39.0,"turns":4.0},{"damage":0.0,"enemies":"Giant Head","floor":41.0,"turns":8.0},{"damage":16,"enemies":"Nemesis","floor":44,"turns":5},{"damage":0,"enemies":"Maw","floor":45,"turns":7},{"damage":19,"enemies":"Jaw Worm Horde","floor":47,"turns":4},{"damage":58,"enemies":"Time Eater","floor":50,"turns":10},{"damage":73,"enemies":"Shield and Spear","floor":54,"turns":3}],"seed_played":"1195517390461472305","potions_obtained":[{"floor":2.0,"key":"PowerPotion"},{"floor":7.0,"key":"Energy Potion"},{"floor":10.0,"key":"FearPotion"},{"floor":11.0,"key":"SpeedPotion"},{"floor":16.0,"key":"SkillPotion"},{"floor":19.0,"key":"AttackPotion"},{"floor":24.0,"key":"SteroidPotion"},{"floor":31.0,"key":"AttackPotion"},{"floor":35.0,"key":"PowerPotion"},{"floor":36.0,"key":"Regen Potion"},{"floor":39.0,"key":"SkillPotion"},{"floor":41.0,"key":"Block Potion"},{"floor":44,"key":"Regen Potion"},{"floor":45,"key":"Fire Potion"},{"floor":47,"key":"SkillPotion"}],"is_trial":false,"path_per_floor":["M","M","T","$","M","R","E","M","T","E","M","R","?","?","R","B",null,"M","M","M","$","M","R","E","$","T","?","?","T","M","M","R","B",null,"M","M","?","?","M","R","E","R","T","E","M","R","M","$","R","B",null,"R","$","E"],"character_chosen":"DEFECT","items_purchased":["Apotheosis","Panache","Enlightenment","Skim","Unceasing Top","PowerPotion"],"campfire_rested":4,"item_purchase_floors":[4,21,21,25,48,48],"current_hp_per_floor":[74,72,72,72,71,71,53,53,53,51,51,51,36,36,58,58,75,63,46,26,26,4,26,7,7,7,7,7,7,3,3,25,25,75,75,75,71,71,71,71,71,71,71,55,67,67,48,48,69,25,71,71,71,0],"gold":10,"neow_bonus":"UPGRADE_CARD","is_prod":false,"is_daily":false,"chose_seed":false,"campfire_upgraded":5,"win_rate":0,"timestamp":1549719530,"path_taken":["M","M","?","$","M","R","E","M","T","E","M","R","?","?","R","BOSS","M","?","M","$","M","R","E","$","T","?","?","?","M","?","R","BOSS","M","M","?","?","M","R","E","R","T","E","M","R","M","$","R","BOSS","R","$","E"],"build_version":"2019-01-23","purchased_purges":1,"victory":false,"max_hp_per_floor":[75,75,75,75,75,75,75,75,75,75,75,75,75,75,75,75,75,75,75,75,75,75,75,75,75,75,75,75,75,75,75,75,75,75,75,75,71,71,71,71,71,71,71,71,71,71,71,71,71,71,71,71,71,71],"card_choices":[{"not_picked":["Coolheaded","Go for the Eyes"],"picked":"Streamline","floor":1.0},{"not_picked":["Steam","Compile Driver"],"picked":"Conserve Battery","floor":2.0},{"not_picked":["Streamline","Turbo"],"picked":"Fusion","floor":5.0},{"not_picked":["White Noise","BootSequence"],"picked":"Storm","floor":7.0},{"not_picked":["Chaos","Gash"],"picked":"Hologram","floor":8.0},{"not_picked":["BootSequence","Rip and Tear"],"picked":"Loop","floor":10.0},{"not_picked":["Hello World","Chaos"],"picked":"Sunder","floor":11.0},{"not_picked":["Buffer","Reboot"],"picked":"Echo Form","floor":16.0},{"not_picked":["Cold Snap","Go for the Eyes"],"picked":"Stack","floor":18.0},{"not_picked":["Rebound","Cold Snap+1"],"picked":"Leap+1","floor":19.0},{"not_picked":["Consume","Gash"],"picked":"Glacier+1","floor":20.0},{"not_picked":["Conserve Battery+1","Go for the Eyes"],"picked":"Undo+1","floor":22.0},{"not_picked":["Undo","Chaos"],"picked":"Reinforced Body","floor":24.0},{"not_picked":["Barrage","Undo"],"picked":"Turbo","floor":30.0},{"not_picked":["Beam Cell","Conserve Battery+1"],"picked":"Reinforced Body","floor":31.0},{"not_picked":["Core Surge","All For One"],"picked":"Buffer","floor":33.0},{"not_picked":["Sweeping Beam+1","Steam Power"],"picked":"Streamline","floor":35.0},{"not_picked":["Steam Power","Beam Cell+1"],"picked":"Storm+1","floor":36.0},{"not_picked":["Steam+1","Leap"],"picked":"Redo","floor":39.0},{"not_picked":["Gash","Leap"],"picked":"Reboot","floor":41.0},{"not_picked":["Redo","Conserve Battery"],"picked":"Capacitor+1","floor":44},{"not_picked":["Reinforced Body","Double Energy+1"],"picked":"Skim+1","floor":45},{"not_picked":["Redo+1","Reboot"],"picked":"Conserve Battery+1","floor":47}],"player_experience":303424,"relics_obtained":[{"floor":3.0,"key":"Tiny Chest"},{"floor":7.0,"key":"Potion Belt"},{"floor":9.0,"key":"Bottled Lightning"},{"floor":10.0,"key":"Ice Cream"},{"floor":24.0,"key":"Dodecahedron"},{"floor":26.0,"key":"Boot"},{"floor":29.0,"key":"StoneCalendar"},{"floor":41.0,"key":"Letter Opener"},{"floor":44,"key":"Mercury Hourglass"}],"event_choices":[{"damage_healed":0.0,"max_hp_gain":0.0,"max_hp_loss":0.0,"gold_gain":0.0,"event_name":"Shining Light","player_choice":"Entered Light","floor":13.0,"gold_loss":0.0,"damage_taken":15.0,"cards_upgraded":["Strike_B","Sunder"]},{"damage_healed":0.0,"max_hp_gain":0.0,"max_hp_loss":0.0,"gold_gain":100.0,"event_name":"Golden Shrine","player_choice":"Pray","floor":14.0,"gold_loss":0.0,"damage_taken":0.0},{"damage_healed":0.0,"max_hp_gain":0.0,"max_hp_loss":0.0,"gold_gain":0.0,"event_name":"Drug Dealer","player_choice":"Inject Mutagens","floor":27.0,"gold_loss":0.0,"damage_taken":0.0,"relics_obtained":["MutagenicStrength"]},{"damage_healed":0.0,"max_hp_gain":0.0,"max_hp_loss":0.0,"gold_gain":99.0,"event_name":"Nest","player_choice":"Stole From Cult","floor":28.0,"gold_loss":0.0,"damage_taken":0.0},{"damage_healed":0.0,"max_hp_gain":0.0,"max_hp_loss":4.0,"gold_gain":0.0,"event_name":"Winding Halls","player_choice":"Max HP","floor":37.0,"gold_loss":0.0,"damage_taken":0.0},{"cards_removed":["Strike_B"],"damage_healed":0.0,"max_hp_gain":0.0,"max_hp_loss":0.0,"gold_gain":0.0,"event_name":"Designer","player_choice":"Upgrade and Remove","floor":38.0,"gold_loss":90.0,"damage_taken":0.0,"cards_upgraded":["Turbo"]}],"is_beta":false,"boss_relics":[{"not_picked":["Astrolabe","Inserter"],"picked":"Nuclear Battery"},{"not_picked":["Black Star","Sozu"],"picked":"White Beast Statue"}],"items_purged_floors":[21],"is_endless":false,"potions_floor_spawned":[2,7,10,11,16,19,24,31,35,36,39,41,44,45,47],"killed_by":"Shield and Spear","ascension_level":3}