{"gold_per_floor":[110,30,41,54,70,104,121,121,121,121,155,170,190,207,207,309,309,327,327,252,252,27,52,0],"floor_reached":24,"playtime":4576,"items_purged":[],"score":274,"play_id":"b6060dc6-91d3-430b-a649-a50a7693b485","local_time":"20190310130949","is_ascension_mode":true,"campfire_choices":[{"floor":8.0,"key":"REST"},{"floor":10.0,"key":"REST"},{"floor":15.0,"key":"REST"}],"neow_cost":"NONE","seed_source_timestamp":0,"circlet_count":0,"master_deck":["Defend_G","Defend_G","Defend_G","Defend_G","Defend_G","Strike_G","Strike_G","Strike_G","Strike_G","Survivor","Neutralize+1","Footwork","Infinite Blades","Outmaneuver","Noxious Fumes","Slice","Glass Knife","Skewer","Endless Agony","Accuracy","Catalyst","Poisoned Stab","Phantasmal Killer","Dash","Accuracy","A Thousand Cuts"],"special_seed":0,"relics":["Ring of the Snake","Darkstone Periapt","Pantograph","The Courier","WristBlade","Toxic Egg 2","Pear"],"potions_floor_usage":[18,18,23],"damage_taken":[{"damage":0.0,"enemies":"Cultist","floor":1.0,"turns":4.0},{"damage":1.0,"enemies":"2 Louse","floor":3.0,"turns":4.0},{"damage":11.0,"enemies":"Jaw Worm","floor":4.0,"turns":6.0},{"damage":0.0,"enemies":"2 Fungi Beasts","floor":5.0,"turns":5.0},{"damage":32.0,"enemies":"3 Sentries","floor":6.0,"turns":10.0},{"damage":17.0,"enemies":"Blue Slaver","floor":7.0,"turns":4.0},{"damage":20.0,"enemies":"Lagavulin","floor":11.0,"turns":8.0},{"damage":12.0,"enemies":"Gremlin Gang","floor":12.0,"turns":5.0},{"damage":3.0,"enemies":"Large Slime","floor":13.0,"turns":6.0},{"damage":7.0,"enemies":"2 Fungi Beasts","floor":14.0,"turns":4.0},{"damage":39.0,"enemies":"Hexaghost","floor":16.0,"turns":9.0},{"damage":21,"enemies":"3 Byrds","floor":18,"turns":5},{"damage":49,"enemies":"Gremlin Leader","floor":23,"turns":10},{"damage":46,"enemies":"2 Thieves","floor":24,"turns":3}],"seed_played":"-6716018643868675712","potions_obtained":[{"floor":4.0,"key":"Poison Potion"},{"floor":12.0,"key":"SteroidPotion"},{"floor":14.0,"key":"Energy Potion"},{"floor":18,"key":"SkillPotion"}],"is_trial":false,"path_per_floor":["M","$","M","M","M","E","M","R","T","R","E","M","M","M","R","B",null,"M","?","?","?","$","E","M"],"character_chosen":"THE_SILENT","items_purchased":["Infinite Blades","Accuracy","Toxic Egg 2"],"campfire_rested":3,"item_purchase_floors":[2,22,22],"current_hp_per_floor":[70,70,69,58,58,26,9,30,30,51,31,19,16,9,30,16,70,49,49,49,70,70,31,0],"gold":0,"neow_bonus":"UPGRADE_CARD","is_prod":false,"is_daily":false,"chose_seed":false,"campfire_upgraded":0,"win_rate":0,"timestamp":1552183789,"path_taken":["M","?","M","?","M","E","M","R","T","R","E","M","M","M","R","BOSS","M","?","?","?","$","E","M"],"build_version":"2019-01-23","purchased_purges":0,"victory":false,"max_hp_per_floor":[70,70,70,70,70,70,70,70,70,70,70,70,70,70,70,70,70,70,70,70,70,70,80,80],"card_choices":[{"not_picked":["Flying Knee","Underhanded Strike"],"picked":"Footwork","floor":1.0},{"not_picked":["Blade Dance","Dodge and Roll"],"picked":"Outmaneuver","floor":3.0},{"not_picked":["Predator","Poisoned Stab"],"picked":"Noxious Fumes","floor":4.0},{"not_picked":["Wraith Form v2","Well Laid Plans"],"picked":"Slice","floor":5.0},{"not_picked":["Caltrops","Underhanded Strike"],"picked":"Glass Knife","floor":6.0},{"not_picked":["Tactician","Acrobatics"],"picked":"Skewer","floor":7.0},{"not_picked":["Deflect","Heel Hook"],"picked":"Endless Agony","floor":11.0},{"not_picked":["Night Terror","Acrobatics"],"picked":"Accuracy","floor":12.0},{"not_picked":["Deflect","Dagger Throw"],"picked":"Catalyst","floor":13.0},{"not_picked":["Underhanded Strike","Well Laid Plans"],"picked":"Poisoned Stab","floor":14.0},{"not_picked":["After Image","Glass Knife"],"picked":"Phantasmal Killer","floor":16.0},{"not_picked":["Reflex+1","Poisoned Stab"],"picked":"Dash","floor":18},{"not_picked":["Backstab","Prepared+1"],"picked":"A Thousand Cuts","floor":23}],"player_experience":873022,"relics_obtained":[{"floor":6.0,"key":"Darkstone Periapt"},{"floor":9.0,"key":"Pantograph"},{"floor":11.0,"key":"The Courier"},{"floor":23,"key":"Pear"}],"event_choices":[{"damage_healed":0,"gold_gain":0,"player_choice":"Ignored","damage_taken":0,"max_hp_gain":0,"max_hp_loss":0,"event_name":"Ghosts","floor":19,"gold_loss":0},{"cards_removed":["Strike_G"],"damage_healed":0,"gold_gain":0,"player_choice":"Gave Gold","damage_taken":0,"max_hp_gain":0,"max_hp_loss":0,"event_name":"Beggar","floor":20,"gold_loss":75},{"damage_healed":23,"gold_gain":0,"player_choice":"Heal","damage_taken":0,"max_hp_gain":0,"max_hp_loss":0,"event_name":"The Library","floor":21,"gold_loss":0}],"is_beta":false,"boss_relics":[{"not_picked":["Philosopher\u0027s Stone","Astrolabe"],"picked":"WristBlade"}],"items_purged_floors":[],"is_endless":false,"potions_floor_spawned":[4,12,14,18],"killed_by":"2 Thieves","ascension_level":4}