{"gold_per_floor":[360,375,375,375,550,550,570,580,580,26,26,26,58,29,29,132,132,146,146,164,16,34,34,34],"floor_reached":24,"playtime":1568,"items_purged":[],"score":214,"play_id":"a7d524a1-5c1d-4d47-bf73-126cb0491888","local_time":"20190203161648","is_ascension_mode":true,"campfire_choices":[{"data":"Rupture","floor":6,"key":"SMITH"},{"floor":11,"key":"REST"},{"floor":15,"key":"REST"},{"floor":23,"key":"REST"}],"neow_cost":"TEN_PERCENT_HP_LOSS","seed_source_timestamp":23577677896616,"circlet_count":0,"master_deck":["Strike_R","Strike_R+1","Strike_R+1","Strike_R","Strike_R","Defend_R","Defend_R","Defend_R","Defend_R","Bash","Rupture+1","Combust","Regret","Doubt","Dropkick","Flame Barrier","Demon Form","Mayhem","Spot Weakness","Blood for Blood","Bludgeon","Anger","Disarm","Feed","Combust"],"relics":["Burning Blood","WingedGreaves","Charon\u0027s Ashes","Mummified Hand","MawBank","Eternal Feather"],"potions_floor_usage":[20,20],"damage_taken":[{"damage":1,"enemies":"2 Louse","floor":1,"turns":4},{"damage":12,"enemies":"Small Slimes","floor":2,"turns":3},{"damage":20,"enemies":"Jaw Worm","floor":7,"turns":4},{"damage":21,"enemies":"Exordium Thugs","floor":8,"turns":4},{"damage":18,"enemies":"Red Slaver","floor":13,"turns":4},{"damage":27,"enemies":"Hexaghost","floor":16,"turns":8},{"damage":23,"enemies":"Shell Parasite","floor":18,"turns":4},{"damage":12,"enemies":"Chosen","floor":20,"turns":4},{"damage":19,"enemies":"Snecko","floor":22,"turns":4},{"damage":76,"enemies":"Slavers","floor":24,"turns":3}],"seed_played":"7519938722693836543","potions_obtained":[{"floor":2,"key":"Fire Potion"},{"floor":8,"key":"Swift Potion"},{"floor":18,"key":"Fire Potion"},{"floor":22,"key":"Poison Potion"}],"is_trial":false,"path_per_floor":["M","M","?","?","?","R","M","M","T","$","R","T","M","$","R","B",null,"M","?","M","$","M","R","E"],"character_chosen":"IRONCLAD","items_purchased":["Mummified Hand","Demon Form","Mayhem","Blood for Blood","Feed"],"campfire_rested":3,"item_purchase_floors":[10,10,10,14,21],"current_hp_per_floor":[72,66,52,52,52,52,38,23,23,23,44,44,32,32,53,32,72,55,55,49,49,36,72,0],"gold":34,"neow_bonus":"TWO_FIFTY_GOLD","is_prod":false,"is_daily":false,"chose_seed":false,"campfire_upgraded":1,"win_rate":0,"timestamp":1549171008,"path_taken":["M","M","?","?","?","R","M","?","T","$","R","?","?","$","R","BOSS","M","?","M","$","M","R","E"],"build_version":"2019-01-23","purchased_purges":0,"victory":false,"max_hp_per_floor":[72,72,72,72,72,72,72,72,72,72,72,72,72,72,72,72,72,72,72,72,72,72,72,72],"card_choices":[{"not_picked":["Heavy Blade","Armaments"],"picked":"Rupture","floor":1},{"not_picked":["Clothesline","Body Slam"],"picked":"Combust","floor":2},{"not_picked":["Wild Strike","Warcry"],"picked":"Dropkick","floor":7},{"not_picked":["Thunderclap","Cleave"],"picked":"Flame Barrier","floor":8},{"not_picked":["Twin Strike","Entrench"],"picked":"Spot Weakness","floor":13},{"not_picked":["Exhume","Berserk"],"picked":"Bludgeon","floor":16},{"not_picked":["Blood for Blood+1","Thunderclap"],"picked":"Anger","floor":18},{"not_picked":["Headbutt","Havoc"],"picked":"Disarm","floor":20},{"not_picked":["Havoc","Pummel+1"],"picked":"Combust","floor":22}],"player_experience":226996,"relics_obtained":[{"floor":9,"key":"Charon\u0027s Ashes"},{"floor":12,"key":"MawBank"}],"event_choices":[{"damage_healed":0,"gold_gain":0,"player_choice":"Entered Light","damage_taken":14,"max_hp_gain":0,"max_hp_loss":0,"event_name":"Shining Light","floor":3,"gold_loss":0,"cards_upgraded":["Strike_R","Strike_R"]},{"damage_healed":0,"gold_gain":0,"player_choice":"Box","damage_taken":0,"relics_obtained":["WingedGreaves"],"max_hp_gain":0,"max_hp_loss":0,"event_name":"Big Fish","floor":4,"gold_loss":0,"cards_obtained":["Regret"]},{"damage_healed":0,"gold_gain":175,"player_choice":"AGREE","damage_taken":0,"max_hp_gain":0,"max_hp_loss":0,"event_name":"Liars Game","floor":5,"gold_loss":0,"cards_obtained":["Doubt"]},{"damage_healed":0,"gold_gain":0,"player_choice":"Ignored","damage_taken":0,"max_hp_gain":0,"max_hp_loss":0,"event_name":"Ghosts","floor":19,"gold_loss":0}],"is_beta":false,"boss_relics":[{"not_picked":["Ectoplasm","Coffee Dripper"],"picked":"Eternal Feather"}],"items_purged_floors":[],"is_endless":false,"potions_floor_spawned":[2,8,18,22],"killed_by":"Slavers","ascension_level":3}