{"gold_per_floor":[118,36,52,127,127,159,159,186,186,198,198,230,13,13],"floor_reached":14,"playtime":319,"items_purged":[],"score":180,"play_id":"78305772-2643-4500-bb54-a8b850cff89a","local_time":"20190529013120","is_ascension_mode":true,"campfire_choices":[{"floor":7,"key":"REST"},{"floor":11,"key":"REST"}],"neow_cost":"NONE","seed_source_timestamp":32219920425948,"circlet_count":0,"master_deck":["AscendersBane","Strike_B","Strike_B","Strike_B","Strike_B","Defend_B","Defend_B","Defend_B","Defend_B","Zap","Dualcast","Genetic Algorithm","Rip and Tear+1","Skim","Electrodynamics","Coolheaded","Defragment","Redo","Echo Form","Coolheaded","Cold Snap"],"relics":["Velvet Choker","Bottled Flame","Orichalcum","Pen Nib","Boot"],"potions_floor_usage":[6,8],"damage_taken":[{"damage":7,"enemies":"2 Louse","floor":1,"turns":2},{"damage":2,"enemies":"Small Slimes","floor":3,"turns":3},{"damage":30,"enemies":"Lagavulin","floor":6,"turns":6},{"damage":20,"enemies":"3 Sentries","floor":8,"turns":4},{"damage":4,"enemies":"Jaw Worm","floor":10,"turns":3},{"damage":22,"enemies":"Lagavulin","floor":12,"turns":5},{"damage":16,"enemies":"Gremlin Gang","floor":14,"turns":1}],"seed_played":"629160490765221089","potions_obtained":[{"floor":1,"key":"PowerPotion"},{"floor":8,"key":"Fruit Juice"}],"is_trial":false,"path_per_floor":["M","$","M","?","?","E","R","E","T","M","R","E","$","M"],"character_chosen":"DEFECT","items_purchased":["Rip and Tear","Echo Form","Coolheaded","Cold Snap"],"campfire_rested":2,"item_purchase_floors":[2,13,13,13],"current_hp_per_floor":[57,57,55,44,44,14,35,20,20,16,38,16,16,0],"gold":13,"neow_bonus":"BOSS_RELIC","is_prod":false,"is_daily":false,"chose_seed":false,"campfire_upgraded":0,"win_rate":0,"timestamp":1559086280,"path_taken":["M","$","M","?","?","E","R","E","T","M","R","E","$","M"],"build_version":"2019-01-23","purchased_purges":0,"victory":false,"max_hp_per_floor":[71,71,71,71,71,71,71,76,76,76,76,76,76,76],"card_choices":[{"not_picked":["Barrage","Self Repair"],"picked":"Genetic Algorithm","floor":1},{"not_picked":["Beam Cell","Capacitor"],"picked":"Skim","floor":3},{"not_picked":["Aggregate","Go for the Eyes"],"picked":"Electrodynamics","floor":6},{"not_picked":["Sweeping Beam","Gash"],"picked":"Coolheaded","floor":8},{"not_picked":["Steam","Darkness"],"picked":"Defragment","floor":10},{"not_picked":["Stack","Sunder"],"picked":"Redo","floor":12}],"player_experience":698599,"relics_obtained":[{"floor":6,"key":"Bottled Flame"},{"floor":8,"key":"Orichalcum"},{"floor":9,"key":"Pen Nib"},{"floor":12,"key":"Boot"}],"event_choices":[{"damage_healed":0,"gold_gain":75,"player_choice":"Gather Gold","damage_taken":11,"max_hp_gain":0,"max_hp_loss":0,"event_name":"World of Goop","floor":4,"gold_loss":0},{"damage_healed":0,"gold_gain":0,"player_choice":"Grow","damage_taken":0,"max_hp_gain":0,"max_hp_loss":0,"event_name":"Living Wall","floor":5,"gold_loss":0,"cards_upgraded":["Rip and Tear"]}],"is_beta":false,"boss_relics":[],"items_purged_floors":[],"is_endless":false,"potions_floor_spawned":[1,8],"killed_by":"Gremlin Gang","ascension_level":14}