{"gold_per_floor":[111,111,111,131,131,164,164,189,189,189,200,212,229,239,239,343,343,355,355,365,18,36,36],"floor_reached":23,"playtime":2409,"items_purged":[],"score":244,"play_id":"dce232d7-8531-4bac-8619-9bf5ebdcd578","local_time":"20190217150718","is_ascension_mode":true,"campfire_choices":[{"data":"Skewer","floor":7.0,"key":"SMITH"},{"floor":10.0,"key":"REST"},{"data":"Neutralize","floor":15.0,"key":"SMITH"}],"neow_cost":"NONE","seed_source_timestamp":0,"circlet_count":0,"master_deck":["Defend_G","Defend_G","Defend_G","Defend_G","Defend_G","Strike_G+1","Strike_G","Strike_G","Survivor","Neutralize+1","Footwork+1","Backflip","Skewer+1","Acrobatics","Accuracy","Deadly Poison","Choke","Dagger Throw","Doppelganger","Finisher+1","Acrobatics","Underhanded Strike","Envenom","Flying Knee","Terror+1"],"special_seed":0,"relics":["Ring of the Snake","Mercury Hourglass","Ornamental Fan","Sundial","Bird Faced Urn","StoneCalendar","WristBlade","Lantern"],"potions_floor_usage":[20,23,23],"damage_taken":[{"damage":0.0,"enemies":"Cultist","floor":1.0,"turns":4.0},{"damage":0.0,"enemies":"2 Louse","floor":4.0,"turns":3.0},{"damage":8.0,"enemies":"3 Sentries","floor":6.0,"turns":8.0},{"damage":3.0,"enemies":"Gremlin Nob","floor":8.0,"turns":4.0},{"damage":6.0,"enemies":"Small Slimes","floor":11.0,"turns":2.0},{"damage":3.0,"enemies":"Looter","floor":12.0,"turns":4.0},{"damage":4.0,"enemies":"3 Louse","floor":13.0,"turns":3.0},{"damage":16.0,"enemies":"Exordium Thugs","floor":14.0,"turns":4.0},{"damage":17.0,"enemies":"The Guardian","floor":16.0,"turns":8.0},{"damage":22,"enemies":"Spheric Guardian","floor":18,"turns":5},{"damage":15,"enemies":"3 Byrds","floor":20,"turns":4},{"damage":27,"enemies":"Snecko","floor":22,"turns":6},{"damage":24,"enemies":"Slavers","floor":23,"turns":2}],"seed_played":"6554313166127175448","potions_obtained":[{"floor":1.0,"key":"SkillPotion"},{"floor":13.0,"key":"Dexterity Potion"},{"floor":14.0,"key":"Explosive Potion"},{"floor":20,"key":"GamblersBrew"},{"floor":22,"key":"Fruit Juice"}],"is_trial":false,"path_per_floor":["M","T","?","M","?","E","R","E","T","R","M","M","M","M","R","B",null,"M","?","M","$","M","E"],"character_chosen":"THE_SILENT","items_purchased":["Lantern","Envenom","Flying Knee"],"campfire_rested":1,"item_purchase_floors":[21,21,21],"current_hp_per_floor":[70,70,56,56,53,45,45,42,42,63,57,58,58,44,44,31,70,50,50,37,37,14,0],"gold":36,"neow_bonus":"REMOVE_CARD","is_prod":false,"is_daily":false,"chose_seed":false,"campfire_upgraded":2,"win_rate":0,"timestamp":1550376438,"path_taken":["M","?","?","M","?","E","R","E","T","R","M","M","M","M","R","BOSS","M","?","M","$","M","E"],"build_version":"2019-01-23","purchased_purges":0,"victory":false,"max_hp_per_floor":[70,70,70,70,70,70,70,70,70,70,70,70,70,70,70,70,70,70,70,70,70,70,75],"card_choices":[{"not_picked":["PiercingWail","Sucker Punch"],"picked":"Footwork","floor":1.0},{"not_picked":["Prepared","PiercingWail"],"picked":"Backflip","floor":4.0},{"not_picked":["Sucker Punch","Outmaneuver"],"picked":"Skewer","floor":6.0},{"not_picked":["Deadly Poison","Reflex"],"picked":"Acrobatics","floor":8.0},{"not_picked":["Blade Dance","Calculated Gamble"],"picked":"Accuracy","floor":11.0},{"not_picked":["Escape Plan","Bullet Time"],"picked":"Deadly Poison","floor":12.0},{"not_picked":["Riddle With Holes","Slice"],"picked":"Choke","floor":13.0},{"not_picked":["Sucker Punch","Calculated Gamble"],"picked":"Dagger Throw","floor":14.0},{"not_picked":["Storm of Steel","Unload"],"picked":"Doppelganger","floor":16.0},{"not_picked":["Riddle With Holes+1","Dodge and Roll+1"],"picked":"Finisher+1","floor":18},{"not_picked":["Acrobatics","Backflip"],"picked":"Underhanded Strike","floor":20},{"not_picked":["Masterful Stab+1","Flechettes+1"],"picked":"Terror+1","floor":22}],"player_experience":537621,"relics_obtained":[{"floor":2.0,"key":"Mercury Hourglass"},{"floor":6.0,"key":"Sundial"},{"floor":8.0,"key":"Bird Faced Urn"},{"floor":9.0,"key":"StoneCalendar"}],"event_choices":[{"damage_healed":0.0,"max_hp_gain":0.0,"max_hp_loss":0.0,"gold_gain":0.0,"event_name":"Shining Light","player_choice":"Entered Light","floor":3.0,"gold_loss":0.0,"damage_taken":14.0,"cards_upgraded":["Strike_G","Footwork"]},{"damage_healed":0.0,"max_hp_gain":0.0,"max_hp_loss":0.0,"gold_gain":0.0,"event_name":"Scrap Ooze","player_choice":"Success","floor":5.0,"gold_loss":0.0,"damage_taken":3.0,"relics_obtained":["Ornamental Fan"]},{"damage_healed":0,"gold_gain":0,"cards_transformed":["Strike_G"],"player_choice":"Transformed","damage_taken":0,"max_hp_gain":0,"max_hp_loss":0,"event_name":"Transmorgrifier","floor":19,"gold_loss":0,"cards_obtained":["Acrobatics"]}],"is_beta":false,"boss_relics":[{"not_picked":["Busted Crown","Snecko Eye"],"picked":"WristBlade"}],"items_purged_floors":[],"is_endless":false,"potions_floor_spawned":[1,13,14,20,22],"killed_by":"Slavers","ascension_level":4}