{"gold_per_floor":[119,194,205,205,223,253,253,22,22,57,57,71,105,126,126,228,228,243,243,243,12,24,55,55,85,85,119,135,147,147,147,147,245,245,264,281,281,330,330,330,357,31,31,31,0,0,14,29,29,29],"floor_reached":50,"playtime":21438,"items_purged":[],"score":701,"play_id":"32624059-a6f8-4e67-996a-e78a013e66f9","local_time":"20190203235515","is_ascension_mode":true,"campfire_choices":[{"floor":7,"key":"REST"},{"floor":11,"key":"REST"},{"floor":15,"key":"REST"},{"data":"Electrodynamics","floor":24,"key":"SMITH"},{"data":"Storm","floor":32,"key":"SMITH"},{"data":"Mayhem","floor":40,"key":"SMITH"},{"data":"Conserve Battery","floor":44,"key":"SMITH"},{"data":"Consume","floor":49,"key":"SMITH"}],"neow_cost":"NONE","seed_source_timestamp":0,"circlet_count":0,"master_deck":["Zap+1","Dualcast+1","Loop+1","BootSequence+1","Turbo+1","Creative AI+1","Capacitor+1","Skim+1","Ball Lightning+1","Hello World+1","Undo+1","Electrodynamics+1","Storm+1","Go for the Eyes+1","Sweeping Beam+1","FTL+1","Consume+1","Aggregate+1","Go for the Eyes+1","Hello World+1","Lockon+1","RitualDagger+1","Self Repair+1","Rebound+1","Leap+1","BootSequence+1","Force Field+1","Leap+1","Ball Lightning+1","Streamline+1","Echo Form+1","Clumsy","Clumsy","Streamline+1","Barrage+1","Leap+1","Gash+1","Mayhem+1","Cold Snap+1","Conserve Battery+1","Consume+1","Force Field","Static Discharge+1"],"special_seed":0,"relics":["Cracked Core","NeowsBlessing","Pocketwatch","Vajra","Incense Burner","Mummified Hand","Mercury Hourglass","Odd Mushroom","Pandora\u0027s Box","Bag of Preparation","Shuriken","Omamori","Torii","Prayer Wheel","Bronze Scales","Calling Bell","Art of War","Molten Egg 2","Thread and Needle","Mark of the Bloom","Nunchaku","Lantern","Pear","DataDisk","Red Mask","PreservedInsect"],"potions_floor_usage":[10,10,14,16,29,33,41,48,50,50],"damage_taken":[{"damage":0.0,"enemies":"Small Slimes","floor":1.0,"turns":1.0},{"damage":0.0,"enemies":"2 Louse","floor":3.0,"turns":1.0},{"damage":0.0,"enemies":"Jaw Worm","floor":5.0,"turns":1.0},{"damage":30.0,"enemies":"Lagavulin","floor":6.0,"turns":7.0},{"damage":35,"enemies":"3 Sentries","floor":10,"turns":5},{"damage":12,"enemies":"Large Slime","floor":12,"turns":5},{"damage":21,"enemies":"Gremlin Nob","floor":13,"turns":4},{"damage":9,"enemies":"The Mushroom Lair","floor":14,"turns":3},{"damage":17,"enemies":"The Guardian","floor":16,"turns":8},{"damage":22,"enemies":"2 Thieves","floor":18,"turns":3},{"damage":2,"enemies":"Chosen","floor":22,"turns":2},{"damage":17,"enemies":"Book of Stabbing","floor":23,"turns":4},{"damage":0,"enemies":"Gremlin Leader","floor":25,"turns":4},{"damage":25,"enemies":"Slavers","floor":27,"turns":4},{"damage":1,"enemies":"Snecko","floor":28,"turns":4},{"damage":0,"enemies":"Centurion and Healer","floor":29,"turns":3},{"damage":16,"enemies":"Champ","floor":33,"turns":7},{"damage":4,"enemies":"3 Shapes","floor":35,"turns":3},{"damage":0,"enemies":"Orb Walker","floor":36,"turns":3},{"damage":20,"enemies":"2 Orb Walkers","floor":38,"turns":4},{"damage":10,"enemies":"Giant Head","floor":41,"turns":7},{"damage":1,"enemies":"Spire Growth","floor":47,"turns":3},{"damage":0,"enemies":"Transient","floor":48,"turns":5},{"damage":45,"enemies":"Awakened One","floor":50,"turns":6}],"seed_played":"161895615602825767","potions_obtained":[{"floor":5.0,"key":"LiquidBronze"},{"floor":6,"key":"Regen Potion"},{"floor":12,"key":"Poison Potion"},{"floor":13,"key":"FearPotion"},{"floor":18,"key":"Energy Potion"},{"floor":25,"key":"GamblersBrew"},{"floor":27,"key":"Regen Potion"},{"floor":28,"key":"Weak Potion"},{"floor":29,"key":"Regen Potion"},{"floor":35,"key":"SpeedPotion"}],"is_trial":false,"path_per_floor":["M","?","M","?","M","E","R","$","T","E","R","M","E","?","R","B",null,"M","?","?","$","M","E","R","E","T","E","M","M","$","?","R","B",null,"M","M","?","?","?","R","E","$","T","R","?","T","M","M","R","B"],"character_chosen":"DEFECT","items_purchased":["Vajra","Capacitor","Self Repair","Bag of Preparation","Pear","SkillPotion","Conserve Battery"],"campfire_rested":3,"item_purchase_floors":[8,8,21,21,42,42,42],"current_hp_per_floor":[75,64,64,64,64,34,56,56,56,30,52,40,19,10,32,15,75,53,47,72,72,75,65,65,72,72,54,60,69,69,69,69,53,75,75,75,75,55,55,55,45,45,45,45,45,45,44,44,44,0],"gold":29,"neow_bonus":"THREE_ENEMY_KILL","is_prod":false,"is_daily":false,"chose_seed":false,"campfire_upgraded":5,"win_rate":0,"timestamp":1549198515,"path_taken":["M","?","M","?","M","E","R","$","T","E","R","M","E","?","R","BOSS","M","?","?","$","M","E","R","E","T","E","?","M","$","?","R","BOSS","M","M","?","?","?","R","E","$","T","R","?","?","M","M","R","BOSS"],"build_version":"2019-01-23","purchased_purges":0,"victory":false,"max_hp_per_floor":[75,75,75,75,75,75,75,75,75,75,75,75,75,75,75,75,75,75,75,75,75,75,75,75,75,75,75,75,75,75,75,75,75,75,75,75,75,75,75,75,75,85,85,85,85,85,85,85,85,85],"card_choices":[{"not_picked":["Cold Snap","Rebound"],"picked":"Loop","floor":1.0},{"not_picked":["Turbo","Redo"],"picked":"BootSequence","floor":3.0},{"not_picked":["Force Field","Skim"],"picked":"Turbo","floor":5.0},{"not_picked":["Sweeping Beam","Darkness"],"picked":"Creative AI","floor":6},{"not_picked":["Hello World","Conserve Battery"],"picked":"Skim","floor":10},{"not_picked":["Barrage","Streamline"],"picked":"Ball Lightning","floor":12},{"not_picked":["Go for the Eyes","Cold Snap"],"picked":"Hello World","floor":13},{"not_picked":["Rip and Tear","Heatsinks"],"picked":"Undo","floor":14},{"not_picked":["Hyperbeam","Reboot"],"picked":"Electrodynamics","floor":16},{"not_picked":["Turbo","Steam"],"picked":"Lockon+1","floor":18},{"not_picked":["Force Field","Ball Lightning"],"picked":"Rebound","floor":22},{"not_picked":["Beam Cell+1","Ball Lightning"],"picked":"Leap","floor":23},{"not_picked":["Rainbow","Skim"],"picked":"BootSequence+1","floor":25},{"not_picked":["Coolheaded","Rebound"],"picked":"Force Field+1","floor":27},{"not_picked":["Turbo","Redo"],"picked":"Leap+1","floor":28},{"not_picked":["Undo","Reinforced Body"],"picked":"Ball Lightning+1","floor":28},{"not_picked":["Blizzard+1","Cold Snap"],"picked":"Streamline","floor":29},{"not_picked":["Steam Power+1","Rebound","Coolheaded+1"],"picked":"SKIP","floor":29},{"not_picked":["Hyperbeam","Core Surge"],"picked":"Echo Form","floor":33},{"not_picked":["Cold Snap+1","Compile Driver+1"],"picked":"Streamline+1","floor":35},{"not_picked":["Streamline+1","Self Repair+1"],"picked":"Barrage+1","floor":35},{"not_picked":["Darkness+1","Cold Snap+1"],"picked":"Leap+1","floor":36},{"not_picked":["Lockon+1","Genetic Algorithm+1","Compile Driver+1"],"picked":"SKIP","floor":36},{"not_picked":["Compile Driver+1","Beam Cell+1"],"picked":"Gash+1","floor":38},{"not_picked":["Panacea","The Bomb"],"picked":"Mayhem","floor":39},{"not_picked":["Lockon+1","Beam Cell+1"],"picked":"Cold Snap+1","floor":41},{"not_picked":["Cold Snap+1","Tempest+1"],"picked":"Consume","floor":47},{"not_picked":["Scrape+1","Streamline+1"],"picked":"Force Field","floor":47},{"not_picked":["Ball Lightning+1","Rebound+1"],"picked":"Static Discharge+1","floor":48},{"not_picked":["Gash+1","Compile Driver+1","Coolheaded+1"],"picked":"SKIP","floor":48}],"player_experience":230892,"relics_obtained":[{"floor":6,"key":"Pocketwatch"},{"floor":9,"key":"Incense Burner"},{"floor":10,"key":"Mummified Hand"},{"floor":13,"key":"Mercury Hourglass"},{"floor":14,"key":"Odd Mushroom"},{"floor":23,"key":"Shuriken"},{"floor":25,"key":"Omamori"},{"floor":26,"key":"Torii"},{"floor":27,"key":"Prayer Wheel"},{"floor":34,"key":"Art of War"},{"floor":34,"key":"Molten Egg 2"},{"floor":34,"key":"Thread and Needle"},{"floor":38,"key":"Nunchaku"},{"floor":41,"key":"Lantern"},{"floor":43,"key":"DataDisk"},{"floor":46,"key":"PreservedInsect"}],"event_choices":[{"damage_healed":0.0,"max_hp_gain":0.0,"max_hp_loss":0.0,"gold_gain":75.0,"event_name":"World of Goop","player_choice":"Gather Gold","floor":2.0,"gold_loss":0.0,"damage_taken":11.0},{"damage_healed":0.0,"max_hp_gain":0.0,"max_hp_loss":0.0,"gold_gain":0.0,"event_name":"Living Wall","player_choice":"Grow","floor":4.0,"gold_loss":0.0,"damage_taken":0.0,"cards_upgraded":["Loop"]},{"damage_healed":0,"gold_gain":0,"player_choice":"Fought Mushrooms","damage_taken":0,"max_hp_gain":0,"max_hp_loss":0,"event_name":"Mushrooms","floor":14,"gold_loss":0},{"damage_healed":0,"gold_gain":0,"player_choice":"Joined the Cult","damage_taken":6,"max_hp_gain":0,"max_hp_loss":0,"event_name":"Nest","floor":19,"gold_loss":0,"cards_obtained":["RitualDagger"]},{"damage_healed":25,"gold_gain":0,"player_choice":"Heal","damage_taken":0,"max_hp_gain":0,"max_hp_loss":0,"event_name":"The Library","floor":20,"gold_loss":0},{"damage_healed":0,"gold_gain":0,"player_choice":"Opened","damage_taken":0,"relics_obtained":["Bronze Scales"],"max_hp_gain":0,"max_hp_loss":0,"event_name":"The Mausoleum","floor":31,"gold_loss":0,"cards_obtained":["Writhe"]},{"damage_healed":0,"gold_gain":0,"player_choice":"Upgrade","damage_taken":0,"relics_obtained":["Mark of the Bloom"],"max_hp_gain":0,"max_hp_loss":0,"event_name":"MindBloom","floor":37,"gold_loss":0,"cards_upgraded":["Zap","Dualcast","BootSequence","Turbo","Creative AI","Capacitor","Skim","Ball Lightning","Hello World","Undo","Go for the Eyes","Sweeping Beam","FTL","Consume","Aggregate","Go for the Eyes","Hello World","RitualDagger","Self Repair","Rebound","Leap","Streamline","Echo Form"]},{"damage_healed":0,"gold_gain":0,"player_choice":"Fight","damage_taken":0,"max_hp_gain":0,"max_hp_loss":0,"event_name":"Mysterious Sphere","floor":38,"gold_loss":0},{"damage_healed":0,"gold_gain":0,"player_choice":"Memory 1","damage_taken":0,"max_hp_gain":0,"max_hp_loss":0,"event_name":"SensoryStone","floor":39,"gold_loss":0},{"damage_healed":0,"gold_gain":0,"player_choice":"Paid","damage_taken":0,"relics_obtained":["Red Mask"],"max_hp_gain":0,"max_hp_loss":0,"event_name":"Tomb of Lord Red Mask","floor":45,"gold_loss":31}],"is_beta":false,"boss_relics":[{"not_picked":["Runic Pyramid","White Beast Statue"],"picked":"Pandora\u0027s Box"},{"not_picked":["Busted Crown","Eternal Feather"],"picked":"Calling Bell"}],"items_purged_floors":[],"is_endless":false,"potions_floor_spawned":[5,6,12,13,18,25,27,28,29,35,38],"killed_by":"Awakened One","ascension_level":2}