{"gold_per_floor":[114,131,131,80,133,149,149,165,165,179,179,209,219,219,219,219],"floor_reached":16,"playtime":1877,"items_purged":[],"score":92,"play_id":"35d41938-9360-4f83-b92b-61e20bd1a345","local_time":"20181227230448","is_ascension_mode":false,"campfire_choices":[{"floor":7,"key":"REST"},{"floor":11,"key":"REST"},{"data":"Anger","floor":15,"key":"SMITH"}],"neow_cost":"PERCENT_DAMAGE","seed_source_timestamp":381439513337698,"circlet_count":0,"master_deck":["Strike_R","Strike_R","Strike_R","Strike_R","Strike_R","Defend_R","Defend_R","Defend_R","Defend_R","Bash","Panache","Impatience","Searing Blow","Whirlwind","Sword Boomerang","Second Wind","Anger+1","Iron Wave","Flame Barrier"],"relics":["Burning Blood","Dream Catcher"],"potions_floor_usage":[10,16,16],"damage_taken":[{"damage":6,"enemies":"Cultist","floor":1,"turns":5},{"damage":0,"enemies":"Small Slimes","floor":2,"turns":3},{"damage":17,"enemies":"Jaw Worm","floor":6,"turns":5},{"damage":40,"enemies":"Large Slime","floor":8,"turns":7},{"damage":3,"enemies":"2 Fungi Beasts","floor":10,"turns":4},{"damage":6,"enemies":"Red Slaver","floor":13,"turns":3},{"damage":83,"enemies":"Hexaghost","floor":16,"turns":11}],"seed_played":"2745325527181791437","potions_obtained":[{"floor":2,"key":"SpeedPotion"},{"floor":8,"key":"BloodPotion"}],"is_trial":false,"path_per_floor":["M","M","?","$","?","M","R","M","T","M","R","?","M","?","R","B"],"character_chosen":"IRONCLAD","items_purchased":["SteroidPotion"],"campfire_rested":2,"item_purchase_floors":[4],"current_hp_per_floor":[56,62,62,62,62,51,75,41,41,52,76,76,76,80,80,0],"gold":219,"neow_bonus":"RANDOM_COLORLESS_2","is_prod":false,"is_daily":false,"chose_seed":false,"campfire_upgraded":1,"win_rate":0.0,"timestamp":1545912288,"path_taken":["M","M","?","$","?","M","R","M","T","M","R","?","?","?","R","BOSS"],"build_version":"2018-12-20","purchased_purges":0,"victory":false,"max_hp_per_floor":[80,80,80,80,80,80,80,80,80,80,80,80,80,80,80,80],"card_choices":[{"not_picked":["Sword Boomerang","True Grit"],"picked":"Searing Blow","floor":1},{"not_picked":["Cleave","Battle Trance"],"picked":"Whirlwind","floor":2},{"not_picked":["Perfected Strike","Hemokinesis"],"picked":"Sword Boomerang","floor":6},{"not_picked":["Thunderclap","Twin Strike"],"picked":"Second Wind","floor":8},{"not_picked":["Thunderclap","Cleave"],"picked":"Anger","floor":10},{"not_picked":["Seeing Red","Sever Soul"],"picked":"Iron Wave","floor":11},{"not_picked":["Hemokinesis","Dropkick"],"picked":"Flame Barrier","floor":13}],"player_experience":3513,"relics_obtained":[{"floor":9,"key":"Dream Catcher"}],"event_choices":[{"damage_healed":0,"gold_gain":0,"player_choice":"Ignored","damage_taken":0,"max_hp_gain":0,"max_hp_loss":0,"event_name":"Shining Light","floor":3,"gold_loss":0},{"damage_healed":0,"gold_gain":53,"player_choice":"Gained Gold","damage_taken":0,"max_hp_gain":0,"max_hp_loss":0,"event_name":"Golden Wing","floor":5,"gold_loss":0},{"damage_healed":0,"gold_gain":30,"player_choice":"Searched \u00271\u0027 times","damage_taken":0,"max_hp_gain":0,"max_hp_loss":0,"event_name":"Dead Adventurer","floor":12,"gold_loss":0},{"damage_healed":26,"gold_gain":0,"player_choice":"Banana","damage_taken":0,"max_hp_gain":0,"max_hp_loss":0,"event_name":"Big Fish","floor":14,"gold_loss":0}],"is_beta":false,"boss_relics":[],"items_purged_floors":[],"is_endless":false,"potions_floor_spawned":[2,8],"killed_by":"Hexaghost","ascension_level":0}