{"gold_per_floor":[117,132,82,82,48,48,82,94,106,118,143,165,177,204,216,330,342,365,377,389,415,427,439,461,473,485,497,15,15,27,37,37,137,137,150,150,167,167,15,15,48,48,73,73,73,90,90,90,90,90],"floor_reached":51,"playtime":27730,"items_purged":["Defend_G"],"score":833,"play_id":"86588275-5ef0-4eed-9eeb-8ef0c3cc48cc","local_time":"20190408235656","is_ascension_mode":true,"campfire_choices":[{"data":"Crippling Poison","floor":6.0,"key":"SMITH"},{"floor":8.0,"key":"REST"},{"data":"Backstab","floor":10.0,"key":"SMITH"},{"data":"Setup","floor":13.0,"key":"SMITH"},{"floor":15.0,"key":"REST"},{"floor":23.0,"key":"REST"},{"data":"After Image","floor":25.0,"key":"SMITH"},{"floor":27.0,"key":"REST"},{"data":"Accuracy","floor":32.0,"key":"SMITH"},{"data":"Bane","floor":40.0,"key":"SMITH"},{"data":"Die Die Die","floor":44.0,"key":"SMITH"},{"floor":47.0,"key":"REST"},{"data":"Bane","floor":49.0,"key":"SMITH"}],"neow_cost":"NONE","seed_source_timestamp":0,"circlet_count":0,"master_deck":["Defend_G","Defend_G","Strike_G+1","Strike_G","Strike_G","Survivor","Neutralize","Crippling Poison+1","Terror+1","Backflip","Accuracy+1","Backstab+1","Blade Dance","Setup+1","Quick Slash","After Image+1","Blade Dance","Corpse Explosion","Cloak And Dagger","Bane+1","Dash","Mayhem+1","Dagger Throw","Grand Finale","Masterful Stab","Blade Dance","Bane+1","Die Die Die+1","Footwork+1","Writhe","Quick Slash","Cloak And Dagger","Deflect","Madness","Bandage Up"],"special_seed":0,"relics":["Ring of the Snake","MawBank","Juzu Bracelet","Runic Pyramid","FaceOfCleric","Frozen Egg 2","Happy Flower","Busted Crown","Blood Vial","Du-Vu Doll","Omamori"],"potions_floor_usage":[],"damage_taken":[{"damage":0.0,"enemies":"Cultist","floor":1.0,"turns":5.0},{"damage":5.0,"enemies":"Jaw Worm","floor":2.0,"turns":5.0},{"damage":26.0,"enemies":"Lagavulin","floor":7.0,"turns":8.0},{"damage":0.0,"enemies":"2 Louse","floor":11.0,"turns":1.0},{"damage":0.0,"enemies":"2 Fungi Beasts","floor":12.0,"turns":2.0},{"damage":4.0,"enemies":"Lots of Slimes","floor":14.0,"turns":3.0},{"damage":46.0,"enemies":"The Guardian","floor":16.0,"turns":16.0},{"damage":2.0,"enemies":"Spheric Guardian","floor":18.0,"turns":5.0},{"damage":18.0,"enemies":"3 Byrds","floor":21.0,"turns":3.0},{"damage":25.0,"enemies":"Snake Plant","floor":24.0,"turns":4.0},{"damage":7.0,"enemies":"Sentry and Sphere","floor":30.0,"turns":4.0},{"damage":17.0,"enemies":"Shelled Parasite and Fungi","floor":31.0,"turns":5.0},{"damage":32.0,"enemies":"Automaton","floor":33.0,"turns":7.0},{"damage":0.0,"enemies":"Orb Walker","floor":35.0,"turns":3.0},{"damage":6.0,"enemies":"3 Shapes","floor":37.0,"turns":5.0},{"damage":22.0,"enemies":"Reptomancer","floor":41.0,"turns":5.0},{"damage":10.0,"enemies":"Jaw Worm Horde","floor":46.0,"turns":2.0},{"damage":64,"enemies":"Donu and Deca","floor":50,"turns":6}],"seed_played":"-4559470633625892085","potions_obtained":[{"floor":1.0,"key":"Swift Potion"},{"floor":2.0,"key":"Swift Potion"},{"floor":7.0,"key":"Poison Potion"},{"floor":16.0,"key":"SkillPotion"},{"floor":18.0,"key":"Strength Potion"},{"floor":24.0,"key":"Poison Potion"},{"floor":31.0,"key":"EntropicBrew"},{"floor":33.0,"key":"SteroidPotion"},{"floor":37.0,"key":"EssenceOfSteel"},{"floor":41.0,"key":"EssenceOfSteel"}],"is_trial":false,"path_per_floor":["M","M","?","?","$","R","E","R","T","R","M","M","R","M","R","B",null,"M","?","?","M","?","R","M","R","T","R","$","?","M","M","R","B",null,"M","?","M","?","$","R","E","$","T","R","?","M","R","?","R","B",null],"character_chosen":"THE_SILENT","items_purchased":["Accuracy","Happy Flower","Dash","Mayhem+1","Dagger Throw","Blood Vial"],"campfire_rested":5,"item_purchase_floors":[5,28,28,28,28,39],"current_hp_per_floor":[70,65,65,51,51,51,25,46,46,46,46,46,46,42,63,17,57,55,55,55,37,37,58,34,34,34,55,55,55,49,33,33,2,56,57,75,70,70,70,70,51,51,51,51,51,44,67,62,62,5],"gold":90,"neow_bonus":"THREE_CARDS","is_prod":false,"is_daily":false,"chose_seed":false,"campfire_upgraded":8,"win_rate":0,"timestamp":1554731816,"path_taken":["M","M","?","?","$","R","E","R","T","R","M","M","R","M","R","BOSS","M","?","?","M","?","R","M","R","T","R","?","?","M","M","R","BOSS","M","?","M","?","?","R","E","$","T","R","?","M","R","?","R","BOSS"],"build_version":"2019-01-23","purchased_purges":1,"victory":true,"max_hp_per_floor":[70,70,70,70,70,70,70,70,70,70,70,70,70,70,70,70,70,70,70,70,70,70,70,71,71,71,71,71,71,72,73,73,74,74,75,75,76,76,76,76,77,77,77,77,77,78,78,78,78,79],"card_choices":[{"not_picked":["Backstab","PiercingWail"],"picked":"Crippling Poison","floor":0.0},{"not_picked":["Poisoned Stab","Dodge and Roll"],"picked":"Terror","floor":1.0},{"not_picked":["PiercingWail","Quick Slash"],"picked":"Backflip","floor":2.0},{"not_picked":["Poisoned Stab","Riddle With Holes"],"picked":"Backstab","floor":7.0},{"not_picked":["Poisoned Stab","Acrobatics"],"picked":"Blade Dance","floor":11.0},{"not_picked":["Prepared","Concentrate"],"picked":"Setup","floor":12.0},{"not_picked":["Dodge and Roll","Blur"],"picked":"Quick Slash","floor":14.0},{"not_picked":["Glass Knife","Phantasmal Killer"],"picked":"After Image","floor":16.0},{"not_picked":["Backflip","Deadly Poison"],"picked":"Blade Dance","floor":18.0},{"not_picked":["Acrobatics","Quick Slash"],"picked":"Cloak And Dagger","floor":21.0},{"not_picked":["Choke","Outmaneuver"],"picked":"Bane","floor":24.0},{"not_picked":["Well Laid Plans+1","Malaise"],"picked":"Blade Dance","floor":30.0},{"not_picked":["Finisher+1","Prepared"],"picked":"Bane","floor":31.0},{"not_picked":["Grand Finale","Venomology"],"picked":"Die Die Die","floor":33.0},{"not_picked":[],"picked":"Footwork+1","floor":35.0},{"not_picked":[],"picked":"Quick Slash","floor":37.0},{"not_picked":[],"picked":"Cloak And Dagger","floor":41.0},{"not_picked":[],"picked":"Deflect","floor":46.0},{"not_picked":[],"picked":"Madness","floor":48.0},{"not_picked":[],"picked":"Bandage Up","floor":48.0}],"player_experience":1210805,"relics_obtained":[{"floor":7.0,"key":"MawBank"},{"floor":9.0,"key":"Juzu Bracelet"},{"floor":26.0,"key":"Frozen Egg 2"},{"floor":41.0,"key":"Du-Vu Doll"},{"floor":43.0,"key":"Omamori"}],"event_choices":[{"cards_removed":["Strike_G"],"damage_healed":0.0,"max_hp_gain":0.0,"max_hp_loss":0.0,"gold_gain":0.0,"event_name":"The Cleric","player_choice":"Card Removal","floor":3.0,"gold_loss":50.0,"damage_taken":0.0},{"damage_healed":0.0,"max_hp_gain":0.0,"max_hp_loss":0.0,"gold_gain":0.0,"event_name":"Shining Light","player_choice":"Entered Light","floor":4.0,"gold_loss":0.0,"damage_taken":14.0,"cards_upgraded":["Strike_G","Terror"]},{"damage_healed":0.0,"max_hp_gain":0.0,"max_hp_loss":0.0,"gold_gain":0.0,"event_name":"The Library","player_choice":"Read","floor":19.0,"gold_loss":0.0,"damage_taken":0.0,"cards_obtained":["Corpse Explosion"]},{"cards_removed":["Defend_G"],"damage_healed":0.0,"max_hp_gain":0.0,"max_hp_loss":0.0,"gold_gain":0.0,"event_name":"Bonfire Elementals","player_choice":"Offered Basic","floor":20.0,"gold_loss":0.0,"damage_taken":0.0},{"damage_healed":0.0,"max_hp_gain":0.0,"max_hp_loss":0.0,"gold_gain":0.0,"event_name":"FaceTrader","player_choice":"Trade","floor":22.0,"gold_loss":0.0,"damage_taken":0.0,"relics_obtained":["FaceOfCleric"]},{"damage_healed":0.0,"max_hp_gain":0.0,"max_hp_loss":0.0,"gold_gain":0.0,"cards_transformed":["Defend_G","Strike_G"],"event_name":"Drug Dealer","player_choice":"Became Test Subject","floor":29.0,"gold_loss":0.0,"damage_taken":0.0,"cards_obtained":["Grand Finale","Masterful Stab"]},{"damage_healed":19.0,"max_hp_gain":0.0,"max_hp_loss":0.0,"gold_gain":0.0,"event_name":"Winding Halls","player_choice":"Writhe","floor":36.0,"gold_loss":0.0,"damage_taken":0.0,"cards_obtained":["Writhe"]},{"damage_healed":0.0,"max_hp_gain":0.0,"max_hp_loss":0.0,"gold_gain":0.0,"event_name":"Tomb of Lord Red Mask","player_choice":"Ignored","floor":38.0,"gold_loss":0.0,"damage_taken":0.0},{"damage_healed":0.0,"max_hp_gain":0.0,"max_hp_loss":0.0,"gold_gain":0.0,"event_name":"Mysterious Sphere","player_choice":"Ignored","floor":45.0,"gold_loss":0.0,"damage_taken":0.0},{"damage_healed":0.0,"max_hp_gain":0.0,"max_hp_loss":0.0,"gold_gain":0.0,"event_name":"SensoryStone","player_choice":"Memory 2","floor":48.0,"gold_loss":0.0,"damage_taken":5.0}],"is_beta":false,"boss_relics":[{"not_picked":["HoveringKite","Eternal Feather"],"picked":"Runic Pyramid"},{"not_picked":["Philosopher\u0027s Stone","Snecko Eye"],"picked":"Busted Crown"}],"items_purged_floors":[28],"is_endless":false,"potions_floor_spawned":[1,2,7,16,18,24,31,33,37,41],"ascension_level":5}