{"gold_per_floor":[110,110,410,422,441,469,485,485,485,485,520,520,520,535,535,614,614,589,589,600,600],"floor_reached":21,"playtime":691,"items_purged":[],"score":350,"play_id":"8c58ab0d-e007-4640-81a3-e1fec00a8684","local_time":"20190605205117","is_ascension_mode":true,"campfire_choices":[{"floor":8.0,"key":"REST"},{"data":"Go for the Eyes","floor":10.0,"key":"SMITH"},{"floor":13.0,"key":"REST"},{"floor":15.0,"key":"REST"}],"neow_cost":"NONE","seed_source_timestamp":33212471271446,"circlet_count":0,"master_deck":["AscendersBane","Strike_B","Strike_B","Strike_B","Defend_B","Defend_B","Defend_B","Defend_B","Zap","Dualcast","Rip and Tear","Darkness","Hologram","Go for the Eyes+1","Rip and Tear","Fusion","Meteor Strike","FTL","Ghostly","Ghostly","Ghostly","Leap"],"special_seed":0,"relics":["Sozu","Old Coin","Kunai","Bottled Flame","Art of War","Black Star"],"potions_floor_usage":[],"damage_taken":[{"damage":9.0,"enemies":"Jaw Worm","floor":1.0,"turns":4.0},{"damage":8.0,"enemies":"2 Louse","floor":4.0,"turns":3.0},{"damage":0.0,"enemies":"Cultist","floor":5.0,"turns":3.0},{"damage":25.0,"enemies":"3 Sentries","floor":6.0,"turns":7.0},{"damage":1.0,"enemies":"Looter","floor":7.0,"turns":3.0},{"damage":22.0,"enemies":"Gremlin Nob","floor":11.0,"turns":4.0},{"damage":4.0,"enemies":"Red Slaver","floor":14.0,"turns":3.0},{"damage":32.0,"enemies":"Slime Boss","floor":16.0,"turns":10.0},{"damage":21.0,"enemies":"2 Thieves","floor":18.0,"turns":4.0},{"damage":31.0,"enemies":"Shell Parasite","floor":20.0,"turns":7.0},{"damage":8,"enemies":"Snake Plant","floor":21,"turns":5}],"seed_played":"-5566720677177574579","potions_obtained":[],"is_trial":false,"path_per_floor":["M","?","?","M","M","E","M","R","T","R","E","?","R","M","R","B",null,"M","?","M","M"],"character_chosen":"DEFECT","items_purchased":[],"campfire_rested":3,"item_purchase_floors":[],"current_hp_per_floor":[55,48,37,29,29,4,3,24,24,24,2,2,23,19,40,8,55,34,34,3,0],"gold":600,"neow_bonus":"BOSS_RELIC","is_prod":false,"is_daily":false,"chose_seed":false,"campfire_upgraded":1,"win_rate":0,"timestamp":1559789477,"path_taken":["M","?","?","M","M","E","M","R","T","R","E","?","R","M","R","BOSS","M","?","M","M"],"build_version":"2019-01-23","purchased_purges":0,"victory":false,"max_hp_per_floor":[71,71,71,71,71,71,71,71,71,71,71,71,71,71,71,71,71,71,35,35,35],"card_choices":[{"not_picked":["Chill","Stack"],"picked":"Rip and Tear","floor":1.0},{"not_picked":["Genetic Algorithm","Stack"],"picked":"Darkness","floor":4.0},{"not_picked":["Blizzard","Turbo"],"picked":"Hologram","floor":5.0},{"not_picked":["Beam Cell","Redo"],"picked":"Go for the Eyes","floor":6.0},{"not_picked":["Skim","Beam Cell"],"picked":"Rip and Tear","floor":7.0},{"not_picked":["Streamline","Storm"],"picked":"Fusion","floor":11.0},{"not_picked":["Fusion","Heatsinks","Chaos"],"picked":"SKIP","floor":14.0},{"not_picked":["Amplify","Hyperbeam"],"picked":"Meteor Strike","floor":16.0},{"not_picked":["Steam Power+1","Rebound"],"picked":"FTL","floor":18.0},{"not_picked":["Rebound","Chaos"],"picked":"Leap","floor":20.0}],"player_experience":940644,"relics_obtained":[{"floor":6.0,"key":"Kunai"},{"floor":9.0,"key":"Bottled Flame"},{"floor":11.0,"key":"Art of War"}],"event_choices":[{"cards_removed":["Strike_B"],"damage_healed":0.0,"max_hp_gain":0.0,"max_hp_loss":0.0,"gold_gain":0.0,"event_name":"Golden Wing","player_choice":"Card Removal","floor":2.0,"gold_loss":0.0,"damage_taken":7.0},{"damage_healed":0.0,"max_hp_gain":0.0,"max_hp_loss":0.0,"gold_gain":0.0,"event_name":"Scrap Ooze","player_choice":"Success","floor":3.0,"gold_loss":0.0,"damage_taken":11.0,"relics_obtained":["Old Coin"]},{"damage_healed":0.0,"max_hp_gain":0.0,"max_hp_loss":0.0,"gold_gain":0.0,"event_name":"Shining Light","player_choice":"Ignored","floor":12.0,"gold_loss":0.0,"damage_taken":0.0},{"damage_healed":0.0,"max_hp_gain":0.0,"max_hp_loss":36.0,"gold_gain":0.0,"event_name":"Ghosts","player_choice":"Became a Ghost","floor":19.0,"gold_loss":0.0,"damage_taken":0.0,"cards_obtained":["Ghostly","Ghostly","Ghostly"]}],"is_beta":false,"boss_relics":[{"not_picked":["Coffee Dripper","Lizard Tail"],"picked":"Black Star"}],"items_purged_floors":[],"is_endless":false,"potions_floor_spawned":[1,4,6,11,18],"killed_by":"Snake Plant","ascension_level":17}