{"gold_per_floor":[115,135,135,135,160,160,175,175],"floor_reached":8,"playtime":1034,"items_purged":[],"score":62,"play_id":"bdb061c1-fba9-48ce-869a-a6ba91fb89aa","local_time":"20190507233920","is_ascension_mode":true,"campfire_choices":[{"data":"Defragment","floor":6.0,"key":"SMITH"}],"neow_cost":"CURSE","seed_source_timestamp":515245727646020,"circlet_count":0,"master_deck":["Strike_B","Strike_B","Strike_B","Strike_B","Defend_B","Defend_B","Defend_B","Defend_B","Zap","Dualcast","Discovery","Enlightenment","Clumsy","Force Field","Fusion","Defragment+1","Conserve Battery"],"special_seed":0,"relics":["Cracked Core","Golden Idol"],"potions_floor_usage":[8],"damage_taken":[{"damage":8.0,"enemies":"2 Louse","floor":1.0,"turns":3.0},{"damage":2.0,"enemies":"Jaw Worm","floor":2.0,"turns":3.0},{"damage":0.0,"enemies":"Cultist","floor":5.0,"turns":4.0},{"damage":10.0,"enemies":"Gremlin Gang","floor":7.0,"turns":5.0},{"damage":46,"enemies":"Gremlin Nob","floor":8,"turns":4}],"seed_played":"7556619415675604614","potions_obtained":[{"floor":2.0,"key":"FearPotion"}],"is_trial":false,"path_per_floor":["M","M","?","?","M","R","M","E"],"character_chosen":"DEFECT","items_purchased":[],"campfire_rested":0,"item_purchase_floors":[],"current_hp_per_floor":[60,58,58,51,51,51,41,0],"gold":175,"neow_bonus":"RANDOM_COLORLESS_2","is_prod":false,"is_daily":false,"chose_seed":false,"campfire_upgraded":1,"win_rate":0,"timestamp":1557236360,"path_taken":["M","M","?","?","M","R","M","E"],"build_version":"2019-01-23","purchased_purges":0,"victory":false,"max_hp_per_floor":[75,75,75,75,75,75,75,75],"card_choices":[{"not_picked":["Hologram","Recycle"],"picked":"Force Field","floor":1.0},{"not_picked":["Sweeping Beam","Compile Driver"],"picked":"Fusion","floor":2.0},{"not_picked":["Gash","Sunder"],"picked":"Defragment","floor":5.0},{"not_picked":["Auto Shields","Hologram"],"picked":"Conserve Battery","floor":7.0}],"player_experience":1691448,"relics_obtained":[],"event_choices":[{"damage_healed":0.0,"max_hp_gain":0.0,"max_hp_loss":0.0,"gold_gain":0.0,"event_name":"Golden Idol","player_choice":"Take Wound","floor":3.0,"gold_loss":0.0,"damage_taken":0.0,"relics_obtained":["Golden Idol"],"cards_obtained":["Injury"]},{"cards_removed":["Injury"],"damage_healed":0.0,"max_hp_gain":0.0,"max_hp_loss":0.0,"gold_gain":0.0,"event_name":"Golden Wing","player_choice":"Card Removal","floor":4.0,"gold_loss":0.0,"damage_taken":7.0}],"is_beta":false,"boss_relics":[],"items_purged_floors":[],"is_endless":false,"potions_floor_spawned":[2],"killed_by":"Gremlin Nob","ascension_level":6}