{"gold_per_floor":[109,109,34,34,54,54,54,54,54,72,116,13,13,44,44,163,163,187,211,2,21,45,45],"floor_reached":23,"playtime":4024,"items_purged":["Doubt","Injury"],"score":199,"play_id":"5f20f6d8-7171-47a7-8cc2-d954639fd262","local_time":"20190108001727","is_ascension_mode":false,"campfire_choices":[{"data":"Jack Of All Trades","floor":6,"key":"SMITH"},{"floor":13,"key":"REST"},{"floor":15,"key":"REST"}],"neow_cost":"CURSE","seed_source_timestamp":0,"circlet_count":0,"master_deck":["Defend_G","Defend_G","Defend_G","Defend_G","Defend_G","Strike_G","Strike_G","Strike_G","Strike_G","Strike_G","Survivor","Neutralize","Bandage Up+1","Jack Of All Trades+1","Bane","Terror","Decay","Slice","Choke","Blade Dance","Dash","Endless Agony","Corpse Explosion","Acrobatics","Deadly Poison+1","Well Laid Plans","Bouncing Flask","Dagger Throw","Catalyst"],"special_seed":0,"relics":["Ring of the Snake","Golden Idol","Sundial","Shuriken","Dodecahedron","Cursed Key"],"potions_floor_usage":[11,14,21,23],"damage_taken":[{"damage":16.0,"enemies":"Jaw Worm","floor":1.0,"turns":9.0},{"damage":0,"enemies":"2 Louse","floor":5,"turns":3},{"damage":2,"enemies":"Small Slimes","floor":10,"turns":5},{"damage":28,"enemies":"Gremlin Nob","floor":11,"turns":4},{"damage":24,"enemies":"3 Sentries","floor":14,"turns":8},{"damage":59,"enemies":"The Guardian","floor":16,"turns":10},{"damage":3,"enemies":"Shell Parasite","floor":18,"turns":5},{"damage":0,"enemies":"Chosen","floor":19,"turns":3},{"damage":16,"enemies":"Snecko","floor":21,"turns":5},{"damage":18,"enemies":"Sentry and Sphere","floor":22,"turns":5},{"damage":65,"enemies":"Gremlin Leader","floor":23,"turns":6}],"seed_played":"-7332160125772537493","potions_obtained":[{"floor":1.0,"key":"Strength Potion"},{"floor":5,"key":"Explosive Potion"},{"floor":16,"key":"Weak Potion"},{"floor":19,"key":"Dexterity Potion"},{"floor":21,"key":"FearPotion"}],"is_trial":false,"path_per_floor":["M","?","$","?","M","R","?","?","T","M","E","$","R","E","R","B",null,"M","M","$","M","M","E"],"character_chosen":"THE_SILENT","items_purchased":["Blade Dance","Dash","Well Laid Plans","Bouncing Flask"],"campfire_rested":2,"item_purchase_floors":[12,12,20,20],"current_hp_per_floor":[58,58,58,63,67,67,67,67,67,71,43,43,65,47,69,16,75,72,75,75,65,53,0],"gold":45,"neow_bonus":"RANDOM_COLORLESS_2","is_prod":false,"is_daily":false,"chose_seed":false,"campfire_upgraded":1,"win_rate":0.0,"timestamp":1546867047,"path_taken":["M","?","$","?","M","R","?","?","T","M","E","$","R","E","R","BOSS","M","M","$","?","?","E"],"build_version":"2019-01-03v4","purchased_purges":2,"victory":false,"max_hp_per_floor":[70,70,70,75,75,75,75,75,75,75,75,75,75,75,75,75,75,75,75,75,75,75,75],"card_choices":[{"not_picked":["Sucker Punch","Blur"],"picked":"Bane","floor":1.0},{"not_picked":["Bane","Sucker Punch"],"picked":"Terror","floor":5},{"not_picked":["Sucker Punch","Distraction"],"picked":"Slice","floor":10},{"not_picked":["Expertise","PiercingWail"],"picked":"Choke","floor":11},{"not_picked":["Slice","Reflex"],"picked":"Endless Agony","floor":14},{"not_picked":["A Thousand Cuts","Die Die Die"],"picked":"Corpse Explosion","floor":16},{"not_picked":["Expertise","Deflect"],"picked":"Acrobatics","floor":18},{"not_picked":["Escape Plan","Crippling Poison"],"picked":"Deadly Poison+1","floor":19},{"not_picked":["Blade Dance","Outmaneuver"],"picked":"Dagger Throw","floor":21},{"not_picked":["Backflip","Dash"],"picked":"Catalyst","floor":22}],"player_experience":94767,"relics_obtained":[{"floor":9,"key":"Sundial"},{"floor":11,"key":"Shuriken"},{"floor":14,"key":"Dodecahedron"}],"event_choices":[{"damage_healed":0.0,"max_hp_gain":0.0,"max_hp_loss":0.0,"gold_gain":0.0,"event_name":"Golden Idol","player_choice":"Take Wound","floor":2.0,"gold_loss":0.0,"damage_taken":0.0,"relics_obtained":["Golden Idol"],"cards_obtained":["Injury"]},{"damage_healed":0,"gold_gain":0,"player_choice":"Donut","damage_taken":0,"max_hp_gain":5,"max_hp_loss":0,"event_name":"Big Fish","floor":4,"gold_loss":0},{"damage_healed":0,"gold_gain":0,"player_choice":"Grow","damage_taken":0,"max_hp_gain":0,"max_hp_loss":0,"event_name":"Living Wall","floor":7,"gold_loss":0,"cards_upgraded":["Bandage Up"]},{"damage_healed":0,"gold_gain":0,"player_choice":"Cursed","damage_taken":0,"max_hp_gain":0,"max_hp_loss":0,"event_name":"Wheel of Change","floor":8,"gold_loss":0,"cards_obtained":["Decay"]}],"is_beta":false,"boss_relics":[{"not_picked":["Eternal Feather","Calling Bell"],"picked":"Cursed Key"}],"items_purged_floors":[3,20],"is_endless":false,"potions_floor_spawned":[1,5,16,19,21],"killed_by":"Gremlin Leader","ascension_level":0}