{"gold_per_floor":[361,14,89,89,108,108,133,133,157,43,43,63,63,82,82,160,160,171,171,42,62,81,81,101,101],"floor_reached":25,"playtime":919,"items_purged":["Strike_B"],"score":352,"play_id":"eaf03cbc-3dbf-48d9-a083-b499ab8da86e","local_time":"20190617210914","is_ascension_mode":true,"campfire_choices":[{"data":"Compile Driver","floor":6,"key":"SMITH"},{"floor":8,"key":"REST"},{"data":"Loop","floor":13,"key":"SMITH"},{"data":"Loop","floor":15,"key":"SMITH"},{"floor":23,"key":"REST"}],"neow_cost":"CURSE","seed_source_timestamp":19261579569643,"circlet_count":0,"master_deck":["AscendersBane","Strike_B","Strike_B","Strike_B","Defend_B","Defend_B","Defend_B","Defend_B","Zap","Dualcast","Compile Driver+1","Leap","FTL","Coolheaded","Undo","Loop+1","Hologram","Loop+1","Biased Cognition","Self Repair","Turbo","Sweeping Beam","Coolheaded","Gash"],"relics":["Cracked Core","DataDisk","Potion Belt","Pocketwatch","Bronze Scales","White Beast Statue"],"potions_floor_usage":[16,21,24,25,25,25],"damage_taken":[{"damage":12,"enemies":"Small Slimes","floor":1,"turns":4},{"damage":2,"enemies":"Jaw Worm","floor":5,"turns":3},{"damage":36,"enemies":"Lagavulin","floor":7,"turns":7},{"damage":0,"enemies":"Cultist","floor":12,"turns":4},{"damage":0,"enemies":"Exordium Thugs","floor":14,"turns":4},{"damage":17,"enemies":"Slime Boss","floor":16,"turns":6},{"damage":7,"enemies":"Shell Parasite","floor":18,"turns":5},{"damage":15,"enemies":"2 Thieves","floor":21,"turns":3},{"damage":6,"enemies":"Centurion and Healer","floor":22,"turns":11},{"damage":36,"enemies":"Shelled Parasite and Fungi","floor":24,"turns":8},{"damage":20,"enemies":"Slavers","floor":25,"turns":1}],"seed_played":"4180102463504136716","potions_obtained":[{"floor":1,"key":"AttackPotion"},{"floor":5,"key":"FocusPotion"},{"floor":12,"key":"GamblersBrew"},{"floor":16,"key":"LiquidBronze"},{"floor":18,"key":"PowerPotion"},{"floor":21,"key":"Strength Potion"},{"floor":22,"key":"Ancient Potion"},{"floor":24,"key":"AttackPotion"}],"is_trial":false,"path_per_floor":["M","$","?","?","M","R","E","R","T","$","?","M","R","M","R","B",null,"M","?","$","M","M","R","M","E"],"character_chosen":"DEFECT","items_purchased":["DataDisk","Potion Belt","Leap","Undo","Loop","Turbo"],"campfire_rested":2,"item_purchase_floors":[2,2,2,10,10,20],"current_hp_per_floor":[52,52,41,41,39,39,3,24,24,24,47,47,47,47,47,30,61,54,34,34,26,27,49,20,0],"gold":101,"neow_bonus":"TWO_FIFTY_GOLD","is_prod":false,"is_daily":false,"chose_seed":false,"campfire_upgraded":3,"win_rate":0,"timestamp":1560798554,"path_taken":["M","$","?","?","M","R","E","R","T","?","?","M","R","M","R","BOSS","M","?","?","?","M","R","M","E"],"build_version":"2019-01-23","purchased_purges":1,"victory":false,"max_hp_per_floor":[71,71,71,71,71,71,71,71,71,71,71,71,71,71,71,71,71,71,76,76,76,76,76,76,76],"card_choices":[{"not_picked":["Tempest","Stack"],"picked":"Compile Driver","floor":1},{"not_picked":["Barrage","BootSequence"],"picked":"FTL","floor":5},{"not_picked":["Barrage","Streamline"],"picked":"Coolheaded","floor":7},{"not_picked":["Lockon","Redo"],"picked":"Hologram","floor":12},{"not_picked":["Doom and Gloom","Coolheaded"],"picked":"Loop","floor":14},{"not_picked":["Fission","Multi-Cast"],"picked":"Biased Cognition","floor":16},{"not_picked":["FTL","Coolheaded"],"picked":"Self Repair","floor":18},{"not_picked":["Leap","Double Energy"],"picked":"Sweeping Beam","floor":21},{"not_picked":["Go for the Eyes","Turbo"],"picked":"Coolheaded","floor":22},{"not_picked":["Hello World","Fusion"],"picked":"Gash","floor":24}],"player_experience":782035,"relics_obtained":[{"floor":7,"key":"Pocketwatch"},{"floor":9,"key":"Bronze Scales"}],"event_choices":[{"damage_healed":0,"gold_gain":75,"player_choice":"Gather Gold","damage_taken":11,"max_hp_gain":0,"max_hp_loss":0,"event_name":"World of Goop","floor":3,"gold_loss":0},{"cards_removed":["Regret"],"damage_healed":0,"gold_gain":0,"player_choice":"Forget","damage_taken":0,"max_hp_gain":0,"max_hp_loss":0,"event_name":"Living Wall","floor":4,"gold_loss":0},{"damage_healed":23,"gold_gain":0,"player_choice":"Banana","damage_taken":0,"max_hp_gain":0,"max_hp_loss":0,"event_name":"Big Fish","floor":11,"gold_loss":0},{"damage_healed":0,"gold_gain":0,"player_choice":"Shed Blood","damage_taken":25,"max_hp_gain":5,"max_hp_loss":0,"event_name":"Forgotten Altar","floor":19,"gold_loss":0}],"is_beta":false,"boss_relics":[{"not_picked":["Sozu","Tiny House"],"picked":"White Beast Statue"}],"items_purged_floors":[20],"is_endless":false,"potions_floor_spawned":[1,5,12,16,18,21,22,24],"killed_by":"Slavers","ascension_level":15}