{"gold_per_floor":[109,109,125,49,49,92,92,123,172,206,235,250,2,21,21,142,142,157,157,157,5,5,5,46,66,66,105,105,105,125,50,50,50],"floor_reached":33,"playtime":974,"items_purged":["Strike_R"],"score":506,"play_id":"5cb91fdc-6236-49f6-8d7e-223dfa194375","local_time":"20190618001334","is_ascension_mode":true,"campfire_choices":[{"data":"Immolate","floor":7.0,"key":"SMITH"},{"floor":15.0,"key":"DIG"},{"data":"Strike_R","floor":23.0,"key":"PURGE"},{"data":"Strike_R","floor":28.0,"key":"PURGE"},{"data":"Strike_R","floor":32.0,"key":"PURGE"}],"neow_cost":"NONE","seed_source_timestamp":1247935675752270,"circlet_count":0,"master_deck":["Strike_R+1","Defend_R","Defend_R","Defend_R+1","Defend_R","Bash","Metallicize","Cleave","Immolate+1","Spot Weakness","Rupture","Sword Boomerang","Headbutt","Double Tap","Headbutt","Fiend Fire","Intimidate"],"special_seed":0,"relics":["Burning Blood","NeowsBlessing","Bloody Idol","Lantern","Dodecahedron","Happy Flower","Shovel","Odd Mushroom","Bottled Flame","Peace Pipe","Philosopher\u0027s Stone","MutagenicStrength","Ice Cream","Dead Branch","Orichalcum"],"potions_floor_usage":[],"damage_taken":[{"damage":0.0,"enemies":"2 Louse","floor":1.0,"turns":2.0},{"damage":0.0,"enemies":"Small Slimes","floor":3.0,"turns":1.0},{"damage":0.0,"enemies":"3 Sentries","floor":6.0,"turns":2.0},{"damage":32.0,"enemies":"Lagavulin","floor":8.0,"turns":4.0},{"damage":5.0,"enemies":"3 Sentries","floor":10.0,"turns":3.0},{"damage":0.0,"enemies":"The Mushroom Lair","floor":11.0,"turns":2.0},{"damage":0.0,"enemies":"Jaw Worm","floor":12.0,"turns":2.0},{"damage":0.0,"enemies":"Blue Slaver","floor":14.0,"turns":2.0},{"damage":22.0,"enemies":"Hexaghost","floor":16.0,"turns":7.0},{"damage":29.0,"enemies":"Shell Parasite","floor":18.0,"turns":4.0},{"damage":49.0,"enemies":"Book of Stabbing","floor":24.0,"turns":4.0},{"damage":12.0,"enemies":"3 Byrds","floor":25.0,"turns":3.0},{"damage":0.0,"enemies":"Gremlin Leader","floor":27.0,"turns":3.0},{"damage":0.0,"enemies":"Snake Plant","floor":30.0,"turns":2.0},{"damage":44,"enemies":"Champ","floor":33,"turns":7}],"seed_played":"-931676857307043433","potions_obtained":[{"floor":1.0,"key":"Strength Potion"},{"floor":6.0,"key":"GamblersBrew"},{"floor":8.0,"key":"FearPotion"},{"floor":12.0,"key":"Swift Potion"},{"floor":18.0,"key":"GamblersBrew"},{"floor":25.0,"key":"FearPotion"}],"is_trial":false,"path_per_floor":["?","?","?","$","?","?","$","?","M"],"character_chosen":"IRONCLAD","items_purchased":["Immolate","Bottled Flame","Fiend Fire","Intimidate"],"campfire_rested":0,"item_purchase_floors":[4,13,21,31],"current_hp_per_floor":[78,62,68,68,48,54,54,28,28,29,35,41,41,47,47,31,68,45,71,71,71,71,71,28,22,22,28,28,28,39,39,39,0],"gold":50,"neow_bonus":"THREE_ENEMY_KILL","is_prod":false,"is_daily":false,"chose_seed":false,"campfire_upgraded":1,"win_rate":0,"timestamp":1560809614,"path_taken":["M","?","M","$","?","E","R","E","T","E","?","M","?","M","R","BOSS","M","?","?","?","$","R","E","M","T","E","R","?","?","$","R","BOSS"],"build_version":"2019-01-23","purchased_purges":1,"victory":false,"max_hp_per_floor":[80,80,80,80,80,80,80,80,80,80,80,80,80,80,80,80,80,80,80,80,80,80,80,80,80,80,80,80,80,80,80,80,80],"card_choices":[{"not_picked":["Pommel Strike","Havoc"],"picked":"Metallicize","floor":1.0},{"not_picked":["Clash","Wild Strike"],"picked":"Cleave","floor":3.0},{"not_picked":["Body Slam","Barricade"],"picked":"Spot Weakness","floor":6.0},{"not_picked":["Shockwave","Iron Wave"],"picked":"Rupture","floor":8.0},{"not_picked":["Dark Embrace","Iron Wave"],"picked":"Sword Boomerang","floor":10.0},{"not_picked":["Ghostly Armor","Flex"],"picked":"Headbutt","floor":12.0},{"not_picked":["Armaments","Sword Boomerang","Pommel Strike"],"picked":"SKIP","floor":14.0},{"not_picked":["Juggernaut","Bludgeon"],"picked":"Double Tap","floor":16.0},{"not_picked":["Thunderclap+1","Evolve+1"],"picked":"Headbutt","floor":18.0},{"not_picked":["Twin Strike","Perfected Strike","Wild Strike"],"picked":"SKIP","floor":24.0},{"not_picked":["Sword Boomerang","Thunderclap","Pommel Strike"],"picked":"SKIP","floor":25.0},{"not_picked":["Berserk","Blood for Blood","Anger"],"picked":"SKIP","floor":27.0},{"not_picked":["Anger","Power Through","Flex"],"picked":"SKIP","floor":30.0}],"player_experience":52457,"relics_obtained":[{"floor":6.0,"key":"Lantern"},{"floor":8.0,"key":"Dodecahedron"},{"floor":9.0,"key":"Happy Flower"},{"floor":10.0,"key":"Shovel"},{"floor":11.0,"key":"Odd Mushroom"},{"floor":15.0,"key":"Peace Pipe"},{"floor":24.0,"key":"Ice Cream"},{"floor":26.0,"key":"Dead Branch"},{"floor":27.0,"key":"Orichalcum"}],"event_choices":[{"damage_healed":0.0,"max_hp_gain":0.0,"max_hp_loss":0.0,"gold_gain":0.0,"event_name":"Shining Light","player_choice":"Entered Light","floor":2.0,"gold_loss":0.0,"damage_taken":16.0,"cards_upgraded":["Strike_R","Defend_R"]},{"damage_healed":0.0,"max_hp_gain":0.0,"max_hp_loss":0.0,"gold_gain":0.0,"event_name":"Golden Idol","player_choice":"Take Damage","floor":5.0,"gold_loss":0.0,"damage_taken":20.0,"relics_obtained":["Golden Idol"]},{"damage_healed":0.0,"max_hp_gain":0.0,"max_hp_loss":0.0,"gold_gain":0.0,"event_name":"Mushrooms","player_choice":"Fought Mushrooms","floor":11.0,"gold_loss":0.0,"damage_taken":0.0},{"damage_healed":26.0,"max_hp_gain":0.0,"max_hp_loss":0.0,"gold_gain":0.0,"event_name":"The Library","player_choice":"Heal","floor":19.0,"gold_loss":0.0,"damage_taken":0.0},{"damage_healed":0.0,"max_hp_gain":0.0,"max_hp_loss":0.0,"gold_gain":0.0,"event_name":"Drug Dealer","player_choice":"Inject Mutagens","floor":20.0,"gold_loss":0.0,"damage_taken":0.0,"relics_obtained":["MutagenicStrength"]},{"damage_healed":0.0,"max_hp_gain":0.0,"max_hp_loss":0.0,"gold_gain":0.0,"event_name":"Forgotten Altar","player_choice":"Gave Idol","floor":29.0,"relics_lost":["Golden Idol"],"gold_loss":0.0,"damage_taken":0.0,"relics_obtained":["Bloody Idol"]}],"is_beta":false,"boss_relics":[{"not_picked":["Sozu","Ectoplasm"],"picked":"Philosopher\u0027s Stone"}],"items_purged_floors":[21],"is_endless":false,"potions_floor_spawned":[1,6,8,12,14,18,25],"killed_by":"Champ","ascension_level":9}