{"gold_per_floor":[114,132,407,41,60,60,87,100,148,165,165,192,35,47,47,149,149,162,162,8,27,27,53,53,70,117,23,58,58,58,71,71,168,168,183,238,238,250,250,250,278,278,278,278,288,301,301],"floor_reached":47,"playtime":5908,"items_purged":["Defend_R"],"score":728,"play_id":"d54d64cc-4eaa-452c-b8b8-cd0dbcceb29e","local_time":"20190203100701","is_ascension_mode":true,"campfire_choices":[{"data":"Armaments","floor":6.0,"key":"SMITH"},{"data":"Metallicize","floor":11.0,"key":"SMITH"},{"floor":15.0,"key":"REST"},{"floor":24.0,"key":"REST"},{"data":"Limit Break","floor":29.0,"key":"SMITH"},{"floor":32.0,"key":"REST"},{"floor":40,"key":"REST"},{"floor":44,"key":"REST"}],"neow_cost":"NONE","seed_source_timestamp":0,"circlet_count":0,"master_deck":["Strike_R","Defend_R","Defend_R","Defend_R","Bash","Wild Strike","Armaments+1","Regret","Shrug It Off","True Grit","Inflame","Body Slam","Anger","Metallicize+1","Heavy Blade","Intimidate","Limit Break+1","Sword Boomerang+1","Flex","Sword Boomerang","Feel No Pain+1","Shame","Pommel Strike","Cleave","Shame","Pummel","Rupture","Warcry","Brutality","Exhume+1","Second Wind+1","Warcry+1","Heavy Blade+1","Ghostly Armor+1","Decay","Infernal Blade","Writhe","Exhume","Bandage Up","Doubt","Iron Wave","Shockwave"],"special_seed":0,"relics":["Burning Blood","NeowsBlessing","Matryoshka","Blue Candle","Red Skull","Regal Pillow","Bird Faced Urn","Ancient Tea Set","Cursed Key","Bag of Marbles","Juzu Bracelet","The Courier","Bronze Scales","Orichalcum","Astrolabe","Torii","Mercury Hourglass","Gremlin Horn","Lantern"],"potions_floor_usage":[41,45,46],"damage_taken":[{"damage":0.0,"enemies":"2 Louse","floor":1.0,"turns":1.0},{"damage":0.0,"enemies":"Cultist","floor":2.0,"turns":1.0},{"damage":0.0,"enemies":"Jaw Worm","floor":5.0,"turns":1.0},{"damage":26.0,"enemies":"3 Sentries","floor":7.0,"turns":10.0},{"damage":12.0,"enemies":"Blue Slaver","floor":8.0,"turns":5.0},{"damage":7.0,"enemies":"Exordium Wildlife","floor":10.0,"turns":4.0},{"damage":32.0,"enemies":"Lagavulin","floor":12.0,"turns":6.0},{"damage":3.0,"enemies":"Looter","floor":14.0,"turns":3.0},{"damage":46.0,"enemies":"The Guardian","floor":16.0,"turns":10.0},{"damage":34.0,"enemies":"2 Thieves","floor":18.0,"turns":5.0},{"damage":15.0,"enemies":"3 Byrds","floor":21.0,"turns":5.0},{"damage":45.0,"enemies":"Book of Stabbing","floor":23.0,"turns":5.0},{"damage":31.0,"enemies":"Centurion and Healer","floor":25.0,"turns":8.0},{"damage":8.0,"enemies":"Gremlin Leader","floor":28.0,"turns":4.0},{"damage":7.0,"enemies":"Snecko","floor":31.0,"turns":4.0},{"damage":67.0,"enemies":"Collector","floor":33.0,"turns":8.0},{"damage":35.0,"enemies":"Orb Walker","floor":35.0,"turns":5.0},{"damage":72.0,"enemies":"2 Orb Walkers","floor":36.0,"turns":5.0},{"damage":14,"enemies":"3 Shapes","floor":38,"turns":2},{"damage":78,"enemies":"Reptomancer","floor":41,"turns":7},{"damage":52,"enemies":"Spire Growth","floor":45,"turns":6},{"damage":19,"enemies":"3 Darklings","floor":46,"turns":5},{"damage":58,"enemies":"Nemesis","floor":47,"turns":6}],"seed_played":"-3497323144575585138","potions_obtained":[{"floor":1.0,"key":"Weak Potion"},{"floor":8.0,"key":"Fruit Juice"},{"floor":14.0,"key":"Poison Potion"},{"floor":16.0,"key":"PowerPotion"},{"floor":21.0,"key":"Ancient Potion"},{"floor":28.0,"key":"Regen Potion"},{"floor":31.0,"key":"Regen Potion"},{"floor":33.0,"key":"Fruit Juice"},{"floor":38,"key":"GamblersBrew"},{"floor":41,"key":"BloodPotion"},{"floor":45,"key":"Swift Potion"}],"is_trial":false,"path_per_floor":["M","M","?","$","M","R","E","M","T","M","R","E","$","M","R","B",null,"M","?","$","M","?","E","R","M","T","$","E","R","?","M","R","B",null,"M","?","T","M","?","R","E","?","T","R","M","M","E"],"character_chosen":"IRONCLAD","items_purchased":["Matryoshka","Shrug It Off","True Grit","Dexterity Potion","Ancient Tea Set","Flex","Sword Boomerang","Pummel","Block Potion"],"campfire_rested":5,"item_purchase_floors":[4,4,4,4,13,20,20,27,27],"current_hp_per_floor":[80,80,80,80,80,80,60,54,54,53,53,32,32,39,79,43,85,59,59,59,54,54,19,59,40,40,40,40,40,40,41,81,39,85,71,23,23,15,38,80,16,16,16,58,39,38,0],"gold":301,"neow_bonus":"THREE_ENEMY_KILL","is_prod":false,"is_daily":false,"chose_seed":false,"campfire_upgraded":3,"win_rate":0,"timestamp":1549148821,"path_taken":["M","M","?","$","M","R","E","M","T","M","R","E","$","?","R","BOSS","M","?","$","M","?","E","R","M","T","?","E","R","?","M","R","BOSS","M","?","?","M","?","R","E","?","T","R","M","M","E"],"build_version":"2019-01-23","purchased_purges":1,"victory":false,"max_hp_per_floor":[80,80,80,80,80,80,80,80,80,80,80,85,85,85,85,85,85,85,85,85,85,85,85,85,85,85,85,85,85,85,85,85,85,85,90,90,90,90,90,90,90,90,90,90,90,90,90],"card_choices":[{"not_picked":["Hemokinesis","Clash"],"picked":"Wild Strike","floor":1.0},{"not_picked":["Pommel Strike","Burning Pact"],"picked":"Armaments","floor":2.0},{"not_picked":["Whirlwind","Intimidate"],"picked":"Inflame","floor":5.0},{"not_picked":["Bloodletting","Uppercut"],"picked":"Body Slam","floor":7.0},{"not_picked":["Rampage","Iron Wave"],"picked":"Anger","floor":8.0},{"not_picked":["Headbutt","Whirlwind"],"picked":"Metallicize","floor":10.0},{"not_picked":["Shockwave","Perfected Strike"],"picked":"Heavy Blade","floor":12.0},{"not_picked":["Sentinel","Havoc"],"picked":"Intimidate","floor":14.0},{"not_picked":["Fiend Fire","Berserk"],"picked":"Limit Break","floor":16.0},{"not_picked":["Armaments","Dropkick"],"picked":"Sword Boomerang+1","floor":18.0},{"not_picked":["Whirlwind","Wild Strike"],"picked":"Feel No Pain+1","floor":21.0},{"not_picked":["Carnage","Brutality"],"picked":"Pommel Strike","floor":23.0},{"not_picked":["Searing Blow","Sever Soul"],"picked":"Cleave","floor":25.0},{"not_picked":["Berserk","Offering"],"picked":"Rupture","floor":28.0},{"not_picked":["Armaments","Clothesline+1"],"picked":"Warcry","floor":31.0},{"not_picked":["Impervious","Bludgeon"],"picked":"Brutality","floor":33.0},{"not_picked":["Clothesline","True Grit"],"picked":"Heavy Blade+1","floor":35.0},{"not_picked":["Thunderclap","Warcry+1"],"picked":"Ghostly Armor+1","floor":36.0},{"not_picked":["True Grit","Warcry"],"picked":"Infernal Blade","floor":38},{"not_picked":["Evolve+1","Sever Soul+1"],"picked":"Exhume","floor":41},{"not_picked":["Madness","Panache"],"picked":"Bandage Up","floor":42},{"not_picked":["Clash+1","Fire Breathing"],"picked":"Iron Wave","floor":45},{"not_picked":["Thunderclap+1","Havoc"],"picked":"Shockwave","floor":46}],"player_experience":218855,"relics_obtained":[{"floor":7.0,"key":"Blue Candle"},{"floor":9.0,"key":"Red Skull"},{"floor":9.0,"key":"Regal Pillow"},{"floor":12.0,"key":"Bird Faced Urn"},{"floor":23.0,"key":"Juzu Bracelet"},{"floor":26.0,"key":"The Courier"},{"floor":26.0,"key":"Bronze Scales"},{"floor":28.0,"key":"Orichalcum"},{"floor":36.0,"key":"Torii"},{"floor":37,"key":"Mercury Hourglass"},{"floor":41,"key":"Gremlin Horn"},{"floor":43,"key":"Lantern"}],"event_choices":[{"damage_healed":0.0,"max_hp_gain":0.0,"max_hp_loss":0.0,"gold_gain":275.0,"event_name":"Golden Shrine","player_choice":"Desecrate","floor":3.0,"gold_loss":0.0,"damage_taken":0.0,"cards_obtained":["Regret"]},{"damage_healed":0.0,"max_hp_gain":0.0,"max_hp_loss":0.0,"gold_gain":0.0,"event_name":"Vampires","player_choice":"Ignored","floor":19.0,"gold_loss":0.0,"damage_taken":0.0},{"damage_healed":0.0,"max_hp_gain":0.0,"max_hp_loss":0.0,"gold_gain":0.0,"event_name":"Addict","player_choice":"Stole Relic","floor":22.0,"gold_loss":0.0,"damage_taken":0.0,"relics_obtained":["Bag of Marbles"],"cards_obtained":["Shame"]},{"cards_removed":["Strike_R"],"damage_healed":0.0,"max_hp_gain":0.0,"max_hp_loss":0.0,"gold_gain":0.0,"event_name":"Back to Basics","player_choice":"Elegance","floor":30.0,"gold_loss":0.0,"damage_taken":0.0},{"damage_healed":0.0,"max_hp_gain":0.0,"max_hp_loss":0.0,"gold_gain":0.0,"event_name":"Mysterious Sphere","player_choice":"Fight","floor":36.0,"gold_loss":0.0,"damage_taken":0.0},{"damage_healed":23,"gold_gain":0,"player_choice":"Writhe","damage_taken":0,"max_hp_gain":0,"max_hp_loss":0,"event_name":"Winding Halls","floor":39,"gold_loss":0,"cards_obtained":["Writhe"]},{"damage_healed":0,"gold_gain":0,"player_choice":"Memory 1","damage_taken":0,"max_hp_gain":0,"max_hp_loss":0,"event_name":"SensoryStone","floor":42,"gold_loss":0}],"is_beta":false,"boss_relics":[{"not_picked":["Runic Pyramid","Calling Bell"],"picked":"Cursed Key"},{"not_picked":["Sozu","Runic Cube"],"picked":"Astrolabe"}],"items_purged_floors":[20],"is_endless":false,"potions_floor_spawned":[1,8,14,16,21,28,31,33,38,41,45],"killed_by":"Nemesis","ascension_level":3}