{"gold_per_floor":[117,292,292,292,316,349,349,388,414,414,432,446,198,198,198,326,326,341,541,217,242,117,156,156,169,245,286,306,405,405,405,405,405],"floor_reached":33,"playtime":1632,"items_purged":["Doubt","Strike_R","Strike_R"],"score":447,"play_id":"953e5f8a-a11d-4231-baa7-2156d9cc3f16","local_time":"20190617225932","is_ascension_mode":true,"campfire_choices":[{"floor":7,"key":"REST"},{"floor":10,"key":"REST"},{"data":"Cleave","floor":15,"key":"SMITH"},{"floor":24,"key":"REST"},{"data":"Dark Embrace","floor":30,"key":"SMITH"},{"data":"Feel No Pain","floor":32,"key":"SMITH"}],"neow_cost":"NONE","seed_source_timestamp":1243926322248564,"circlet_count":0,"master_deck":["Strike_R","Defend_R","Defend_R","Defend_R","Defend_R","Bash","Headbutt","Cleave+1","Uppercut","Ghostly Armor","Feel No Pain+1","Dark Embrace+1","Rampage","Immolate","Burning Pact+1","Wild Strike","Warcry","True Grit","Corruption","Havoc"],"special_seed":0,"relics":["Burning Blood","Red Skull","Golden Idol","Orichalcum","Bronze Scales","Busted Crown","Medical Kit","Bag of Marbles","Shuriken","Prayer Wheel","Gremlin Horn"],"potions_floor_usage":[16,21,33,33],"damage_taken":[{"damage":10.0,"enemies":"2 Louse","floor":1.0,"turns":3.0},{"damage":9.0,"enemies":"Jaw Worm","floor":5.0,"turns":3.0},{"damage":25.0,"enemies":"3 Sentries","floor":6.0,"turns":7.0},{"damage":28,"enemies":"Gremlin Nob","floor":8,"turns":4},{"damage":0,"enemies":"Cultist","floor":11,"turns":2},{"damage":4,"enemies":"Looter","floor":12,"turns":3},{"damage":27,"enemies":"Slime Boss","floor":16,"turns":9},{"damage":24,"enemies":"Spheric Guardian","floor":18,"turns":4},{"damage":0,"enemies":"3 Byrds","floor":21,"turns":2},{"damage":39,"enemies":"Slavers","floor":23,"turns":4},{"damage":9,"enemies":"Centurion and Healer","floor":25,"turns":5},{"damage":14,"enemies":"Gremlin Leader","floor":27,"turns":6},{"damage":6,"enemies":"Cultist and Chosen","floor":28,"turns":5},{"damage":38,"enemies":"Automaton","floor":33,"turns":6}],"seed_played":"-4923756804787682687","potions_obtained":[{"floor":1.0,"key":"Block Potion"},{"floor":6,"key":"Swift Potion"},{"floor":8,"key":"BloodPotion"},{"floor":18,"key":"Swift Potion"},{"floor":25,"key":"LiquidBronze"},{"floor":28,"key":"Ancient Potion"}],"is_trial":false,"path_per_floor":["?","?","?","M","M","?","?","$","M","?","T"],"character_chosen":"IRONCLAD","items_purchased":["Dark Embrace","Rampage","Medical Kit","Wild Strike"],"campfire_rested":3,"item_purchase_floors":[13,13,20,20],"current_hp_per_floor":[68,68,61,41,38,19,43,21,21,45,51,53,53,53,53,32,68,50,50,50,56,56,23,47,44,44,36,36,36,36,36,36,0],"gold":405,"neow_bonus":"TRANSFORM_CARD","is_prod":false,"is_daily":false,"chose_seed":false,"campfire_upgraded":3,"win_rate":0,"timestamp":1560805172,"path_taken":["M","?","?","?","M","E","R","E","T","R","?","?","$","?","R","BOSS","M","?","?","M","$","E","R","M","T","E","?","?","R","?","R","BOSS"],"build_version":"2019-01-23","purchased_purges":3,"victory":false,"max_hp_per_floor":[80,80,80,80,80,80,80,80,80,80,80,80,80,80,80,80,80,80,80,80,80,80,80,80,80,80,80,80,80,80,80,80,80],"card_choices":[{"not_picked":["Infernal Blade","Warcry","Sever Soul"],"picked":"SKIP","floor":1.0},{"not_picked":["Heavy Blade","Iron Wave"],"picked":"Cleave","floor":5.0},{"not_picked":["Headbutt","Armaments"],"picked":"Uppercut","floor":6},{"not_picked":["Perfected Strike","Fire Breathing"],"picked":"Ghostly Armor","floor":8},{"not_picked":["Body Slam","Shockwave"],"picked":"Feel No Pain","floor":11},{"not_picked":["Wild Strike","Infernal Blade","Flex"],"picked":"SKIP","floor":12},{"not_picked":["Juggernaut","Brutality"],"picked":"Immolate","floor":16},{"not_picked":[],"picked":"Burning Pact+1","floor":18},{"not_picked":[],"picked":"Warcry","floor":21},{"not_picked":[],"picked":"True Grit","floor":23},{"not_picked":["Flex"],"picked":"SKIP","floor":25},{"not_picked":[],"picked":"Corruption","floor":27},{"not_picked":[],"picked":"Havoc","floor":28},{"not_picked":["Clothesline"],"picked":"SKIP","floor":28}],"player_experience":49044,"relics_obtained":[{"floor":8,"key":"Orichalcum"},{"floor":9,"key":"Bronze Scales"},{"floor":23,"key":"Bag of Marbles"},{"floor":26,"key":"Shuriken"},{"floor":27,"key":"Prayer Wheel"},{"floor":31,"key":"Gremlin Horn"}],"event_choices":[{"damage_healed":0.0,"max_hp_gain":0.0,"max_hp_loss":0.0,"gold_gain":175.0,"event_name":"Liars Game","player_choice":"AGREE","floor":2.0,"gold_loss":0.0,"damage_taken":0.0,"cards_obtained":["Doubt"]},{"damage_healed":0.0,"max_hp_gain":0.0,"max_hp_loss":0.0,"gold_gain":0.0,"event_name":"Scrap Ooze","player_choice":"Success","floor":3.0,"gold_loss":0.0,"damage_taken":7.0,"relics_obtained":["Red Skull"]},{"damage_healed":0.0,"max_hp_gain":0.0,"max_hp_loss":0.0,"gold_gain":0.0,"event_name":"Golden Idol","player_choice":"Take Damage","floor":4.0,"gold_loss":0.0,"damage_taken":20.0,"relics_obtained":["Golden Idol"]},{"cards_removed":["Strike_R"],"damage_healed":0,"gold_gain":0,"player_choice":"Forget","damage_taken":0,"max_hp_gain":0,"max_hp_loss":0,"event_name":"Living Wall","floor":14,"gold_loss":0},{"damage_healed":0,"gold_gain":250,"player_choice":"Bet on Owner","damage_taken":0,"max_hp_gain":0,"max_hp_loss":0,"event_name":"The Joust","floor":19,"gold_loss":50},{"damage_healed":0,"gold_gain":99,"player_choice":"Stole From Cult","damage_taken":0,"max_hp_gain":0,"max_hp_loss":0,"event_name":"Nest","floor":29,"gold_loss":0}],"is_beta":false,"boss_relics":[{"not_picked":["Runic Dome","Black Star"],"picked":"Busted Crown"}],"items_purged_floors":[13,20,22],"is_endless":false,"potions_floor_spawned":[1,6,8,18,25,28],"killed_by":"Automaton","ascension_level":9}