{"gold_per_floor":[118,118,90,118,150,162,174,12,65,105,129,170,170,245,245,245],"floor_reached":16,"playtime":539,"items_purged":["Regret"],"score":194,"play_id":"bc91607c-c73b-444d-bcd2-3bcbd1074648","local_time":"20190610205252","is_ascension_mode":true,"campfire_choices":[{"data":"Bash","floor":6,"key":"SMITH"},{"floor":13,"key":"REST"},{"data":"Spot Weakness","floor":15,"key":"SMITH"}],"neow_cost":"NONE","seed_source_timestamp":110208767451176,"circlet_count":0,"master_deck":["AscendersBane","Strike_R","Strike_R","Strike_R","Strike_R","Defend_R","Defend_R","Defend_R","Defend_R","Bash+1","Sword Boomerang","Ghostly Armor","Feed","Spot Weakness+1","Cleave","Exhume","Heavy Blade"],"relics":["Burning Blood","MawBank","Golden Idol","Ancient Tea Set","Art of War","Boot"],"potions_floor_usage":[10,10,11,12],"damage_taken":[{"damage":9,"enemies":"2 Louse","floor":1,"turns":3},{"damage":5,"enemies":"Small Slimes","floor":4,"turns":4},{"damage":1,"enemies":"Cultist","floor":5,"turns":3},{"damage":15,"enemies":"3 Sentries","floor":10,"turns":7},{"damage":3,"enemies":"Blue Slaver","floor":11,"turns":3},{"damage":35,"enemies":"Gremlin Nob","floor":12,"turns":4},{"damage":34,"enemies":"The Guardian","floor":16,"turns":4}],"seed_played":"-7395327550098049417","potions_obtained":[{"floor":3,"key":"Strength Potion"},{"floor":3,"key":"EntropicBrew"},{"floor":12,"key":"LiquidBronze"}],"is_trial":false,"path_per_floor":["M","?","?","M","M","R","?","$","T","E","M","E","R","?","R","B"],"character_chosen":"IRONCLAD","items_purchased":["Spot Weakness","Cleave"],"campfire_rested":1,"item_purchase_floors":[8,8],"current_hp_per_floor":[65,65,65,66,71,71,45,45,45,39,45,19,44,33,33,0],"gold":245,"neow_bonus":"REMOVE_CARD","is_prod":false,"is_daily":false,"chose_seed":false,"campfire_upgraded":2,"win_rate":0,"timestamp":1560192772,"path_taken":["M","?","?","?","M","R","?","$","T","E","M","E","R","?","R","BOSS"],"build_version":"2019-01-23","purchased_purges":1,"victory":false,"max_hp_per_floor":[75,75,75,75,75,75,75,75,75,78,81,84,84,84,84,84],"card_choices":[{"not_picked":["Anger","Pummel"],"picked":"Sword Boomerang","floor":1},{"not_picked":["Clash","Entrench"],"picked":"Ghostly Armor","floor":4},{"not_picked":["Clothesline","Shrug It Off"],"picked":"Feed","floor":5},{"not_picked":["Sword Boomerang","Twin Strike"],"picked":"Exhume","floor":10},{"not_picked":["Sword Boomerang","Clash"],"picked":"Heavy Blade","floor":11},{"not_picked":["Body Slam","Intimidate","Blood for Blood"],"picked":"SKIP","floor":12}],"player_experience":737815,"relics_obtained":[{"floor":9,"key":"Ancient Tea Set"},{"floor":10,"key":"Art of War"},{"floor":12,"key":"Boot"}],"event_choices":[{"damage_healed":0,"gold_gain":0,"player_choice":"Box","damage_taken":0,"relics_obtained":["MawBank"],"max_hp_gain":0,"max_hp_loss":0,"event_name":"Big Fish","floor":2,"gold_loss":0,"cards_obtained":["Regret"]},{"damage_healed":0,"gold_gain":0,"player_choice":"Bought 3 Potions","damage_taken":0,"max_hp_gain":0,"max_hp_loss":0,"event_name":"The Woman in Blue","floor":3,"gold_loss":0},{"damage_healed":0,"gold_gain":0,"player_choice":"Take Damage","damage_taken":26,"relics_obtained":["Golden Idol"],"max_hp_gain":0,"max_hp_loss":0,"event_name":"Golden Idol","floor":7,"gold_loss":0},{"damage_healed":0,"gold_gain":75,"player_choice":"Gather Gold","damage_taken":11,"max_hp_gain":0,"max_hp_loss":0,"event_name":"World of Goop","floor":14,"gold_loss":0}],"is_beta":false,"boss_relics":[],"items_purged_floors":[8],"is_endless":false,"potions_floor_spawned":[4,5,12],"killed_by":"The Guardian","ascension_level":16}