{"gold_per_floor":[114,114,114,130,1,32,32,71,98,98,114,79,103,141,141,230,230,250,250,270,195,27,27,66,96,96,112,112,112,143,45,45,138,138,162,33,33,33,57,57,57,95,122,122],"floor_reached":44,"playtime":1753,"items_purged":["Strike_B","Bite","Bite"],"score":898,"play_id":"2c9a6929-678a-4291-ba18-14132b4348a4","local_time":"20190612225822","is_ascension_mode":true,"campfire_choices":[{"floor":7,"key":"REST"},{"floor":15,"key":"DIG"},{"floor":23,"key":"DIG"},{"floor":25,"key":"DIG"},{"floor":28,"key":"DIG"},{"data":"Consume","floor":32,"key":"SMITH"},{"floor":40,"key":"DIG"}],"neow_cost":"NONE","seed_source_timestamp":39462333892892,"circlet_count":0,"master_deck":["AscendersBane","Defend_B","Defend_B+1","Defend_B","Zap","Dualcast","Gash+1","FTL","Hologram+1","Electrodynamics","Redo","Coolheaded","Coolheaded","Echo Form","Genetic Algorithm+1","Bite","Bite+1","Bite","Consume+1","Self Repair","White Noise","Turbo+1","Conserve Battery+1","Reinforced Body+1","Cold Snap"],"relics":["Cracked Core","NeowsBlessing","Bronze Scales","Golden Idol","Bag of Preparation","Shovel","Smiling Mask","Centennial Puzzle","DataDisk","Inserter","Strawberry","Happy Flower","Tiny Chest","Ornamental Fan","Question Card","Toxic Egg 2","Coffee Dripper","Whetstone","War Paint","Dream Catcher"],"potions_floor_usage":[14,16,20,30,33,33],"damage_taken":[{"damage":0,"enemies":"Small Slimes","floor":1,"turns":1},{"damage":0,"enemies":"2 Louse","floor":4,"turns":1},{"damage":0,"enemies":"Gremlin Nob","floor":6,"turns":1},{"damage":17,"enemies":"3 Sentries","floor":8,"turns":3},{"damage":2,"enemies":"Jaw Worm","floor":11,"turns":3},{"damage":0,"enemies":"3 Louse","floor":13,"turns":1},{"damage":18,"enemies":"Gremlin Nob","floor":14,"turns":3},{"damage":26,"enemies":"Hexaghost","floor":16,"turns":11},{"damage":7,"enemies":"Chosen","floor":18,"turns":4},{"damage":13,"enemies":"Shell Parasite","floor":20,"turns":6},{"damage":26,"enemies":"Gremlin Leader","floor":24,"turns":7},{"damage":38,"enemies":"3 Cultists","floor":27,"turns":6},{"damage":24,"enemies":"Book of Stabbing","floor":30,"turns":6},{"damage":26,"enemies":"Collector","floor":33,"turns":11},{"damage":15,"enemies":"Orb Walker","floor":35,"turns":4},{"damage":20,"enemies":"3 Darklings","floor":39,"turns":5},{"damage":26,"enemies":"Nemesis","floor":42,"turns":11},{"damage":51,"enemies":"Reptomancer","floor":44,"turns":2}],"seed_played":"8481896730520392449","potions_obtained":[{"floor":4,"key":"Ancient Potion"},{"floor":8,"key":"EssenceOfSteel"},{"floor":11,"key":"Fire Potion"},{"floor":14,"key":"AttackPotion"},{"floor":20,"key":"FocusPotion"},{"floor":24,"key":"FocusPotion"}],"is_trial":false,"path_per_floor":["M","?","?","M","$","E","R","E","T","?","M","?","M","E","R","B",null,"M","?","M","?","$","R","E","R","T","M","R","?","E","$","R","B",null,"M","$","T","$","M","R","?","E","T","E"],"character_chosen":"DEFECT","items_purchased":["Hologram","Consume","Self Repair","Turbo+1","Block Potion","Reinforced Body+1"],"campfire_rested":1,"item_purchase_floors":[5,22,22,31,31,36],"current_hp_per_floor":[64,29,29,29,29,29,48,31,31,31,29,45,45,27,27,1,48,41,41,36,36,36,43,45,45,45,33,33,33,31,31,31,34,47,51,51,51,51,51,51,51,51,51,0],"gold":122,"neow_bonus":"THREE_ENEMY_KILL","is_prod":false,"is_daily":false,"chose_seed":false,"campfire_upgraded":1,"win_rate":0,"timestamp":1560373102,"path_taken":["M","?","?","M","$","E","R","E","T","?","M","?","M","E","R","BOSS","M","?","M","?","$","R","E","R","T","M","R","?","E","$","R","BOSS","M","$","?","$","?","R","?","E","T","E"],"build_version":"2019-01-23","purchased_purges":3,"victory":false,"max_hp_per_floor":[71,71,64,64,64,64,64,64,64,64,64,64,64,64,64,64,64,64,44,44,44,44,51,51,51,51,51,51,51,51,51,51,51,51,51,51,51,51,51,51,51,51,51,51],"card_choices":[{"not_picked":["Beam Cell","Leap"],"picked":"Gash","floor":1},{"not_picked":["Recycle","Redo"],"picked":"FTL","floor":4},{"not_picked":["Hologram","Aggregate"],"picked":"Electrodynamics","floor":6},{"not_picked":["Rebound","Force Field","Chaos"],"picked":"SKIP","floor":8},{"not_picked":["Doom and Gloom","Darkness"],"picked":"Redo","floor":11},{"not_picked":["Steam","Melter"],"picked":"Coolheaded","floor":13},{"not_picked":["Melter","Streamline"],"picked":"Coolheaded","floor":14},{"not_picked":["Machine Learning","Meteor Strike"],"picked":"Echo Form","floor":16},{"not_picked":["Chill","White Noise"],"picked":"Genetic Algorithm+1","floor":18},{"not_picked":["Heatsinks","Hello World+1"],"picked":"Conserve Battery","floor":20},{"not_picked":["Melter","Chaos","Rebound"],"picked":"SKIP","floor":24},{"not_picked":["Hologram","Reinforced Body"],"picked":"White Noise","floor":27},{"not_picked":["Gash","Go for the Eyes","Steam","Storm"],"picked":"SKIP","floor":30},{"not_picked":["Gash+1","Stack+1","Steam+1"],"picked":"Conserve Battery+1","floor":35},{"not_picked":["Compile Driver","Barrage+1","Doom and Gloom","Turbo+1"],"picked":"SKIP","floor":39},{"not_picked":["Sweeping Beam","Melter","Rip and Tear"],"picked":"Cold Snap","floor":42}],"player_experience":758168,"relics_obtained":[{"floor":6,"key":"Bag of Preparation"},{"floor":8,"key":"Shovel"},{"floor":9,"key":"Smiling Mask"},{"floor":14,"key":"Centennial Puzzle"},{"floor":15,"key":"DataDisk"},{"floor":23,"key":"Strawberry"},{"floor":24,"key":"Happy Flower"},{"floor":25,"key":"Tiny Chest"},{"floor":26,"key":"Ornamental Fan"},{"floor":28,"key":"Question Card"},{"floor":30,"key":"Toxic Egg 2"},{"floor":40,"key":"Whetstone"},{"floor":42,"key":"War Paint"},{"floor":43,"key":"Dream Catcher"}],"event_choices":[{"damage_healed":0,"gold_gain":0,"player_choice":"Success","damage_taken":35,"relics_obtained":["Bronze Scales"],"max_hp_gain":0,"max_hp_loss":0,"event_name":"Scrap Ooze","floor":2,"gold_loss":0},{"damage_healed":0,"gold_gain":0,"player_choice":"Lose Max HP","damage_taken":0,"relics_obtained":["Golden Idol"],"max_hp_gain":0,"max_hp_loss":7,"event_name":"Golden Idol","floor":3,"gold_loss":0},{"damage_healed":0,"gold_gain":0,"player_choice":"Ignored","damage_taken":0,"max_hp_gain":0,"max_hp_loss":0,"event_name":"Liars Game","floor":10,"gold_loss":0},{"damage_healed":16,"gold_gain":0,"player_choice":"Healed","damage_taken":0,"max_hp_gain":0,"max_hp_loss":0,"event_name":"The Cleric","floor":12,"gold_loss":35},{"damage_healed":0,"gold_gain":0,"player_choice":"Became a vampire","damage_taken":0,"max_hp_gain":0,"max_hp_loss":20,"event_name":"Vampires","floor":19,"gold_loss":0,"cards_obtained":["Bite","Bite","Bite","Bite","Bite"]},{"cards_removed":["Defend_B"],"damage_healed":0,"gold_gain":0,"player_choice":"Gave Gold","damage_taken":0,"max_hp_gain":0,"max_hp_loss":0,"event_name":"Beggar","floor":21,"gold_loss":75},{"damage_healed":0,"gold_gain":0,"player_choice":"0 cards matched","damage_taken":0,"max_hp_gain":0,"max_hp_loss":0,"event_name":"Match and Keep!","floor":29,"gold_loss":0,"cards_obtained":[]},{"cards_removed":["Conserve Battery"],"damage_healed":0,"gold_gain":0,"player_choice":"Removed Skill","damage_taken":0,"max_hp_gain":0,"max_hp_loss":0,"event_name":"Falling","floor":41,"gold_loss":0}],"is_beta":false,"boss_relics":[{"not_picked":["Runic Dome","White Beast Statue"],"picked":"Inserter"},{"not_picked":["Empty Cage","Cursed Key"],"picked":"Coffee Dripper"}],"items_purged_floors":[5,22,36],"is_endless":false,"potions_floor_spawned":[4,8,11,14,20,24,27],"killed_by":"Reptomancer","ascension_level":15}