{"gold_per_floor":[118,131,147,162,173,173,201,201,227,152,177,13,13,39,39,113,113,128,128,138,18,31,61,78,36,36,36,36],"floor_reached":28,"playtime":1157,"items_purged":[],"score":477,"play_id":"6cc05da9-74c7-476f-b9f5-57a39de0deb1","local_time":"20190527000111","is_ascension_mode":true,"campfire_choices":[{"data":"Dash","floor":6,"key":"SMITH"},{"data":"Neutralize","floor":8,"key":"SMITH"},{"data":"Catalyst","floor":13,"key":"SMITH"},{"floor":15,"key":"REST"}],"neow_cost":"NONE","seed_source_timestamp":776143733266118,"circlet_count":0,"master_deck":["AscendersBane","Survivor+1","Neutralize+1","Masterful Stab","Dash+1","Deadly Poison","Backflip","Venomology","Bane","Catalyst+1","Blur","Blur","Night Terror","Flying Knee","Escape Plan","Flying Knee","Flechettes","Adrenaline","Quick Slash","Adrenaline","Tools of the Trade","Caltrops","Escape Plan+1","Noxious Fumes","Dash","Escape Plan","Wraith Form v2","Footwork"],"special_seed":0,"relics":["Ring of the Snake","Orichalcum","Bag of Preparation","War Paint","Smiling Mask","Regal Pillow","Pandora\u0027s Box","Meat on the Bone","Pear"],"potions_floor_usage":[5,14,14,16,20,22,23,23,24,24,28],"damage_taken":[{"damage":9.0,"enemies":"Cultist","floor":1.0,"turns":6.0},{"damage":3.0,"enemies":"2 Louse","floor":2.0,"turns":3.0},{"damage":2.0,"enemies":"Jaw Worm","floor":3.0,"turns":3.0},{"damage":0,"enemies":"2 Fungi Beasts","floor":4,"turns":3},{"damage":0,"enemies":"Gremlin Gang","floor":5,"turns":3},{"damage":12,"enemies":"Gremlin Nob","floor":7,"turns":5},{"damage":6,"enemies":"3 Sentries","floor":11,"turns":10},{"damage":12,"enemies":"Gremlin Nob","floor":14,"turns":5},{"damage":35,"enemies":"The Guardian","floor":16,"turns":10},{"damage":19,"enemies":"2 Thieves","floor":18,"turns":3},{"damage":15,"enemies":"Spheric Guardian","floor":20,"turns":5},{"damage":7,"enemies":"Centurion and Healer","floor":22,"turns":6},{"damage":30,"enemies":"Book of Stabbing","floor":23,"turns":7},{"damage":4,"enemies":"Snake Plant","floor":24,"turns":3},{"damage":35,"enemies":"Slavers","floor":28,"turns":4}],"seed_played":"849612244465325015","potions_obtained":[{"floor":2.0,"key":"Explosive Potion"},{"floor":3.0,"key":"Weak Potion"},{"floor":14,"key":"Regen Potion"},{"floor":16,"key":"FearPotion"},{"floor":23,"key":"Block Potion"},{"floor":24,"key":"GamblersBrew"}],"is_trial":false,"path_per_floor":["M","M","M","M","M","R","E","R","T","?","E","$","R","E","R","B",null,"M","?","M","$","M","E","M","$","T","?","E"],"character_chosen":"THE_SILENT","items_purchased":["Catalyst","Blur","Noxious Fumes","Dash","Footwork"],"campfire_rested":1,"item_purchase_floors":[12,12,21,21,25],"current_hp_per_floor":[50,47,45,45,45,45,33,33,33,33,27,27,27,15,49,14,53,34,66,54,54,47,17,25,25,35,35,0],"gold":36,"neow_bonus":"RANDOM_COMMON_RELIC","is_prod":false,"is_daily":false,"chose_seed":false,"campfire_upgraded":3,"win_rate":0,"timestamp":1558936871,"path_taken":["M","?","?","M","M","R","E","R","T","?","E","?","R","E","R","BOSS","M","?","M","$","?","E","M","$","T","?","E"],"build_version":"2019-01-23","purchased_purges":0,"victory":false,"max_hp_per_floor":[66,66,66,66,66,66,66,66,66,66,66,66,66,66,66,66,66,66,66,66,66,66,66,66,66,76,76,76],"card_choices":[{"not_picked":["Bane","Finisher"],"picked":"Masterful Stab","floor":1.0},{"not_picked":["Flying Knee","Blade Dance"],"picked":"Dash","floor":2.0},{"not_picked":["Bane","Bouncing Flask"],"picked":"Deadly Poison","floor":3.0},{"not_picked":["Setup","Expertise"],"picked":"Backflip","floor":4},{"not_picked":["Endless Agony","Slice","Riddle With Holes"],"picked":"SKIP","floor":5},{"not_picked":["Quick Slash","Setup"],"picked":"Venomology","floor":7},{"not_picked":["Prepared","Sucker Punch"],"picked":"Bane","floor":11},{"not_picked":["Backflip","Reflex"],"picked":"Blur","floor":14},{"not_picked":["Die Die Die","Storm of Steel"],"picked":"Night Terror","floor":16},{"not_picked":["Deflect","Bane"],"picked":"Caltrops","floor":18},{"not_picked":["Slice","Calculated Gamble"],"picked":"Escape Plan+1","floor":20},{"not_picked":["Sucker Punch","Deflect","Distraction"],"picked":"SKIP","floor":22},{"not_picked":["Backstab","Infinite Blades"],"picked":"Escape Plan","floor":23},{"not_picked":["Blur","Wraith Form v2","Blade Dance"],"picked":"SKIP","floor":24},{"not_picked":["Blur","Blade Dance"],"picked":"Wraith Form v2","floor":24}],"player_experience":914646,"relics_obtained":[{"floor":7,"key":"Bag of Preparation"},{"floor":9,"key":"War Paint"},{"floor":11,"key":"Smiling Mask"},{"floor":14,"key":"Regal Pillow"},{"floor":23,"key":"Meat on the Bone"},{"floor":26,"key":"Pear"}],"event_choices":[{"cards_removed":["Strike_G"],"damage_healed":0,"gold_gain":0,"player_choice":"Card Removal","damage_taken":0,"max_hp_gain":0,"max_hp_loss":0,"event_name":"The Cleric","floor":10,"gold_loss":75},{"cards_removed":["Finisher"],"damage_healed":32,"gold_gain":0,"player_choice":"Offered Uncommon","damage_taken":0,"max_hp_gain":0,"max_hp_loss":0,"event_name":"Bonfire Elementals","floor":19,"gold_loss":0},{"damage_healed":0,"gold_gain":0,"player_choice":"Ignored","damage_taken":0,"max_hp_gain":0,"max_hp_loss":0,"event_name":"Ghosts","floor":27,"gold_loss":0}],"is_beta":false,"boss_relics":[{"not_picked":["Lizard Tail","Fusion Hammer"],"picked":"Pandora\u0027s Box"}],"items_purged_floors":[],"is_endless":false,"potions_floor_spawned":[2,3,14,16,23,24],"killed_by":"Slavers","ascension_level":17}