{"gold_per_floor":[112,76,89,9,9,44,9,21,21,21,35,35,55,66,66,171,171,184,184,199,199,210,210,225,225,225,236,236,0,100,114,114,210,210,221,221,235,20,33,33,50,50,104,154,180,193,193,204,204,204,204,204,25,54,54],"floor_reached":55,"playtime":4026,"items_purged":["Pain","Shame"],"score":749,"play_id":"f3138f95-c907-471b-b36a-f774057abaf2","local_time":"20190523230158","is_ascension_mode":false,"campfire_choices":[{"floor":10.0,"key":"RECALL"},{"data":"Hemokinesis","floor":12.0,"key":"SMITH"},{"data":"Immolate","floor":15.0,"key":"SMITH"},{"data":"Inflame","floor":23.0,"key":"SMITH"},{"data":"Heavy Blade","floor":25.0,"key":"SMITH"},{"floor":28.0,"key":"REST"},{"floor":32.0,"key":"REST"},{"floor":40.0,"key":"REST"},{"floor":42.0,"key":"REST"},{"data":"Combust","floor":47.0,"key":"SMITH"},{"floor":49.0,"key":"REST"},{"data":"Bash","floor":52.0,"key":"SMITH"}],"neow_cost":"NONE","seed_source_timestamp":506880058575111,"circlet_count":0,"master_deck":["Strike_R","Strike_R","Strike_R","Strike_R","Defend_R","Defend_R","Defend_R+1","Defend_R","Bash+1","Bloodletting","Sword Boomerang","Combust+1","Flame Barrier+1","Flame Barrier+1","Hemokinesis+1","Cleave","Rupture","Dual Wield+1","Immolate+1","Reaper","Pommel Strike+1","Inflame+1","Fire Breathing+1","Heavy Blade+1","Flex+1","Enlightenment+1","Power Through+1","Sword Boomerang+1","Heavy Blade+1","Offering+1","Power Through+1","Anger+1","Pommel Strike+1","Flex+1","Limit Break+1","True Grit+1","Mayhem","Flex+1","Heavy Blade+1","Parasite","Injury","Headbutt+1","Spot Weakness+1","Shrug It Off+1","Ghostly Armor+1","Rupture+1"],"special_seed":0,"relics":["Burning Blood","NeowsBlessing","Toxic Egg 2","Mercury Hourglass","Odd Mushroom","Cursed Key","Champion Belt","Singing Bowl","Orrery","Vajra","War Paint","PreservedInsect","Pen Nib"],"potions_floor_usage":[54,54],"damage_taken":[{"damage":0.0,"enemies":"Jaw Worm","floor":1.0,"turns":1.0},{"damage":0.0,"enemies":"2 Louse","floor":3.0,"turns":1.0},{"damage":2.0,"enemies":"Lagavulin","floor":6.0,"turns":2.0},{"damage":3.0,"enemies":"Cultist","floor":8.0,"turns":3.0},{"damage":2.0,"enemies":"Blue Slaver","floor":11.0,"turns":3.0},{"damage":5.0,"enemies":"The Mushroom Lair","floor":13.0,"turns":3.0},{"damage":0.0,"enemies":"3 Louse","floor":14.0,"turns":1.0},{"damage":58.0,"enemies":"Hexaghost","floor":16.0,"turns":7.0},{"damage":13.0,"enemies":"Chosen","floor":18.0,"turns":3.0},{"damage":11.0,"enemies":"2 Thieves","floor":20.0,"turns":2.0},{"damage":10.0,"enemies":"Centurion and Healer","floor":22.0,"turns":3.0},{"damage":28.0,"enemies":"Shelled Parasite and Fungi","floor":24.0,"turns":4.0},{"damage":33.0,"enemies":"Snake Plant","floor":27.0,"turns":4.0},{"damage":35.0,"enemies":"Colosseum Slavers","floor":30.0,"turns":4.0},{"damage":29.0,"enemies":"Colosseum Nobs","floor":30.0,"turns":4.0},{"damage":15.0,"enemies":"Cultist and Chosen","floor":31.0,"turns":6.0},{"damage":27.0,"enemies":"Collector","floor":33.0,"turns":7.0},{"damage":2.0,"enemies":"3 Shapes","floor":35.0,"turns":3.0},{"damage":6.0,"enemies":"3 Darklings","floor":37.0,"turns":2.0},{"damage":35.0,"enemies":"Transient","floor":39.0,"turns":5.0},{"damage":22.0,"enemies":"Writhing Mass","floor":41.0,"turns":6.0},{"damage":11.0,"enemies":"Giant Head","floor":45.0,"turns":6.0},{"damage":16.0,"enemies":"Sphere and 2 Shapes","floor":46.0,"turns":3.0},{"damage":27.0,"enemies":"Transient","floor":48.0,"turns":5.0},{"damage":44.0,"enemies":"Donu and Deca","floor":50.0,"turns":4.0},{"damage":57,"enemies":"Shield and Spear","floor":54,"turns":5},{"damage":33,"enemies":"The Heart","floor":55,"turns":3}],"seed_played":"5511515519280316672","potions_obtained":[{"floor":3.0,"key":"SteroidPotion"},{"floor":11.0,"key":"Ancient Potion"},{"floor":13.0,"key":"Explosive Potion"},{"floor":14.0,"key":"LiquidBronze"},{"floor":16.0,"key":"LiquidBronze"},{"floor":27.0,"key":"SneckoOil"},{"floor":31.0,"key":"EssenceOfSteel"},{"floor":33.0,"key":"SteroidPotion"},{"floor":35.0,"key":"EssenceOfSteel"}],"is_trial":false,"path_per_floor":["M","?","M","$","?","E","$","M","T","R","M","R","?","M","R","B",null,"M","?","M","?","M","R","M","R","T","M","R","$","?","M","R","B",null,"M","?","M","$","M","R","M","R","T","T","E","M","R","M","R","B",null,"R","$","E","B"],"character_chosen":"IRONCLAD","items_purchased":["Combust","Hemokinesis","Enlightenment+1","Power Through+1","Mayhem","Flex+1","Ghostly Armor+1"],"campfire_rested":5,"item_purchase_floors":[4,7,29,29,38,38,53],"current_hp_per_floor":[80,80,80,80,80,80,80,80,80,80,80,80,80,80,80,28,80,73,73,68,68,64,64,50,50,50,23,47,47,23,19,43,51,80,82,82,82,82,53,77,63,84,84,84,79,78,78,65,84,46,84,84,84,33,0],"gold":54,"neow_bonus":"THREE_ENEMY_KILL","is_prod":false,"is_daily":false,"chose_seed":false,"campfire_upgraded":6,"win_rate":0,"timestamp":1558616518,"path_taken":["M","?","M","$","?","E","$","M","T","R","?","R","?","M","R","BOSS","M","?","M","?","M","R","M","R","T","M","R","$","?","?","R","BOSS","M","?","M","$","M","R","M","R","T","?","E","M","R","M","R","BOSS","R","$","E","BOSS"],"build_version":"2019-01-23","purchased_purges":2,"victory":false,"max_hp_per_floor":[80,80,80,80,80,80,80,80,80,80,80,80,80,80,80,80,80,80,80,80,80,80,80,80,80,80,80,80,80,80,80,80,80,80,82,82,82,82,82,82,84,84,84,84,84,84,84,84,84,84,84,84,84,84,84],"card_choices":[{"not_picked":["Thunderclap","Warcry"],"picked":"Bloodletting","floor":1.0},{"not_picked":["True Grit","Clash"],"picked":"Sword Boomerang","floor":3.0},{"not_picked":["Second Wind","Anger"],"picked":"Flame Barrier","floor":6.0},{"not_picked":["Anger","Thunderclap"],"picked":"Cleave","floor":8.0},{"not_picked":["Armaments+1","Hemokinesis"],"picked":"Rupture","floor":11.0},{"not_picked":["Ghostly Armor+1","Pommel Strike"],"picked":"Dual Wield+1","floor":13.0},{"not_picked":["True Grit+1","Body Slam"],"picked":"Immolate","floor":14.0},{"not_picked":["Dark Embrace","Double Tap+1"],"picked":"Reaper","floor":16.0},{"not_picked":["Clash","Reckless Charge+1"],"picked":"Pommel Strike+1","floor":18.0},{"not_picked":["Bloodletting+1","Wild Strike"],"picked":"True Grit+1","floor":20.0},{"not_picked":["Clothesline","Clash+1"],"picked":"Fire Breathing+1","floor":22.0},{"not_picked":["Clothesline","Fire Breathing+1"],"picked":"Heavy Blade","floor":24.0},{"not_picked":["Sword Boomerang","Feed"],"picked":"Flex+1","floor":27.0},{"not_picked":["Havoc+1","Shrug It Off+1"],"picked":"Sword Boomerang+1","floor":30.0},{"not_picked":["Intimidate+1","Pommel Strike"],"picked":"Heavy Blade+1","floor":31.0},{"not_picked":["Demon Form","Barricade"],"picked":"Offering+1","floor":33.0},{"not_picked":["Shrug It Off+1","Sever Soul"],"picked":"Power Through+1","floor":34.0},{"not_picked":["Sever Soul","Perfected Strike+1"],"picked":"Anger+1","floor":34.0},{"not_picked":["Wild Strike","True Grit+1"],"picked":"Pommel Strike+1","floor":34.0},{"not_picked":["Pommel Strike+1","Rampage"],"picked":"Flex+1","floor":34.0},{"not_picked":["Twin Strike+1","Iron Wave"],"picked":"Limit Break+1","floor":34.0},{"not_picked":["Warcry+1","Thunderclap","Wild Strike"],"picked":"Singing Bowl","floor":35.0},{"not_picked":["Whirlwind","Armaments+1"],"picked":"True Grit+1","floor":37.0},{"not_picked":["Sentinel+1","Wild Strike"],"picked":"Heavy Blade+1","floor":39.0},{"not_picked":["Searing Blow+1","Reckless Charge+1","Flame Barrier+1"],"picked":"Singing Bowl","floor":41.0},{"not_picked":["Armaments+1","Clothesline"],"picked":"Headbutt+1","floor":45.0},{"not_picked":["Anger+1","Second Wind+1"],"picked":"Spot Weakness+1","floor":46.0},{"not_picked":["Reaper","Perfected Strike"],"picked":"Shrug It Off+1","floor":48.0},{"not_picked":["Offering+1","Feed"],"picked":"Rupture+1","floor":54}],"player_experience":1972216,"relics_obtained":[{"floor":6.0,"key":"Toxic Egg 2"},{"floor":9.0,"key":"Mercury Hourglass"},{"floor":13.0,"key":"Odd Mushroom"},{"floor":30.0,"key":"Champion Belt"},{"floor":30.0,"key":"Singing Bowl"},{"floor":43.0,"key":"Vajra"},{"floor":44.0,"key":"War Paint"},{"floor":45.0,"key":"PreservedInsect"},{"floor":54,"key":"Pen Nib"}],"event_choices":[{"damage_healed":0.0,"max_hp_gain":0.0,"max_hp_loss":0.0,"gold_gain":0.0,"event_name":"World of Goop","player_choice":"Left Gold","floor":2.0,"gold_loss":36.0,"damage_taken":0.0},{"damage_healed":0.0,"max_hp_gain":0.0,"max_hp_loss":0.0,"gold_gain":0.0,"cards_transformed":["Strike_R"],"event_name":"Transmorgrifier","player_choice":"Transformed","floor":5.0,"gold_loss":0.0,"damage_taken":0.0,"cards_obtained":["Flame Barrier"]},{"damage_healed":0.0,"max_hp_gain":0.0,"max_hp_loss":0.0,"gold_gain":0.0,"event_name":"Mushrooms","player_choice":"Fought Mushrooms","floor":13.0,"gold_loss":0.0,"damage_taken":0.0},{"damage_healed":0.0,"max_hp_gain":0.0,"max_hp_loss":0.0,"gold_gain":0.0,"event_name":"Vampires","player_choice":"Ignored","floor":19.0,"gold_loss":0.0,"damage_taken":0.0},{"damage_healed":0.0,"max_hp_gain":0.0,"max_hp_loss":0.0,"gold_gain":0.0,"event_name":"The Library","player_choice":"Read","floor":21.0,"gold_loss":0.0,"damage_taken":0.0,"cards_obtained":["Inflame"]},{"damage_healed":0.0,"max_hp_gain":0.0,"max_hp_loss":0.0,"gold_gain":0.0,"event_name":"Colosseum","player_choice":"Fight","floor":30.0,"gold_loss":0.0,"damage_taken":0.0},{"damage_healed":0.0,"max_hp_gain":0.0,"max_hp_loss":0.0,"gold_gain":0.0,"event_name":"Colosseum","player_choice":"Fought Nobs","floor":30.0,"gold_loss":0.0,"damage_taken":0.0},{"cards_removed":["True Grit"],"damage_healed":0.0,"max_hp_gain":0.0,"max_hp_loss":0.0,"gold_gain":0.0,"event_name":"Falling","player_choice":"Removed Skill","floor":36.0,"gold_loss":0.0,"damage_taken":0.0}],"is_beta":false,"boss_relics":[{"not_picked":["Empty Cage","Snecko Eye"],"picked":"Cursed Key"},{"not_picked":["Runic Pyramid","White Beast Statue"],"picked":"Orrery"}],"items_purged_floors":[29,53],"is_endless":false,"potions_floor_spawned":[3,11,13,14,16,27,31,33,35],"killed_by":"The Heart","ascension_level":0}