{"gold_per_floor":[111,122,132,151,162,162,197,197,197,197,217,14,24,34,34,129,129,139,119,71,89,55,55],"floor_reached":23,"playtime":1175,"items_purged":[],"score":273,"play_id":"72fb8a95-fa8d-4d3c-bffe-fde7f75fa559","local_time":"20190611221221","is_ascension_mode":true,"campfire_choices":[{"floor":6,"key":"REST"},{"data":"Venomology","floor":8,"key":"SMITH"},{"floor":15,"key":"REST"}],"neow_cost":"PERCENT_DAMAGE","seed_source_timestamp":434178630586892,"circlet_count":0,"master_deck":["Defend_G","Defend_G","Defend_G","Defend_G","Defend_G","Strike_G","Strike_G","Strike_G","Strike_G","Strike_G","Survivor","Neutralize","Good Instincts","Sadistic Nature","Flying Knee","Infinite Blades","Bane","Deadly Poison","Terror","Venomology+1","Quick Slash","Bane","Deadly Poison","Tools of the Trade","Poisoned Stab+1","Blade Dance","Crippling Poison","Calculated Gamble"],"relics":["Ring of the Snake","Snake Skull","Blue Candle","Toy Ornithopter","Runic Pyramid"],"potions_floor_usage":[7,7,11,14,14,16,16,18,21,21],"damage_taken":[{"damage":1,"enemies":"2 Louse","floor":1,"turns":4},{"damage":0,"enemies":"Cultist","floor":2,"turns":4},{"damage":1,"enemies":"Small Slimes","floor":3,"turns":4},{"damage":5,"enemies":"Exordium Wildlife","floor":4,"turns":4},{"damage":4,"enemies":"2 Fungi Beasts","floor":5,"turns":4},{"damage":22,"enemies":"Gremlin Nob","floor":7,"turns":4},{"damage":10,"enemies":"Large Slime","floor":11,"turns":5},{"damage":24,"enemies":"Gremlin Gang","floor":13,"turns":6},{"damage":22,"enemies":"Exordium Wildlife","floor":14,"turns":4},{"damage":15,"enemies":"Hexaghost","floor":16,"turns":7},{"damage":0,"enemies":"Chosen","floor":18,"turns":4},{"damage":17,"enemies":"2 Thieves","floor":21,"turns":4},{"damage":78,"enemies":"Slavers","floor":23,"turns":3}],"seed_played":"-8501243633531926223","potions_obtained":[{"floor":2,"key":"FearPotion"},{"floor":4,"key":"Regen Potion"},{"floor":11,"key":"SneckoOil"},{"floor":14,"key":"Block Potion"},{"floor":19,"key":"FairyPotion"},{"floor":21,"key":"EssenceOfSteel"}],"is_trial":false,"path_per_floor":["M","M","M","M","M","R","E","R","T","?","M","$","M","M","R","B",null,"M","?","$","M","$","E"],"character_chosen":"THE_SILENT","items_purchased":["Toy Ornithopter","Blade Dance","Calculated Gamble"],"campfire_rested":2,"item_purchase_floors":[12,20,22],"current_hp_per_floor":[44,44,43,38,34,55,45,45,45,68,58,58,34,22,43,38,62,67,67,67,58,58,0],"gold":55,"neow_bonus":"RANDOM_COLORLESS_2","is_prod":false,"is_daily":false,"chose_seed":false,"campfire_upgraded":1,"win_rate":0,"timestamp":1560255141,"path_taken":["M","M","M","M","M","R","E","R","T","?","M","$","M","M","R","BOSS","M","?","$","?","$","E"],"build_version":"2019-01-23","purchased_purges":0,"victory":false,"max_hp_per_floor":[70,70,70,70,70,70,70,70,70,70,70,70,70,70,70,70,70,70,70,70,70,70,70],"card_choices":[{"not_picked":["Backflip","Dodge and Roll"],"picked":"Flying Knee","floor":1},{"not_picked":["Slice","Eviscerate"],"picked":"Infinite Blades","floor":2},{"not_picked":["Outmaneuver","Expertise"],"picked":"Bane","floor":3},{"not_picked":["Masterful Stab","Bane"],"picked":"Deadly Poison","floor":4},{"not_picked":["PiercingWail","Underhanded Strike"],"picked":"Terror","floor":5},{"not_picked":["Sucker Punch","Well Laid Plans"],"picked":"Venomology","floor":7},{"not_picked":["All Out Attack","Well Laid Plans"],"picked":"Quick Slash","floor":11},{"not_picked":["Dagger Throw","Dash"],"picked":"Bane","floor":13},{"not_picked":["Poisoned Stab","Sucker Punch"],"picked":"Deadly Poison","floor":14},{"not_picked":["Phantasmal Killer","Storm of Steel"],"picked":"Tools of the Trade","floor":16},{"not_picked":["Reflex","Terror"],"picked":"Poisoned Stab+1","floor":18},{"not_picked":["Outmaneuver+1","Escape Plan+1"],"picked":"Crippling Poison","floor":21}],"player_experience":2018853,"relics_obtained":[{"floor":7,"key":"Snake Skull"},{"floor":9,"key":"Blue Candle"}],"event_choices":[{"damage_healed":23,"gold_gain":0,"player_choice":"Banana","damage_taken":0,"max_hp_gain":0,"max_hp_loss":0,"event_name":"Big Fish","floor":10,"gold_loss":0},{"damage_healed":0,"gold_gain":0,"player_choice":"Bought 1 Potion","damage_taken":0,"max_hp_gain":0,"max_hp_loss":0,"event_name":"The Woman in Blue","floor":19,"gold_loss":0}],"is_beta":false,"boss_relics":[{"not_picked":["Orrery","Fusion Hammer"],"picked":"Runic Pyramid"}],"items_purged_floors":[],"is_endless":false,"potions_floor_spawned":[2,4,11,14,21],"killed_by":"Slavers","ascension_level":8}