{"gold_per_floor":[118,129,129,129,154,195,195,230,254,224,224,224,224,239,239,367,367,388,388],"floor_reached":19,"playtime":1616,"items_purged":[],"score":263,"play_id":"127bd3db-cfe1-4f40-adb9-ec262aa5ae16","local_time":"20190307222851","is_ascension_mode":true,"campfire_choices":[{"floor":7,"key":"REST"},{"floor":11,"key":"REST"},{"floor":13,"key":"REST"},{"floor":15,"key":"REST"}],"neow_cost":"NONE","seed_source_timestamp":267148932425635,"circlet_count":0,"master_deck":["AscendersBane","Strike_R","Strike_R+1","Strike_R","Strike_R","Strike_R","Defend_R","Defend_R+1","Defend_R","Defend_R","Bash","Flex","Feel No Pain","Fire Breathing","Dual Wield","Limit Break","Sever Soul","Barricade","Rage"],"relics":["Burning Blood","NeowsBlessing","Golden Idol","Pen Nib","Juzu Bracelet","Bag of Marbles","Philosopher\u0027s Stone"],"potions_floor_usage":[6,8,14,18,18],"damage_taken":[{"damage":0,"enemies":"Small Slimes","floor":1,"turns":1},{"damage":0,"enemies":"Cultist","floor":2,"turns":1},{"damage":0,"enemies":"2 Louse","floor":5,"turns":1},{"damage":66,"enemies":"Gremlin Nob","floor":6,"turns":6},{"damage":33,"enemies":"3 Sentries","floor":8,"turns":13},{"damage":18,"enemies":"Blue Slaver","floor":14,"turns":4},{"damage":27,"enemies":"Slime Boss","floor":16,"turns":10},{"damage":48,"enemies":"3 Byrds","floor":18,"turns":3},{"damage":31,"enemies":"Shell Parasite","floor":19,"turns":4}],"seed_played":"-4072764594222866381","potions_obtained":[{"floor":1,"key":"AttackPotion"},{"floor":2,"key":"Swift Potion"},{"floor":10,"key":"BloodPotion"},{"floor":10,"key":"LiquidBronze"},{"floor":16,"key":"SteroidPotion"}],"is_trial":false,"path_per_floor":["M","M","?","?","M","E","R","E","T","?","R","?","R","M","R","B",null,"M","M"],"character_chosen":"IRONCLAD","items_purchased":[],"campfire_rested":4,"item_purchase_floors":[],"current_hp_per_floor":[78,80,64,64,70,10,34,7,7,7,31,24,48,44,68,47,72,30,0],"gold":388,"neow_bonus":"THREE_ENEMY_KILL","is_prod":false,"is_daily":false,"chose_seed":false,"campfire_upgraded":0,"win_rate":0,"timestamp":1551958131,"path_taken":["M","M","?","?","M","E","R","E","T","?","R","?","R","M","R","BOSS","M","M"],"build_version":"2019-01-23","purchased_purges":0,"victory":false,"max_hp_per_floor":[80,80,80,80,80,80,80,80,80,80,80,80,80,80,80,80,80,80,80],"card_choices":[{"not_picked":["Uppercut","Corruption"],"picked":"Flex","floor":1},{"not_picked":["Cleave","Flex"],"picked":"Feel No Pain","floor":2},{"not_picked":["Second Wind","Reckless Charge"],"picked":"Fire Breathing","floor":5},{"not_picked":["Twin Strike","True Grit"],"picked":"Dual Wield","floor":6},{"not_picked":["Entrench","Uppercut"],"picked":"Limit Break","floor":8},{"not_picked":["Armaments","Bloodletting"],"picked":"Sever Soul","floor":14},{"not_picked":["Offering","Feed"],"picked":"Barricade","floor":16},{"not_picked":["Searing Blow","Sentinel"],"picked":"Rage","floor":18}],"player_experience":843962,"relics_obtained":[{"floor":6,"key":"Pen Nib"},{"floor":8,"key":"Juzu Bracelet"},{"floor":9,"key":"Bag of Marbles"}],"event_choices":[{"damage_healed":0,"gold_gain":0,"player_choice":"Entered Light","damage_taken":16,"max_hp_gain":0,"max_hp_loss":0,"event_name":"Shining Light","floor":3,"gold_loss":0,"cards_upgraded":["Strike_R","Defend_R"]},{"damage_healed":0,"gold_gain":0,"player_choice":"Take Wound","damage_taken":0,"relics_obtained":["Golden Idol"],"max_hp_gain":0,"max_hp_loss":0,"event_name":"Golden Idol","floor":4,"gold_loss":0,"cards_obtained":["Injury"]},{"damage_healed":0,"gold_gain":0,"player_choice":"Bought 2 Potions","damage_taken":0,"max_hp_gain":0,"max_hp_loss":0,"event_name":"The Woman in Blue","floor":10,"gold_loss":0},{"cards_removed":["Injury"],"damage_healed":0,"gold_gain":0,"player_choice":"Card Removal","damage_taken":7,"max_hp_gain":0,"max_hp_loss":0,"event_name":"Golden Wing","floor":12,"gold_loss":0}],"is_beta":false,"boss_relics":[{"not_picked":["White Beast Statue","Astrolabe"],"picked":"Philosopher\u0027s Stone"}],"items_purged_floors":[],"is_endless":false,"potions_floor_spawned":[1,2,16],"killed_by":"Shell Parasite","ascension_level":10}