{"gold_per_floor":[119,119,1,1,21,21,55,55,55,55,74,94,94,112,112,217,217,232,232,248,248,263,263,263,263,263,274,274,274,274,308,308,409,409,428,428,428,4,22,22,22,36,36,36,56,156,156,156,156,156],"floor_reached":50,"playtime":106820,"items_purged":["Decay"],"score":653,"play_id":"b11d4410-e7a4-4fa2-b036-0940317e3f87","local_time":"20190507222819","is_ascension_mode":true,"campfire_choices":[{"data":"Zap","floor":6.0,"key":"SMITH"},{"floor":8.0,"key":"DIG"},{"data":"Storm","floor":10.0,"key":"SMITH"},{"data":"Dualcast","floor":13.0,"key":"SMITH"},{"data":"Core Surge","floor":15.0,"key":"SMITH"},{"floor":23.0,"key":"REST"},{"floor":28.0,"key":"REST"},{"floor":30.0,"key":"DIG"},{"floor":32.0,"key":"DIG"},{"data":"Buffer","floor":40.0,"key":"SMITH"},{"floor":47.0,"key":"REST"},{"floor":49.0,"key":"DIG"}],"neow_cost":"NONE","seed_source_timestamp":400574976714188,"circlet_count":0,"master_deck":["Defend_B","Defend_B","Defend_B","Zap+1","Dualcast+1","Coolheaded","Sunder","Capacitor+1","Scrape","Storm+1","Beam Cell","Conserve Battery","Core Surge+1","Buffer+1","Doom and Gloom+1","Bite+1","Bite+1","Bite+1","Bite+1","Bite+1","Sweeping Beam+1","Go for the Eyes+1","Meteor Strike+1","Coolheaded","Electrodynamics","Ball Lightning+1","Mind Blast+1","Cold Snap+1","Blizzard+1","Capacitor+1","Redo+1","Sweeping Beam+1"],"special_seed":0,"relics":["FrozenCore","NeowsBlessing","Du-Vu Doll","Shovel","Bottled Tornado","Bronze Scales","Calling Bell","Juzu Bracelet","Molten Egg 2","Girya","Bag of Preparation","Pear","Unceasing Top","Blood Vial","Happy Flower","HandDrill","Blue Candle","DataDisk"],"potions_floor_usage":[],"damage_taken":[{"damage":0.0,"enemies":"Jaw Worm","floor":1.0,"turns":1.0},{"damage":0.0,"enemies":"Small Slimes","floor":5.0,"turns":1.0},{"damage":0.0,"enemies":"3 Sentries","floor":7.0,"turns":1.0},{"damage":0.0,"enemies":"Cultist","floor":11.0,"turns":3.0},{"damage":11.0,"enemies":"Looter","floor":12.0,"turns":2.0},{"damage":2.0,"enemies":"Large Slime","floor":14.0,"turns":5.0},{"damage":43.0,"enemies":"Hexaghost","floor":16.0,"turns":10.0},{"damage":13.0,"enemies":"3 Byrds","floor":18.0,"turns":2.0},{"damage":26.0,"enemies":"Spheric Guardian","floor":20.0,"turns":4.0},{"damage":42.0,"enemies":"3 Cultists","floor":22.0,"turns":4.0},{"damage":16.0,"enemies":"Snake Plant","floor":27.0,"turns":3.0},{"damage":2.0,"enemies":"Gremlin Leader","floor":31.0,"turns":6.0},{"damage":45.0,"enemies":"Collector","floor":33.0,"turns":12.0},{"damage":22.0,"enemies":"Orb Walker","floor":35.0,"turns":4.0},{"damage":24.0,"enemies":"3 Shapes","floor":39.0,"turns":5.0},{"damage":22.0,"enemies":"Maw","floor":42.0,"turns":9.0},{"damage":21.0,"enemies":"3 Darklings","floor":45.0,"turns":3.0},{"damage":0.0,"enemies":"4 Shapes","floor":48.0,"turns":1.0},{"damage":66,"enemies":"Donu and Deca","floor":50,"turns":4}],"seed_played":"-497454194025392904","potions_obtained":[{"floor":11.0,"key":"FearPotion"},{"floor":12.0,"key":"Block Potion"},{"floor":14.0,"key":"Explosive Potion"},{"floor":16.0,"key":"Dexterity Potion"},{"floor":20.0,"key":"Poison Potion"},{"floor":33.0,"key":"Poison Potion"},{"floor":45.0,"key":"SmokeBomb"}],"is_trial":false,"path_per_floor":["M","?","$","?","M","R","E","R","T","R","M","M","R","M","R","B",null,"M","?","M","?","M","R","T","?","T","M","R","?","R","E","R","B",null,"M","?","?","$","M","R","?","M","T","?","M","?","R","M","R","B"],"character_chosen":"DEFECT","items_purchased":["Sunder","Capacitor","Cold Snap+1","HandDrill","Blizzard+1","Explosive Potion"],"campfire_rested":3,"item_purchase_floors":[3,3,38,38,38,38],"current_hp_per_floor":[68,65,65,65,65,65,65,65,65,65,65,54,54,52,52,9,59,46,46,32,49,13,28,28,28,38,22,39,39,39,52,52,56,58,49,49,49,49,36,36,36,37,37,37,30,30,47,49,49,0],"gold":156,"neow_bonus":"THREE_ENEMY_KILL","is_prod":false,"is_daily":false,"chose_seed":false,"campfire_upgraded":5,"win_rate":0,"timestamp":1557232099,"path_taken":["M","?","$","?","M","R","E","R","T","R","?","M","R","M","R","BOSS","M","?","M","?","M","R","?","?","T","M","R","?","R","E","R","BOSS","M","?","?","$","M","R","?","M","T","?","M","?","R","M","R","BOSS"],"build_version":"2019-01-23","purchased_purges":1,"victory":false,"max_hp_per_floor":[75,75,75,75,75,75,75,75,75,75,75,75,75,75,75,75,75,75,52,52,52,52,52,52,49,59,59,59,59,59,59,59,59,59,59,59,59,59,59,59,59,59,59,59,59,59,59,59,59,59],"card_choices":[{"not_picked":["Streamline","Ball Lightning"],"picked":"Coolheaded","floor":1.0},{"not_picked":["Hologram","Meteor Strike"],"picked":"Scrape","floor":5.0},{"not_picked":["Redo","Go for the Eyes"],"picked":"Storm","floor":7.0},{"not_picked":["Gash","Compile Driver"],"picked":"Beam Cell","floor":11.0},{"not_picked":["Stack","Hologram"],"picked":"Conserve Battery","floor":12.0},{"not_picked":["Go for the Eyes","Ball Lightning"],"picked":"Core Surge","floor":14.0},{"not_picked":["Rainbow","Reboot"],"picked":"Buffer","floor":16.0},{"not_picked":["Gash+1","Ball Lightning+1"],"picked":"Doom and Gloom+1","floor":18.0},{"not_picked":["Turbo","Beam Cell+1"],"picked":"Sweeping Beam+1","floor":20.0},{"not_picked":["Hologram","Gash+1"],"picked":"Go for the Eyes+1","floor":22.0},{"not_picked":["Genetic Algorithm+1","Steam Power"],"picked":"Meteor Strike+1","floor":27.0},{"not_picked":["Rebound+1","Gash+1"],"picked":"Coolheaded","floor":31.0},{"not_picked":["Hyperbeam+1","Reboot"],"picked":"Electrodynamics","floor":33.0},{"not_picked":["Coolheaded","Recycle"],"picked":"Ball Lightning+1","floor":35.0},{"not_picked":["Panacea","Dark Shackles"],"picked":"Mind Blast+1","floor":37.0},{"not_picked":["Reinforced Body","Ball Lightning+1"],"picked":"Capacitor+1","floor":39.0},{"not_picked":["Gash+1","Beam Cell+1"],"picked":"Redo+1","floor":42.0},{"not_picked":["Steam Power+1","Go for the Eyes+1"],"picked":"Sweeping Beam+1","floor":45.0}],"player_experience":1584628,"relics_obtained":[{"floor":7.0,"key":"Shovel"},{"floor":8.0,"key":"Bottled Tornado"},{"floor":9.0,"key":"Bronze Scales"},{"floor":17.0,"key":"Juzu Bracelet"},{"floor":17.0,"key":"Molten Egg 2"},{"floor":17.0,"key":"Girya"},{"floor":24.0,"key":"Bag of Preparation"},{"floor":26.0,"key":"Pear"},{"floor":30.0,"key":"Unceasing Top"},{"floor":31.0,"key":"Blood Vial"},{"floor":32.0,"key":"Happy Flower"},{"floor":43.0,"key":"Blue Candle"},{"floor":49.0,"key":"DataDisk"}],"event_choices":[{"damage_healed":0.0,"max_hp_gain":0.0,"max_hp_loss":0.0,"gold_gain":0.0,"event_name":"Scrap Ooze","player_choice":"Success","floor":2.0,"gold_loss":0.0,"damage_taken":3.0,"relics_obtained":["Du-Vu Doll"]},{"damage_healed":0.0,"max_hp_gain":0.0,"max_hp_loss":0.0,"gold_gain":0.0,"event_name":"Upgrade Shrine","player_choice":"Upgraded","floor":4.0,"gold_loss":0.0,"damage_taken":0.0,"cards_upgraded":["Capacitor"]},{"damage_healed":0.0,"max_hp_gain":0.0,"max_hp_loss":23.0,"gold_gain":0.0,"event_name":"Vampires","player_choice":"Became a vampire","floor":19.0,"gold_loss":0.0,"damage_taken":0.0,"cards_obtained":["Bite","Bite","Bite","Bite","Bite"]},{"damage_healed":17.0,"max_hp_gain":0.0,"max_hp_loss":0.0,"gold_gain":0.0,"event_name":"The Library","player_choice":"Heal","floor":21.0,"gold_loss":0.0,"damage_taken":0.0},{"cards_removed":["Pain","Parasite","Regret"],"damage_healed":0.0,"max_hp_gain":0.0,"max_hp_loss":0.0,"gold_gain":0.0,"event_name":"Fountain of Cleansing","player_choice":"Removed Curses","floor":25.0,"gold_loss":0.0,"damage_taken":0.0},{"damage_healed":0.0,"max_hp_gain":0.0,"max_hp_loss":0.0,"gold_gain":0.0,"event_name":"Forgotten Altar","player_choice":"Smashed Altar","floor":29.0,"gold_loss":0.0,"damage_taken":0.0,"cards_obtained":["Decay"]},{"damage_healed":0.0,"max_hp_gain":0.0,"max_hp_loss":0.0,"gold_gain":0.0,"event_name":"Tomb of Lord Red Mask","player_choice":"Ignored","floor":36.0,"gold_loss":0.0,"damage_taken":0.0},{"damage_healed":0.0,"max_hp_gain":0.0,"max_hp_loss":0.0,"gold_gain":0.0,"event_name":"SensoryStone","player_choice":"Memory 1","floor":37.0,"gold_loss":0.0,"damage_taken":0.0},{"cards_removed":["Defend_B"],"damage_healed":0.0,"max_hp_gain":0.0,"max_hp_loss":0.0,"gold_gain":0.0,"event_name":"Purifier","player_choice":"Purged","floor":41.0,"gold_loss":0.0,"damage_taken":0.0},{"damage_healed":0.0,"max_hp_gain":0.0,"max_hp_loss":0.0,"gold_gain":0.0,"event_name":"Mysterious Sphere","player_choice":"Ignored","floor":44.0,"gold_loss":0.0,"damage_taken":0.0},{"damage_healed":0.0,"max_hp_gain":0.0,"max_hp_loss":0.0,"gold_gain":100.0,"event_name":"Golden Shrine","player_choice":"Pray","floor":46.0,"gold_loss":0.0,"damage_taken":0.0}],"is_beta":false,"boss_relics":[{"not_picked":["Sozu","Snecko Eye"],"picked":"Calling Bell"},{"not_picked":["Pandora\u0027s Box","Eternal Feather"],"picked":"FrozenCore"}],"items_purged_floors":[38],"is_endless":false,"potions_floor_spawned":[11,12,14,16,20,33,45],"killed_by":"Donu and Deca","ascension_level":6}