{"gold_per_floor":[109,8,19,19,34,34,67,67,67,99,111,111,111,130,130,225,225,241,255,275,25,45,45,45],"floor_reached":24,"playtime":4138,"items_purged":["Strike_R"],"score":229,"play_id":"b293b151-5707-444b-a620-d52454b0f81e","local_time":"20190122234255","is_ascension_mode":true,"campfire_choices":[{"floor":6.0,"key":"RECALL"},{"data":"Armaments","floor":13.0,"key":"SMITH"},{"data":"True Grit","floor":15.0,"key":"SMITH"},{"data":"Barricade","floor":23,"key":"SMITH"}],"neow_cost":"NONE","seed_source_timestamp":610313478242514,"circlet_count":0,"master_deck":["Bash","Immolate","Anger","Warcry","Headbutt","Metallicize","Armaments+1","Impervious","Shrug It Off","True Grit+1","Barricade+1","Anger","Sword Boomerang","Havoc","Metallicize","Double Tap","Hemokinesis","Battle Trance","Uppercut","Dual Wield+1","Blood for Blood","Perfected Strike+1","Flex","Dramatic Entrance","Body Slam","Rupture","Seeing Red"],"special_seed":0,"relics":["Burning Blood","Blue Candle","Pear","Anchor","Pandora\u0027s Box"],"potions_floor_usage":[],"damage_taken":[{"damage":5.0,"enemies":"Small Slimes","floor":1.0,"turns":2.0},{"damage":0.0,"enemies":"Cultist","floor":3.0,"turns":2.0},{"damage":0.0,"enemies":"2 Louse","floor":5.0,"turns":2.0},{"damage":19.0,"enemies":"3 Sentries","floor":7.0,"turns":3.0},{"damage":32.0,"enemies":"Lagavulin","floor":10.0,"turns":8.0},{"damage":0.0,"enemies":"Gremlin Gang","floor":11.0,"turns":2.0},{"damage":0.0,"enemies":"Exordium Wildlife","floor":14.0,"turns":2.0},{"damage":28.0,"enemies":"Slime Boss","floor":16.0,"turns":10.0},{"damage":6,"enemies":"Chosen","floor":18,"turns":6},{"damage":14,"enemies":"2 Thieves","floor":19,"turns":4},{"damage":26,"enemies":"Chosen and Byrds","floor":20,"turns":7},{"damage":23,"enemies":"Centurion and Healer","floor":22,"turns":11},{"damage":51,"enemies":"Gremlin Leader","floor":24,"turns":7}],"seed_played":"-8944343431461242357","potions_obtained":[{"floor":3.0,"key":"Fire Potion"},{"floor":10.0,"key":"Dexterity Potion"},{"floor":11.0,"key":"SpeedPotion"},{"floor":14.0,"key":"Poison Potion"}],"is_trial":false,"path_per_floor":["M","$","M","?","M","R","E","$","T","E","M","?","R","M","R","B",null,"M","M","M","$","M","R","E"],"character_chosen":"IRONCLAD","items_purchased":["Warcry","Flex","Dramatic Entrance","Body Slam","Rupture"],"campfire_rested":0,"item_purchase_floors":[2,21,21,21,21],"current_hp_per_floor":[80,80,80,80,80,80,67,67,67,51,57,57,57,63,63,41,90,90,82,62,62,45,45,0],"gold":45,"neow_bonus":"ONE_RANDOM_RARE_CARD","is_prod":false,"is_daily":false,"chose_seed":false,"campfire_upgraded":3,"win_rate":0,"timestamp":1548160975,"path_taken":["M","$","M","?","?","R","E","?","T","E","M","?","R","?","R","BOSS","M","M","M","$","M","R","E"],"build_version":"2019-01-17v2","purchased_purges":1,"victory":false,"max_hp_per_floor":[80,80,80,80,80,80,80,80,80,90,90,90,90,90,90,90,90,90,90,90,90,90,90,90],"card_choices":[{"not_picked":["Wild Strike","Clash"],"picked":"Anger","floor":1.0},{"not_picked":["True Grit","Intimidate"],"picked":"Headbutt","floor":3.0},{"not_picked":["Rampage","Bloodletting"],"picked":"Metallicize","floor":5.0},{"not_picked":["Power Through","Perfected Strike"],"picked":"Armaments","floor":7.0},{"not_picked":["Armaments","Second Wind"],"picked":"Impervious","floor":10.0},{"not_picked":["Iron Wave","Combust"],"picked":"Shrug It Off","floor":11.0},{"not_picked":["Feel No Pain","Reckless Charge"],"picked":"True Grit","floor":14.0},{"not_picked":["Double Tap","Immolate"],"picked":"Barricade","floor":16.0},{"not_picked":["Clash","Battle Trance+1"],"picked":"Dual Wield+1","floor":18},{"not_picked":["Havoc+1","Anger+1"],"picked":"Blood for Blood","floor":19},{"not_picked":["Armaments","Twin Strike"],"picked":"Perfected Strike+1","floor":20},{"not_picked":["Anger","Perfected Strike"],"picked":"Seeing Red","floor":22}],"player_experience":133296,"relics_obtained":[{"floor":7.0,"key":"Blue Candle"},{"floor":10.0,"key":"Pear"}],"event_choices":[{"damage_healed":0.0,"max_hp_gain":0.0,"max_hp_loss":0.0,"gold_gain":0.0,"event_name":"Wheel of Change","player_choice":"Full Heal","floor":4.0,"gold_loss":0.0,"damage_taken":0.0},{"damage_healed":0.0,"max_hp_gain":0.0,"max_hp_loss":0.0,"gold_gain":0.0,"event_name":"WeMeetAgain","player_choice":"Gave Potion","floor":12.0,"gold_loss":0.0,"damage_taken":0.0,"relics_obtained":["Anchor"]}],"is_beta":false,"boss_relics":[{"not_picked":["Philosopher\u0027s Stone","Ectoplasm"],"picked":"Pandora\u0027s Box"}],"items_purged_floors":[2],"is_endless":false,"potions_floor_spawned":[3,10,11,14,22],"killed_by":"Gremlin Leader","ascension_level":2}