{"gold_per_floor":[117,117,129,129,54,54,79,79,79,79,96,107,140,152,152,226,226,237,237,4,16,41,66,66,95,149,184,59,59,76,103,103,181,181,192,192,244,263,57,57,92,103,103,75,85,85,112,112,112,112,112,112,112,32,58,58],"floor_reached":57,"playtime":5106,"items_purged":["Strike_G","Strike_G","Decay"],"score":3013,"play_id":"41190914-916f-470d-be65-57a3288bce8a","local_time":"20190620005505","is_ascension_mode":true,"campfire_choices":[{"data":"Neutralize","floor":6.0,"key":"SMITH"},{"data":"Cloak And Dagger","floor":10.0,"key":"SMITH"},{"data":"Survivor","floor":15.0,"key":"SMITH"},{"data":"Footwork","floor":24.0,"key":"SMITH"},{"data":"Strike_G","floor":29.0,"key":"PURGE"},{"data":"Strike_G","floor":32.0,"key":"PURGE"},{"floor":40.0,"key":"RECALL"},{"data":"Footwork","floor":46.0,"key":"SMITH"},{"data":"Noxious Fumes","floor":49.0,"key":"SMITH"},{"data":"Caltrops","floor":53.0,"key":"SMITH"}],"neow_cost":"NONE","seed_source_timestamp":0,"circlet_count":0,"master_deck":["AscendersBane","Survivor+1","Neutralize+1","Dagger Throw","Cloak And Dagger+1","Unload","Deflect+1","Backflip+1","Terror+1","Calculated Gamble+1","Burst+1","Burst+1","PiercingWail+1","Crippling Poison+1","Backflip+1","Blade Dance+1","Noxious Fumes+1","Footwork+1","Deflect+1","Phantasmal Killer+1","Deadly Poison+1","PiercingWail+1","Malaise+1","Doppelganger+1","Accuracy","Caltrops+1","Deflect+1","Calculated Gamble+1","Leg Sweep+1","Panacea+1","Transmutation+1","HandOfGreed","Acrobatics+1","Leg Sweep+1","Footwork+1","Cloak And Dagger+1","Dodge and Roll+1","Noxious Fumes+1","Malaise+1","Acrobatics+1","Dodge and Roll+1","Well Laid Plans"],"special_seed":0,"relics":["Ring of the Snake","NeowsBlessing","Toxic Egg 2","Tingsha","Happy Flower","Cursed Key","Red Mask","Oddly Smooth Stone","Peace Pipe","Centennial Puzzle","Pantograph","Omamori","Pandora\u0027s Box","Torii","Art of War","Lantern","Prayer Wheel","Letter Opener"],"potions_floor_usage":[56],"damage_taken":[{"damage":0.0,"enemies":"Jaw Worm","floor":1.0,"turns":1.0},{"damage":0.0,"enemies":"Cultist","floor":3.0,"turns":1.0},{"damage":0.0,"enemies":"Gremlin Nob","floor":7.0,"turns":1.0},{"damage":0.0,"enemies":"2 Louse","floor":11.0,"turns":2.0},{"damage":2.0,"enemies":"Large Slime","floor":12.0,"turns":5.0},{"damage":3.0,"enemies":"3 Sentries","floor":13.0,"turns":10.0},{"damage":0.0,"enemies":"Looter","floor":14.0,"turns":2.0},{"damage":0.0,"enemies":"The Guardian","floor":16.0,"turns":12.0},{"damage":0.0,"enemies":"Shell Parasite","floor":18.0,"turns":3.0},{"damage":4.0,"enemies":"3 Byrds","floor":21.0,"turns":4.0},{"damage":24.0,"enemies":"Masked Bandits","floor":22.0,"turns":5.0},{"damage":0.0,"enemies":"Gremlin Leader","floor":23.0,"turns":4.0},{"damage":0.0,"enemies":"Book of Stabbing","floor":25.0,"turns":5.0},{"damage":0.0,"enemies":"Slavers","floor":27.0,"turns":7.0},{"damage":3.0,"enemies":"Cultist and Chosen","floor":30.0,"turns":6.0},{"damage":1.0,"enemies":"Gremlin Leader","floor":31.0,"turns":7.0},{"damage":22.0,"enemies":"Automaton","floor":33.0,"turns":9.0},{"damage":0.0,"enemies":"Orb Walker","floor":35.0,"turns":3.0},{"damage":4.0,"enemies":"2 Orb Walkers","floor":37.0,"turns":5.0},{"damage":0.0,"enemies":"3 Shapes","floor":38.0,"turns":5.0},{"damage":4.0,"enemies":"Nemesis","floor":41.0,"turns":7.0},{"damage":0.0,"enemies":"Maw","floor":42.0,"turns":7.0},{"damage":0.0,"enemies":"Sphere and 2 Shapes","floor":45.0,"turns":6.0},{"damage":14.0,"enemies":"Reptomancer","floor":47.0,"turns":6.0},{"damage":23.0,"enemies":"Time Eater","floor":50.0,"turns":15.0},{"damage":13.0,"enemies":"Awakened One","floor":51.0,"turns":15.0},{"damage":1.0,"enemies":"Shield and Spear","floor":55.0,"turns":7.0},{"damage":50,"enemies":"The Heart","floor":56,"turns":12}],"seed_played":"4379864762117213859","potions_obtained":[{"floor":1.0,"key":"Regen Potion"},{"floor":2.0,"key":"EntropicBrew"},{"floor":22.0,"key":"PowerPotion"},{"floor":33.0,"key":"Poison Potion"},{"floor":35.0,"key":"Weak Potion"},{"floor":47.0,"key":"Strength Potion"}],"is_trial":false,"path_per_floor":["M","?","M","?","$","R","E","?","T","R","M","M","E","M","R","B",null,"M","?","$","M","?","E","R","E","T","E","$","R","M","E","R","B",null,"M","?","?","M","$","R","E","M","T","$","M","R","E","?","R","B","B",null,"R","$","E","B",null],"character_chosen":"THE_SILENT","items_purchased":["Crippling Poison+1","Backflip+1","Footwork","Art of War","Dodge and Roll+1","Acrobatics+1","Dodge and Roll+1"],"campfire_rested":0,"item_purchase_floors":[20,20,39,39,44,54,54],"current_hp_per_floor":[59,59,59,59,59,59,59,59,59,59,59,57,54,54,54,54,63,63,63,63,59,47,47,47,47,47,47,47,47,44,43,43,44,61,61,51,47,47,47,47,43,43,43,43,43,43,29,54,54,31,41,51,51,51,50,4],"gold":58,"neow_bonus":"THREE_ENEMY_KILL","is_prod":false,"is_daily":false,"chose_seed":false,"campfire_upgraded":7,"win_rate":0,"timestamp":1561017305,"path_taken":["M","?","?","?","$","R","E","?","T","R","M","M","E","M","R","BOSS","M","?","$","M","?","E","R","E","T","E","$","R","M","E","R","BOSS","M","?","?","M","$","R","E","M","T","?","?","R","E","?","R","BOSS","BOSS","R","$","E","BOSS"],"build_version":"2019-01-23","purchased_purges":3,"victory":true,"max_hp_per_floor":[66,66,66,66,66,66,66,66,66,66,66,66,66,66,66,66,66,66,66,66,66,66,66,66,66,66,66,66,66,66,66,66,66,66,66,66,66,66,66,66,66,66,66,66,66,66,66,54,54,54,54,54,54,54,54,54],"card_choices":[{"not_picked":["Bouncing Flask","Slice"],"picked":"Dagger Throw","floor":1.0},{"not_picked":["PiercingWail","Expertise"],"picked":"Cloak And Dagger","floor":3.0},{"not_picked":["Masterful Stab","Flechettes"],"picked":"Deflect","floor":7.0},{"not_picked":["Dodge and Roll+1","PiercingWail+1"],"picked":"Backflip+1","floor":11.0},{"not_picked":["Finisher","Quick Slash"],"picked":"Terror+1","floor":12.0},{"not_picked":["Bane","Dagger Throw"],"picked":"Calculated Gamble+1","floor":13.0},{"not_picked":["Dash","Prepared+1"],"picked":"Burst+1","floor":14.0},{"not_picked":["Unload","A Thousand Cuts"],"picked":"Burst+1","floor":16.0},{"not_picked":["Eviscerate","Quick Slash"],"picked":"PiercingWail+1","floor":18.0},{"not_picked":["Dagger Throw","Setup+1"],"picked":"Blade Dance+1","floor":21.0},{"not_picked":["Poisoned Stab","Masterful Stab"],"picked":"Noxious Fumes+1","floor":22.0},{"not_picked":["Die Die Die","Dagger Spray"],"picked":"Footwork","floor":23.0},{"not_picked":["Finisher","Endless Agony"],"picked":"Deflect+1","floor":25.0},{"not_picked":["Dagger Throw","Slice"],"picked":"Phantasmal Killer+1","floor":27.0},{"not_picked":["Flying Knee","Bane"],"picked":"Deadly Poison+1","floor":30.0},{"not_picked":["Concentrate+1","Poisoned Stab"],"picked":"PiercingWail+1","floor":31.0},{"not_picked":["Storm of Steel+1","Wraith Form v2"],"picked":"Malaise+1","floor":33.0},{"not_picked":["Skewer","Dagger Throw"],"picked":"Leg Sweep+1","floor":35.0},{"not_picked":["Impatience+1","Mayhem"],"picked":"Panacea+1","floor":36.0},{"not_picked":["Blind+1","Swift Strike"],"picked":"Transmutation+1","floor":36.0},{"not_picked":["Purity+1","Metamorphosis+1"],"picked":"HandOfGreed","floor":36.0},{"not_picked":["PiercingWail+1","Dagger Spray"],"picked":"Acrobatics+1","floor":37.0},{"not_picked":["Accuracy+1","Outmaneuver+1"],"picked":"Leg Sweep+1","floor":38.0},{"not_picked":["Caltrops","Dagger Throw","Distraction+1"],"picked":"SKIP","floor":41.0},{"not_picked":["Dodge and Roll+1","Slice"],"picked":"Cloak And Dagger+1","floor":42.0},{"not_picked":["Bane","Die Die Die"],"picked":"Noxious Fumes","floor":45.0},{"not_picked":["Noxious Fumes","Crippling Poison+1"],"picked":"Malaise+1","floor":47.0},{"not_picked":["Acrobatics+1","Flying Knee"],"picked":"Well Laid Plans","floor":55.0}],"player_experience":912320,"relics_obtained":[{"floor":7.0,"key":"Toxic Egg 2"},{"floor":9.0,"key":"Tingsha"},{"floor":13.0,"key":"Happy Flower"},{"floor":22.0,"key":"Red Mask"},{"floor":23.0,"key":"Oddly Smooth Stone"},{"floor":25.0,"key":"Peace Pipe"},{"floor":26.0,"key":"Centennial Puzzle"},{"floor":27.0,"key":"Pantograph"},{"floor":31.0,"key":"Omamori"},{"floor":37.0,"key":"Torii"},{"floor":41.0,"key":"Lantern"},{"floor":47.0,"key":"Prayer Wheel"},{"floor":55.0,"key":"Letter Opener"}],"event_choices":[{"damage_healed":0.0,"max_hp_gain":0.0,"max_hp_loss":0.0,"gold_gain":0.0,"event_name":"Lab","player_choice":"Got Potions","floor":2.0,"gold_loss":0.0,"damage_taken":0.0},{"damage_healed":0.0,"max_hp_gain":0.0,"max_hp_loss":0.0,"gold_gain":0.0,"cards_transformed":["Strike_G"],"event_name":"Living Wall","player_choice":"Change","floor":4.0,"gold_loss":0.0,"damage_taken":0.0,"cards_obtained":["Unload"]},{"damage_healed":0.0,"max_hp_gain":0.0,"max_hp_loss":0.0,"gold_gain":0.0,"event_name":"Shining Light","player_choice":"Ignored","floor":8.0,"gold_loss":0.0,"damage_taken":0.0},{"damage_healed":0.0,"max_hp_gain":0.0,"max_hp_loss":0.0,"gold_gain":0.0,"event_name":"Vampires","player_choice":"Ignored","floor":19.0,"gold_loss":0.0,"damage_taken":0.0},{"damage_healed":0.0,"max_hp_gain":0.0,"max_hp_loss":0.0,"gold_gain":0.0,"event_name":"Masked Bandits","player_choice":"Fought Bandits","floor":22.0,"gold_loss":0.0,"damage_taken":0.0},{"damage_healed":0.0,"max_hp_gain":0.0,"max_hp_loss":0.0,"gold_gain":0.0,"event_name":"SensoryStone","player_choice":"Memory 3","floor":36.0,"gold_loss":0.0,"damage_taken":10.0},{"damage_healed":0.0,"max_hp_gain":0.0,"max_hp_loss":0.0,"gold_gain":0.0,"event_name":"Mysterious Sphere","player_choice":"Fight","floor":37.0,"gold_loss":0.0,"damage_taken":0.0},{"damage_healed":54.0,"max_hp_gain":0.0,"max_hp_loss":12.0,"gold_gain":0.0,"event_name":"The Moai Head","player_choice":"Heal","floor":48.0,"gold_loss":0.0,"damage_taken":0.0}],"is_beta":false,"boss_relics":[{"not_picked":["Orrery","Eternal Feather"],"picked":"Cursed Key"},{"not_picked":["Tiny House","WristBlade"],"picked":"Pandora\u0027s Box"}],"items_purged_floors":[5,20,28],"is_endless":false,"potions_floor_spawned":[1,3,11,16,18,21,22,33,35,45,47],"ascension_level":20}