{"gold_per_floor":[112,124,135,20,20,53,53,53,104,104,120,153,153],"floor_reached":13,"playtime":921,"items_purged":[],"score":93,"play_id":"96d7dbd1-5385-4fcf-8d4c-41a74a28866b","local_time":"20190530222453","is_ascension_mode":false,"campfire_choices":[{"data":"Limit Break","floor":7.0,"key":"SMITH"},{"floor":10.0,"key":"REST"}],"neow_cost":"TEN_PERCENT_HP_LOSS","seed_source_timestamp":104203801485940,"circlet_count":0,"master_deck":["Strike_R","Strike_R","Strike_R","Strike_R","Strike_R","Defend_R","Defend_R","Defend_R","Defend_R","Bash","Demon Form+1","True Grit","Sword Boomerang","Power Through","Corruption","Cleave","Injury","Limit Break+1","Body Slam","Spot Weakness"],"special_seed":0,"relics":["Burning Blood","Golden Idol","Blood Vial","Happy Flower"],"potions_floor_usage":[],"damage_taken":[{"damage":1.0,"enemies":"Cultist","floor":1.0,"turns":4.0},{"damage":0.0,"enemies":"2 Louse","floor":2.0,"turns":3.0},{"damage":10.0,"enemies":"Small Slimes","floor":3.0,"turns":4.0},{"damage":42.0,"enemies":"3 Sentries","floor":6.0,"turns":8.0},{"damage":1.0,"enemies":"2 Fungi Beasts","floor":11.0,"turns":4.0},{"damage":57.0,"enemies":"Gremlin Nob","floor":12.0,"turns":6.0},{"damage":14,"enemies":"Lagavulin Event","floor":13,"turns":2}],"seed_played":"-794637740581482329","potions_obtained":[{"floor":6.0,"key":"FearPotion"}],"is_trial":false,"path_per_floor":["M","M","M","$","?","E","R","?","T","R","M","E","?"],"character_chosen":"IRONCLAD","items_purchased":["Corruption","Cleave"],"campfire_rested":1,"item_purchase_floors":[4,4],"current_hp_per_floor":[72,72,68,68,68,32,32,32,32,53,60,11,0],"gold":153,"neow_bonus":"THREE_RARE_CARDS","is_prod":false,"is_daily":false,"chose_seed":false,"campfire_upgraded":1,"win_rate":0,"timestamp":1559219093,"path_taken":["M","M","M","$","?","E","R","?","T","R","M","E","?"],"build_version":"2019-01-23","purchased_purges":0,"victory":false,"max_hp_per_floor":[72,72,72,72,72,72,72,72,72,72,72,72,72],"card_choices":[{"not_picked":["Immolate","Offering"],"picked":"Demon Form","floor":0.0},{"not_picked":["Pommel Strike","Warcry"],"picked":"True Grit","floor":1.0},{"not_picked":["Pommel Strike","Thunderclap"],"picked":"Sword Boomerang","floor":2.0},{"not_picked":["Bloodletting","Disarm"],"picked":"Power Through","floor":3.0},{"not_picked":["Impervious","Spot Weakness"],"picked":"Limit Break","floor":6.0},{"not_picked":["Clothesline","Havoc"],"picked":"Body Slam","floor":11.0},{"not_picked":["Anger","Havoc"],"picked":"Spot Weakness","floor":12}],"player_experience":2023307,"relics_obtained":[{"floor":6.0,"key":"Blood Vial"},{"floor":12,"key":"Happy Flower"}],"event_choices":[{"damage_healed":0.0,"max_hp_gain":0.0,"max_hp_loss":0.0,"gold_gain":0.0,"event_name":"Golden Idol","player_choice":"Take Wound","floor":5.0,"gold_loss":0.0,"damage_taken":0.0,"relics_obtained":["Golden Idol"],"cards_obtained":["Injury"]},{"damage_healed":0.0,"max_hp_gain":0.0,"max_hp_loss":0.0,"gold_gain":0.0,"event_name":"Living Wall","player_choice":"Grow","floor":8.0,"gold_loss":0.0,"damage_taken":0.0,"cards_upgraded":["Demon Form"]},{"damage_healed":0,"gold_gain":0,"player_choice":"Searched \u00271\u0027 times","damage_taken":0,"max_hp_gain":0,"max_hp_loss":0,"event_name":"Dead Adventurer","floor":13,"gold_loss":0}],"is_beta":false,"boss_relics":[],"items_purged_floors":[],"is_endless":false,"potions_floor_spawned":[6],"killed_by":"Lagavulin Event","ascension_level":0}