{"gold_per_floor":[116,291,291,216,181,181,201,201,228,228,79,79,94,121,121,216,216,235,62,62],"floor_reached":20,"playtime":1014,"items_purged":["Doubt"],"score":269,"play_id":"58283297-83ea-4f57-9766-34ab13815554","local_time":"20190320214715","is_ascension_mode":true,"campfire_choices":[{"data":"Dark Embrace","floor":6,"key":"SMITH"},{"data":"Bash","floor":8,"key":"SMITH"},{"data":"Combust","floor":15,"key":"SMITH"}],"neow_cost":"NONE","seed_source_timestamp":88135254149327,"circlet_count":0,"master_deck":["AscendersBane","Strike_R+1","Strike_R","Strike_R","Strike_R","Defend_R","Defend_R","Defend_R+1","Defend_R","Bash+1","Dark Embrace+1","Feel No Pain","Shrug It Off","Anger","Combust+1","Limit Break","Spot Weakness","Metamorphosis"],"relics":["Burning Blood","Bag of Marbles","Potion Belt","Ornamental Fan","Molten Egg 2","Runic Pyramid"],"potions_floor_usage":[7,14,14,16],"damage_taken":[{"damage":2,"enemies":"2 Louse","floor":1,"turns":5},{"damage":9,"enemies":"Small Slimes","floor":7,"turns":5},{"damage":7,"enemies":"Jaw Worm","floor":13,"turns":3},{"damage":20,"enemies":"Gremlin Nob","floor":14,"turns":4},{"damage":51,"enemies":"Slime Boss","floor":16,"turns":9},{"damage":54,"enemies":"2 Thieves","floor":18,"turns":4},{"damage":22,"enemies":"3 Byrds","floor":20,"turns":2}],"seed_played":"-599641055173469881","potions_obtained":[{"floor":1,"key":"EntropicBrew"},{"floor":14,"key":"Fruit Juice"},{"floor":18,"key":"Swift Potion"}],"is_trial":false,"path_per_floor":["M","?","?","$","?","R","M","R","T","?","$","T","M","E","R","B",null,"M","$","M"],"character_chosen":"IRONCLAD","items_purchased":["Potion Belt","Metamorphosis"],"campfire_rested":0,"item_purchase_floors":[11,19],"current_hp_per_floor":[76,76,60,60,80,80,77,77,77,70,70,70,69,64,64,24,70,22,22,0],"gold":62,"neow_bonus":"ONE_RANDOM_RARE_CARD","is_prod":false,"is_daily":false,"chose_seed":false,"campfire_upgraded":3,"win_rate":0,"timestamp":1553078835,"path_taken":["M","?","?","?","?","R","M","R","T","?","?","?","M","E","R","BOSS","M","$","M"],"build_version":"2019-01-23","purchased_purges":1,"victory":false,"max_hp_per_floor":[80,80,80,80,80,80,80,80,80,80,80,80,80,80,80,85,85,85,85,85],"card_choices":[{"not_picked":["Burning Pact","Intimidate"],"picked":"Feel No Pain","floor":1},{"not_picked":["Warcry","Entrench"],"picked":"Shrug It Off","floor":7},{"not_picked":["Warcry","Shrug It Off"],"picked":"Anger","floor":13},{"not_picked":["Uppercut","Battle Trance"],"picked":"Combust","floor":14},{"not_picked":["Dark Embrace","Double Tap"],"picked":"Limit Break","floor":16},{"not_picked":["Headbutt+1","Body Slam+1"],"picked":"Spot Weakness","floor":18}],"player_experience":1018603,"relics_obtained":[{"floor":9,"key":"Bag of Marbles"},{"floor":12,"key":"Ornamental Fan"},{"floor":14,"key":"Molten Egg 2"}],"event_choices":[{"damage_healed":0,"gold_gain":175,"player_choice":"AGREE","damage_taken":0,"max_hp_gain":0,"max_hp_loss":0,"event_name":"Liars Game","floor":2,"gold_loss":0,"cards_obtained":["Doubt"]},{"damage_healed":0,"gold_gain":0,"player_choice":"Entered Light","damage_taken":16,"max_hp_gain":0,"max_hp_loss":0,"event_name":"Shining Light","floor":3,"gold_loss":0,"cards_upgraded":["Defend_R","Strike_R"]},{"damage_healed":20,"gold_gain":0,"player_choice":"Healed","damage_taken":0,"max_hp_gain":0,"max_hp_loss":0,"event_name":"The Cleric","floor":5,"gold_loss":35},{"cards_removed":["Strike_R"],"damage_healed":0,"gold_gain":0,"player_choice":"Card Removal","damage_taken":7,"max_hp_gain":0,"max_hp_loss":0,"event_name":"Golden Wing","floor":10,"gold_loss":0}],"is_beta":false,"boss_relics":[{"not_picked":["Black Star","Velvet Choker"],"picked":"Runic Pyramid"}],"items_purged_floors":[4],"is_endless":false,"potions_floor_spawned":[1,14,18],"killed_by":"3 Byrds","ascension_level":12}