{"gold_per_floor":[119,119,132,150,162,191,191,219,219,219,494,511,21,39,39,142,142,160,176,203,57,19,19,19,19,19,19,34,34,47,47,47,143,143,159,64,64,41,41,41,22,22,46,46,58,58,76,87,87,87],"floor_reached":50,"playtime":31589,"items_purged":[],"score":630,"play_id":"19d255d8-69f3-4599-bdeb-222bc06bfe09","local_time":"20190427231807","is_ascension_mode":true,"campfire_choices":[{"floor":7.0,"key":"REST"},{"floor":10.0,"key":"REST"},{"data":"Tactician","floor":15.0,"key":"SMITH"},{"floor":23.0,"key":"REST"},{"floor":25.0,"key":"REST"},{"data":"Panache","floor":27.0,"key":"SMITH"},{"data":"Concentrate","floor":29.0,"key":"SMITH"},{"floor":32.0,"key":"REST"},{"floor":40.0,"key":"REST"},{"data":"Blade Dance","floor":42.0,"key":"SMITH"},{"data":"Accuracy","floor":44.0,"key":"SMITH"},{"data":"Terror","floor":46,"key":"SMITH"},{"floor":49,"key":"REST"}],"neow_cost":"NONE","seed_source_timestamp":3514888897802,"circlet_count":0,"master_deck":["Survivor","Neutralize","All Out Attack+1","Terror+1","Dagger Spray","Blade Dance+1","All Out Attack","Bouncing Flask","Tactician+1","Regret","Blur","Panache+1","Dash","Burst+1","Riddle With Holes+1","Underhanded Strike","Concentrate+1","Grand Finale","Masterful Stab","Slice","Leg Sweep","Tools of the Trade","Masterful Stab","Well Laid Plans","Distraction","Distraction","Calculated Gamble","Sucker Punch","Accuracy+1","Quick Slash","Backstab","Bandage Up","Backflip","Bane","Acrobatics","Parasite","Tactician+1","Eviscerate"],"special_seed":0,"relics":["Ring of the Snake","Lantern","Bag of Preparation","Shuriken","Bird Faced Urn","Runic Pyramid","Red Mask","Ornamental Fan","Pandora\u0027s Box","The Courier","Centennial Puzzle"],"potions_floor_usage":[48,50,50],"damage_taken":[{"damage":0.0,"enemies":"Small Slimes","floor":1.0,"turns":2.0},{"damage":0.0,"enemies":"2 Louse","floor":3.0,"turns":1.0},{"damage":1.0,"enemies":"Cultist","floor":4.0,"turns":3.0},{"damage":0.0,"enemies":"3 Louse","floor":5.0,"turns":1.0},{"damage":27.0,"enemies":"Lagavulin","floor":6.0,"turns":5.0},{"damage":10.0,"enemies":"Gremlin Nob","floor":8.0,"turns":3.0},{"damage":0.0,"enemies":"Exordium Thugs","floor":12.0,"turns":2.0},{"damage":0.0,"enemies":"Blue Slaver","floor":14.0,"turns":3.0},{"damage":50.0,"enemies":"The Guardian","floor":16.0,"turns":11.0},{"damage":0.0,"enemies":"2 Thieves","floor":18.0,"turns":3.0},{"damage":4.0,"enemies":"Chosen","floor":19.0,"turns":4.0},{"damage":29.0,"enemies":"Masked Bandits","floor":20.0,"turns":5.0},{"damage":8.0,"enemies":"Centurion and Healer","floor":28.0,"turns":4.0},{"damage":9.0,"enemies":"Snake Plant","floor":30.0,"turns":4.0},{"damage":50.0,"enemies":"Automaton","floor":33.0,"turns":10.0},{"damage":19.0,"enemies":"3 Darklings","floor":35.0,"turns":5.0},{"damage":22.0,"enemies":"3 Shapes","floor":45.0,"turns":3.0},{"damage":28,"enemies":"Writhing Mass","floor":47,"turns":5},{"damage":18,"enemies":"Jaw Worm Horde","floor":48,"turns":4},{"damage":70,"enemies":"Donu and Deca","floor":50,"turns":6}],"seed_played":"3545077577049009881","potions_obtained":[{"floor":1.0,"key":"SpeedPotion"},{"floor":5.0,"key":"Strength Potion"},{"floor":16.0,"key":"SneckoOil"},{"floor":19.0,"key":"EssenceOfSteel"},{"floor":20.0,"key":"SpeedPotion"},{"floor":28.0,"key":"Ancient Potion"},{"floor":30.0,"key":"Dexterity Potion"},{"floor":33.0,"key":"Explosive Potion"},{"floor":35.0,"key":"LiquidBronze"},{"floor":45,"key":"Weak Potion"}],"is_trial":false,"path_per_floor":["M","?","M","M","M","E","R","E","T","R","?","M","$","M","R","B",null,"M","M","?","$","$","R","?","R","T","R","M","R","M","?","R","B",null,"M","$","?","$","T","R","$","R","T","R","M","R","M","M","R","B"],"character_chosen":"THE_SILENT","items_purchased":["Panache","Bird Faced Urn","Grand Finale","Masterful Stab","Bandage Up","Backflip","Bane"],"campfire_rested":7,"item_purchase_floors":[13,13,21,22,36,38,41],"current_hp_per_floor":[63,49,49,48,48,21,42,32,32,53,53,53,53,55,55,7,54,56,54,27,27,27,48,35,57,57,57,49,49,42,42,64,16,60,49,49,49,49,49,71,71,71,71,71,57,57,41,31,53,0],"gold":87,"neow_bonus":"TRANSFORM_CARD","is_prod":false,"is_daily":false,"chose_seed":false,"campfire_upgraded":6,"win_rate":0,"timestamp":1556371087,"path_taken":["M","?","M","M","M","E","R","E","T","R","?","M","$","?","R","BOSS","M","M","?","?","$","R","?","R","T","R","M","R","M","?","R","BOSS","M","?","?","$","?","R","$","R","T","R","?","R","M","?","R","BOSS"],"build_version":"2019-01-23","purchased_purges":0,"victory":false,"max_hp_per_floor":[70,70,70,70,70,70,70,70,70,70,70,70,70,70,70,70,70,70,70,70,70,70,70,75,75,75,75,75,75,75,75,75,75,75,75,75,75,75,75,75,75,75,75,75,75,75,75,75,75,75],"card_choices":[{"not_picked":["Backflip","Sucker Punch"],"picked":"Terror","floor":1.0},{"not_picked":["PiercingWail","Prepared"],"picked":"Dagger Spray","floor":3.0},{"not_picked":["Deflect","Dodge and Roll"],"picked":"Blade Dance","floor":4.0},{"not_picked":["Riddle With Holes","Poisoned Stab"],"picked":"All Out Attack","floor":5.0},{"not_picked":["Flechettes","Deflect"],"picked":"Bouncing Flask","floor":6.0},{"not_picked":["Sucker Punch","Blur"],"picked":"Tactician","floor":8.0},{"not_picked":["Outmaneuver","Caltrops"],"picked":"Blur","floor":12.0},{"not_picked":["Dagger Throw","Dodge and Roll"],"picked":"Dash","floor":14.0},{"not_picked":["After Image","Malaise"],"picked":"Burst","floor":16.0},{"not_picked":["Dodge and Roll","Cloak And Dagger+1"],"picked":"Riddle With Holes+1","floor":18.0},{"not_picked":["Dodge and Roll","Expertise"],"picked":"Underhanded Strike","floor":19.0},{"not_picked":["Quick Slash","Poisoned Stab"],"picked":"Concentrate","floor":20.0},{"not_picked":["Dodge and Roll","Heel Hook"],"picked":"Slice","floor":28.0},{"not_picked":["Poisoned Stab","Blade Dance"],"picked":"Leg Sweep","floor":30.0},{"not_picked":["Night Terror","Grand Finale"],"picked":"Tools of the Trade","floor":33.0},{"not_picked":["Expertise","Dagger Spray"],"picked":"Backstab","floor":35.0},{"not_picked":["Sucker Punch+1","Predator+1"],"picked":"Acrobatics","floor":45},{"not_picked":["Dodge and Roll","Deflect"],"picked":"Tactician+1","floor":47},{"not_picked":["Outmaneuver","Dagger Spray"],"picked":"Eviscerate","floor":48}],"player_experience":1437538,"relics_obtained":[{"floor":6.0,"key":"Lantern"},{"floor":8.0,"key":"Bag of Preparation"},{"floor":9.0,"key":"Shuriken"},{"floor":20.0,"key":"Red Mask"},{"floor":26.0,"key":"Ornamental Fan"},{"floor":39.0,"key":"The Courier"},{"floor":43.0,"key":"Centennial Puzzle"}],"event_choices":[{"damage_healed":0.0,"max_hp_gain":0.0,"max_hp_loss":0.0,"gold_gain":0.0,"event_name":"Shining Light","player_choice":"Entered Light","floor":2.0,"gold_loss":0.0,"damage_taken":14.0,"cards_upgraded":["All Out Attack","Defend_G"]},{"damage_healed":0.0,"max_hp_gain":0.0,"max_hp_loss":0.0,"gold_gain":275.0,"event_name":"Golden Shrine","player_choice":"Desecrate","floor":11.0,"gold_loss":0.0,"damage_taken":0.0,"cards_obtained":["Regret"]},{"damage_healed":0.0,"max_hp_gain":0.0,"max_hp_loss":0.0,"gold_gain":0.0,"event_name":"Masked Bandits","player_choice":"Fought Bandits","floor":20.0,"gold_loss":0.0,"damage_taken":0.0},{"damage_healed":0.0,"max_hp_gain":5.0,"max_hp_loss":0.0,"gold_gain":0.0,"event_name":"Forgotten Altar","player_choice":"Shed Blood","floor":24.0,"gold_loss":0.0,"damage_taken":18.0},{"damage_healed":0.0,"max_hp_gain":0.0,"max_hp_loss":0.0,"gold_gain":0.0,"event_name":"Upgrade Shrine","player_choice":"Upgraded","floor":31.0,"gold_loss":0.0,"damage_taken":0.0,"cards_upgraded":["Burst"]},{"cards_removed":["Expertise"],"damage_healed":0.0,"max_hp_gain":0.0,"max_hp_loss":0.0,"gold_gain":0.0,"event_name":"Falling","player_choice":"Removed Skill","floor":37.0,"gold_loss":0.0,"damage_taken":0.0}],"is_beta":false,"boss_relics":[{"not_picked":["Runic Dome","Empty Cage"],"picked":"Runic Pyramid"},{"not_picked":["WristBlade","Astrolabe"],"picked":"Pandora\u0027s Box"}],"items_purged_floors":[],"is_endless":false,"potions_floor_spawned":[1,5,16,19,20,28,30,33,35,45],"killed_by":"Donu and Deca","ascension_level":7}