{"gold_per_floor":[118,118,134,154,172,205,205,240,240,240],"floor_reached":10,"playtime":815,"items_purged":[],"score":115,"play_id":"003077f0-dc1a-4786-8143-0063053a41b8","local_time":"20190213234401","is_ascension_mode":true,"campfire_choices":[{"data":"Dagger Spray","floor":7,"key":"SMITH"}],"neow_cost":"NONE","seed_source_timestamp":712647124450216,"circlet_count":0,"master_deck":["Defend_G","Defend_G","Defend_G","Defend_G","Defend_G","Strike_G","Strike_G","Strike_G","Strike_G","Survivor","Neutralize","Dagger Spray","Distraction","Dagger Spray","Dagger Spray+1","Concentrate","Backflip"],"relics":["Ring of the Snake","Pear","Strawberry","Oddly Smooth Stone"],"potions_floor_usage":[6,8,10],"damage_taken":[{"damage":3,"enemies":"Cultist","floor":1,"turns":5},{"damage":3,"enemies":"Small Slimes","floor":3,"turns":4},{"damage":2,"enemies":"Jaw Worm","floor":4,"turns":3},{"damage":0,"enemies":"Lots of Slimes","floor":5,"turns":1},{"damage":14,"enemies":"3 Sentries","floor":6,"turns":6},{"damage":33,"enemies":"Gremlin Nob","floor":8,"turns":4},{"damage":44,"enemies":"Lagavulin","floor":10,"turns":7}],"seed_played":"-6278254267110733292","potions_obtained":[{"floor":1,"key":"Fire Potion"},{"floor":6,"key":"Fire Potion"},{"floor":8,"key":"SkillPotion"}],"is_trial":false,"path_per_floor":["M","?","M","M","M","E","R","E","T","E"],"character_chosen":"THE_SILENT","items_purchased":[],"campfire_rested":0,"item_purchase_floors":[],"current_hp_per_floor":[74,74,71,69,69,65,65,39,39,0],"gold":240,"neow_bonus":"TEN_PERCENT_HP_BONUS","is_prod":false,"is_daily":false,"chose_seed":false,"campfire_upgraded":1,"win_rate":0,"timestamp":1550061841,"path_taken":["M","?","?","M","?","E","R","E","T","E"],"build_version":"2019-01-23","purchased_purges":0,"victory":false,"max_hp_per_floor":[77,77,77,77,77,87,87,94,94,94],"card_choices":[{"not_picked":["Accuracy","Outmaneuver"],"picked":"Dagger Spray","floor":1},{"not_picked":["Blade Dance","Well Laid Plans"],"picked":"Distraction","floor":3},{"not_picked":["Caltrops","PiercingWail"],"picked":"Dagger Spray","floor":4},{"not_picked":["Slice","Accuracy"],"picked":"Dagger Spray","floor":5},{"not_picked":["PiercingWail","Eviscerate"],"picked":"Concentrate","floor":6},{"not_picked":["PiercingWail","Calculated Gamble"],"picked":"Backflip","floor":8}],"player_experience":457706,"relics_obtained":[{"floor":6,"key":"Pear"},{"floor":8,"key":"Strawberry"},{"floor":9,"key":"Oddly Smooth Stone"}],"event_choices":[{"cards_removed":["Strike_G"],"damage_healed":0,"gold_gain":0,"player_choice":"Purged","damage_taken":0,"max_hp_gain":0,"max_hp_loss":0,"event_name":"Purifier","floor":2,"gold_loss":0}],"is_beta":false,"boss_relics":[],"items_purged_floors":[],"is_endless":false,"potions_floor_spawned":[1,6,8],"killed_by":"Lagavulin","ascension_level":3}