{"gold_per_floor":[112,124,142,142,92,124,124,124,124,154,154,181,11,28,28,127,127,37,50,65,75,86,86],"floor_reached":23,"playtime":1631,"items_purged":[],"score":342,"play_id":"b1692e06-01d6-4415-b67b-96a3f6f4737c","local_time":"20190615165701","is_ascension_mode":true,"campfire_choices":[{"data":"Bash","floor":8.0,"key":"SMITH"},{"floor":11.0,"key":"REST"},{"data":"Disarm","floor":15.0,"key":"SMITH"}],"neow_cost":"NONE","seed_source_timestamp":0,"circlet_count":0,"master_deck":["AscendersBane","Strike_R","Strike_R","Strike_R","Strike_R","Defend_R","Defend_R","Defend_R","Defend_R","Bash+1","Shrug It Off","Flame Barrier+1","Pummel","Intimidate+1","Shrug It Off","Sword Boomerang","Disarm+1","Shrug It Off","Metallicize","Feed","Thunderclap+1","Shrug It Off","Bloodletting+1"],"special_seed":0,"relics":["Burning Blood","Bottled Lightning","Oddly Smooth Stone","Dead Branch","Self Forming Clay","Lizard Tail"],"potions_floor_usage":[23],"damage_taken":[{"damage":1.0,"enemies":"Jaw Worm","floor":1.0,"turns":5.0},{"damage":1.0,"enemies":"2 Louse","floor":2.0,"turns":4.0},{"damage":1.0,"enemies":"Small Slimes","floor":3.0,"turns":4.0},{"damage":60.0,"enemies":"Lagavulin","floor":6.0,"turns":11.0},{"damage":26.0,"enemies":"3 Sentries","floor":10.0,"turns":12.0},{"damage":11.0,"enemies":"Lagavulin","floor":12.0,"turns":6.0},{"damage":0.0,"enemies":"3 Louse","floor":14.0,"turns":4.0},{"damage":25.0,"enemies":"Hexaghost","floor":16.0,"turns":18.0},{"damage":18.0,"enemies":"2 Thieves","floor":18.0,"turns":5.0},{"damage":0.0,"enemies":"Shell Parasite","floor":19.0,"turns":10.0},{"damage":19.0,"enemies":"Centurion and Healer","floor":20.0,"turns":11.0},{"damage":9.0,"enemies":"Cultist and Chosen","floor":21.0,"turns":6.0},{"damage":21.0,"enemies":"Chosen and Byrds","floor":22.0,"turns":5.0},{"damage":90,"enemies":"Gremlin Leader","floor":23,"turns":11}],"seed_played":"-6690665592375100886","potions_obtained":[{"floor":3.0,"key":"Dexterity Potion"},{"floor":10.0,"key":"SpeedPotion"},{"floor":19.0,"key":"Explosive Potion"},{"floor":20.0,"key":"Poison Potion"}],"is_trial":false,"path_per_floor":["M","M","M","?","?","E","?","R","T","E","R","E","$","M","R","B",null,"M","M","M","M","M","E"],"character_chosen":"IRONCLAD","items_purchased":["Disarm","Shrug It Off","Strength Potion"],"campfire_rested":1,"item_purchase_floors":[13,13,13],"current_hp_per_floor":[85,88,88,88,88,34,34,34,34,14,40,35,35,41,41,22,72,60,69,56,53,38,0],"gold":86,"neow_bonus":"TEN_PERCENT_HP_BONUS","is_prod":false,"is_daily":false,"chose_seed":false,"campfire_upgraded":2,"win_rate":0,"timestamp":1560635821,"path_taken":["M","M","M","?","?","E","?","R","T","E","R","E","$","M","R","BOSS","M","?","M","M","M","E"],"build_version":"2019-01-23","purchased_purges":0,"victory":false,"max_hp_per_floor":[88,88,88,88,88,88,88,88,88,88,88,88,88,88,88,88,88,88,91,91,91,91,91],"card_choices":[{"not_picked":["Armaments","Evolve"],"picked":"Shrug It Off","floor":1.0},{"not_picked":["Dual Wield","Body Slam"],"picked":"Flame Barrier","floor":2.0},{"not_picked":["Heavy Blade","Fire Breathing"],"picked":"Pummel","floor":3.0},{"not_picked":["Clothesline","Rage"],"picked":"Intimidate","floor":6.0},{"not_picked":["Heavy Blade","Brutality"],"picked":"Shrug It Off","floor":10.0},{"not_picked":["Thunderclap","Clothesline"],"picked":"Sword Boomerang","floor":12.0},{"not_picked":["Armaments","Flex"],"picked":"Metallicize","floor":14.0},{"not_picked":["Bludgeon","Fiend Fire"],"picked":"Feed","floor":16.0},{"not_picked":["Iron Wave","Fire Breathing","Bloodletting"],"picked":"SKIP","floor":18.0},{"not_picked":["Seeing Red","Twin Strike"],"picked":"Thunderclap+1","floor":19.0},{"not_picked":["Combust","Hemokinesis"],"picked":"Shrug It Off","floor":20.0},{"not_picked":["Heavy Blade","Cleave"],"picked":"Bloodletting+1","floor":21.0},{"not_picked":["Dropkick","Sever Soul","Havoc"],"picked":"SKIP","floor":22.0}],"player_experience":87927,"relics_obtained":[{"floor":6.0,"key":"Bottled Lightning"},{"floor":9.0,"key":"Oddly Smooth Stone"},{"floor":10.0,"key":"Dead Branch"},{"floor":12.0,"key":"Self Forming Clay"}],"event_choices":[{"damage_healed":0.0,"max_hp_gain":0.0,"max_hp_loss":0.0,"gold_gain":0.0,"event_name":"Living Wall","player_choice":"Grow","floor":4.0,"gold_loss":0.0,"damage_taken":0.0,"cards_upgraded":["Flame Barrier"]},{"cards_removed":["Strike_R"],"damage_healed":0.0,"max_hp_gain":0.0,"max_hp_loss":0.0,"gold_gain":0.0,"event_name":"The Cleric","player_choice":"Card Removal","floor":5.0,"gold_loss":50.0,"damage_taken":0.0},{"damage_healed":0.0,"max_hp_gain":0.0,"max_hp_loss":0.0,"gold_gain":0.0,"event_name":"Accursed Blacksmith","player_choice":"Forge","floor":7.0,"gold_loss":0.0,"damage_taken":0.0,"cards_upgraded":["Intimidate"]}],"is_beta":false,"boss_relics":[{"not_picked":["Calling Bell","Runic Cube"],"picked":"Lizard Tail"}],"items_purged_floors":[],"is_endless":false,"potions_floor_spawned":[3,10,19,20],"killed_by":"Gremlin Leader","ascension_level":10}