{"gold_per_floor":[17,17,27,2,12,41,41,76,156,156,185,185,195,209,209,309,309,329,341,361,375,390,419,419,432,432,432,432,466,466,481,481,584,584,601,616,632,632,632],"floor_reached":39,"playtime":5589,"items_purged":[],"score":762,"play_id":"2e57aae1-6232-43ef-9933-e6e5297686a0","local_time":"20190326232949","is_ascension_mode":true,"campfire_choices":[{"data":"Panacea","floor":7.0,"key":"SMITH"},{"floor":10.0,"key":"REST"},{"floor":12.0,"key":"REST"},{"floor":15.0,"key":"REST"},{"floor":24.0,"key":"REST"},{"data":"Demon Form","floor":27.0,"key":"SMITH"},{"floor":30.0,"key":"REST"},{"floor":32.0,"key":"REST"}],"neow_cost":"NO_GOLD","seed_source_timestamp":0,"circlet_count":0,"master_deck":["AscendersBane","Strike_R","Strike_R","Strike_R","Strike_R","Strike_R","Defend_R","Defend_R","Defend_R","Defend_R","Bash","Flex","Panacea+1","Pummel","Intimidate","Warcry","Battle Trance","Double Tap","Headbutt","Spot Weakness","Cleave","Wild Strike","Immolate","Pommel Strike+1","Cleave","Ghostly Armor+1","Evolve","Demon Form+1","Hemokinesis","Flame Barrier","Heavy Blade","Shrug It Off+1","Fiend Fire","Body Slam+1","Combust","Entrench","Chrysalis"],"special_seed":0,"relics":["Burning Blood","Peace Pipe","Blood Vial","Mercury Hourglass","Centennial Puzzle","Lizard Tail","Shovel","Pantograph","CultistMask","Sundial","Fusion Hammer"],"potions_floor_usage":[39,39],"damage_taken":[{"damage":3.0,"enemies":"Small Slimes","floor":1.0,"turns":5.0},{"damage":1.0,"enemies":"Cultist","floor":3.0,"turns":4.0},{"damage":3.0,"enemies":"2 Louse","floor":5.0,"turns":3.0},{"damage":42.0,"enemies":"Lagavulin","floor":6.0,"turns":7.0},{"damage":57.0,"enemies":"3 Sentries","floor":8.0,"turns":9.0},{"damage":36.0,"enemies":"Gremlin Nob","floor":11.0,"turns":4.0},{"damage":16.0,"enemies":"Gremlin Gang","floor":13.0,"turns":3.0},{"damage":7.0,"enemies":"Lots of Slimes","floor":14.0,"turns":2.0},{"damage":40.0,"enemies":"Slime Boss","floor":16.0,"turns":7.0},{"damage":19.0,"enemies":"Shell Parasite","floor":18.0,"turns":3.0},{"damage":17.0,"enemies":"2 Thieves","floor":19.0,"turns":2.0},{"damage":6.0,"enemies":"3 Cultists","floor":20.0,"turns":3.0},{"damage":18.0,"enemies":"Snecko","floor":21.0,"turns":3.0},{"damage":12.0,"enemies":"Chosen and Byrds","floor":22.0,"turns":4.0},{"damage":21.0,"enemies":"Gremlin Leader","floor":23.0,"turns":4.0},{"damage":35.0,"enemies":"Snake Plant","floor":25.0,"turns":3.0},{"damage":43.0,"enemies":"Book of Stabbing","floor":29.0,"turns":4.0},{"damage":18.0,"enemies":"Sentry and Sphere","floor":31.0,"turns":4.0},{"damage":107,"enemies":"Champ","floor":33,"turns":11},{"damage":35,"enemies":"3 Shapes","floor":35,"turns":3},{"damage":15,"enemies":"3 Darklings","floor":36,"turns":4},{"damage":34,"enemies":"Maw","floor":37,"turns":7},{"damage":47,"enemies":"Transient","floor":39,"turns":4}],"seed_played":"-6751108492615371793","potions_obtained":[{"floor":5.0,"key":"Dexterity Potion"},{"floor":13.0,"key":"FairyPotion"},{"floor":16.0,"key":"Swift Potion"},{"floor":18.0,"key":"Regen Potion"},{"floor":20.0,"key":"Energy Potion"},{"floor":23.0,"key":"Fire Potion"},{"floor":25.0,"key":"Weak Potion"},{"floor":29.0,"key":"AttackPotion"},{"floor":33,"key":"Dexterity Potion"},{"floor":37,"key":"Regen Potion"}],"is_trial":false,"path_per_floor":["M","?","M","$","M","E","R","E","T","R","E","R","M","M","R","B",null,"M","M","M","M","M","E","R","M","T","R","?","E","R","M","R","B",null,"M","M","M","?","M"],"character_chosen":"IRONCLAD","items_purchased":["Warcry"],"campfire_rested":6,"item_purchase_floors":[4],"current_hp_per_floor":[91,91,96,96,96,60,60,9,9,37,9,37,29,30,58,26,79,68,59,61,60,56,43,71,44,44,44,44,9,37,27,55,54,86,59,52,26,26,0],"gold":632,"neow_bonus":"TWENTY_PERCENT_HP_BONUS","is_prod":false,"is_daily":false,"chose_seed":false,"campfire_upgraded":2,"win_rate":0,"timestamp":1553603389,"path_taken":["M","?","?","$","M","E","R","E","T","R","E","R","M","M","R","BOSS","M","M","M","M","M","E","R","M","T","R","?","E","R","?","R","BOSS","M","?","M","?","M"],"build_version":"2019-01-23","purchased_purges":0,"victory":false,"max_hp_per_floor":[96,96,96,96,96,96,96,96,96,96,96,96,96,96,96,96,96,96,96,96,96,96,96,96,96,96,96,96,96,96,96,96,96,96,96,96,96,96,96],"card_choices":[{"not_picked":["Pommel Strike","Iron Wave"],"picked":"Flex","floor":1.0},{"not_picked":["Thunderclap","Perfected Strike"],"picked":"Intimidate","floor":3.0},{"not_picked":["Perfected Strike","Dropkick"],"picked":"Battle Trance","floor":5.0},{"not_picked":["Evolve","Fire Breathing"],"picked":"Double Tap","floor":6.0},{"not_picked":["Rupture","Anger"],"picked":"Headbutt","floor":8.0},{"not_picked":["Thunderclap","Pummel"],"picked":"Spot Weakness","floor":11.0},{"not_picked":["Searing Blow","Uppercut"],"picked":"Cleave","floor":13.0},{"not_picked":["Thunderclap","Body Slam"],"picked":"Wild Strike","floor":14.0},{"not_picked":["Offering","Barricade"],"picked":"Immolate","floor":16.0},{"not_picked":["Wild Strike","Armaments"],"picked":"Pommel Strike+1","floor":18.0},{"not_picked":["Headbutt","Anger"],"picked":"Cleave","floor":19.0},{"not_picked":["Flex","Uppercut"],"picked":"Ghostly Armor+1","floor":20.0},{"not_picked":["Reckless Charge","Clothesline+1"],"picked":"Evolve","floor":21.0},{"not_picked":["Havoc","Armaments"],"picked":"Demon Form","floor":22.0},{"not_picked":["Twin Strike","Thunderclap"],"picked":"Hemokinesis","floor":23.0},{"not_picked":["Clothesline","Warcry"],"picked":"Flame Barrier","floor":25.0},{"not_picked":["Perfected Strike","Warcry"],"picked":"Heavy Blade","floor":29.0},{"not_picked":["Twin Strike+1","Pommel Strike"],"picked":"Shrug It Off+1","floor":31.0},{"not_picked":["Barricade","Exhume"],"picked":"Fiend Fire","floor":33},{"not_picked":["Sentinel","Havoc"],"picked":"Body Slam+1","floor":35},{"not_picked":["Iron Wave","Burning Pact"],"picked":"Combust","floor":36},{"not_picked":["Dropkick","Iron Wave"],"picked":"Entrench","floor":37},{"not_picked":["Bandage Up","The Bomb"],"picked":"Chrysalis","floor":38}],"player_experience":1093845,"relics_obtained":[{"floor":6.0,"key":"Peace Pipe"},{"floor":8.0,"key":"Blood Vial"},{"floor":9.0,"key":"Mercury Hourglass"},{"floor":11.0,"key":"Centennial Puzzle"},{"floor":23.0,"key":"Shovel"},{"floor":26.0,"key":"Pantograph"},{"floor":29.0,"key":"Sundial"}],"event_choices":[{"damage_healed":0.0,"max_hp_gain":0.0,"max_hp_loss":0.0,"gold_gain":0.0,"event_name":"Match and Keep!","player_choice":"2 cards matched","floor":2.0,"gold_loss":0.0,"damage_taken":0.0,"cards_obtained":["Panacea","Pummel"]},{"damage_healed":0.0,"max_hp_gain":0.0,"max_hp_loss":0.0,"gold_gain":0.0,"event_name":"FaceTrader","player_choice":"Trade","floor":28.0,"gold_loss":0.0,"damage_taken":0.0,"relics_obtained":["CultistMask"]},{"damage_healed":0,"gold_gain":0,"player_choice":"Memory 1","damage_taken":0,"max_hp_gain":0,"max_hp_loss":0,"event_name":"SensoryStone","floor":38,"gold_loss":0}],"is_beta":false,"boss_relics":[{"not_picked":["Runic Cube","Tiny House"],"picked":"Lizard Tail"},{"not_picked":["Pandora\u0027s Box","White Beast Statue"],"picked":"Fusion Hammer"}],"items_purged_floors":[],"is_endless":false,"potions_floor_spawned":[5,13,16,18,20,23,25,29,33,37],"killed_by":"Transient","ascension_level":12}