{"gold_per_floor":[109,109,121,98,110,165,177,210,249,274,286,298,14,14,14,112,112,127,127],"floor_reached":19,"playtime":513,"items_purged":["Parasite"],"score":329,"play_id":"a7d0f253-0a87-41f0-a27d-7148471db753","local_time":"20190614005008","is_ascension_mode":true,"campfire_choices":[{"data":"Zap","floor":7,"key":"SMITH"},{"data":"Streamline","floor":11,"key":"SMITH"},{"floor":15,"key":"REST"}],"neow_cost":"NONE","seed_source_timestamp":43126974556538,"circlet_count":0,"master_deck":["AscendersBane","Strike_B","Strike_B","Strike_B","Strike_B","Defend_B","Defend_B","Defend_B+1","Defend_B+1","Zap+1","Dualcast","Gash","Conserve Battery","Rip and Tear+1","Streamline+1","Apotheosis","Loop+1","All For One","Reinforced Body"],"relics":["Cracked Core","NeowsBlessing","MawBank","Golden Idol","Blue Candle","Potion Belt","War Paint","White Beast Statue"],"potions_floor_usage":[16],"damage_taken":[{"damage":0,"enemies":"Small Slimes","floor":1,"turns":1},{"damage":0,"enemies":"3 Sentries","floor":6,"turns":1},{"damage":0,"enemies":"Jaw Worm","floor":8,"turns":1},{"damage":6,"enemies":"2 Louse","floor":10,"turns":2},{"damage":22,"enemies":"Hexaghost","floor":16,"turns":9},{"damage":34,"enemies":"Shell Parasite","floor":18,"turns":5},{"damage":27,"enemies":"Colosseum Slavers","floor":19,"turns":1}],"seed_played":"5286282778689679175","potions_obtained":[{"floor":6,"key":"EssenceOfSteel"},{"floor":16,"key":"Poison Potion"},{"floor":18,"key":"Ancient Potion"}],"is_trial":false,"path_per_floor":["M","?","?","?","T","E","R","M","T","M","R","?","$","?","R","B",null,"M","?"],"character_chosen":"DEFECT","items_purchased":["Apotheosis","Loop"],"campfire_rested":1,"item_purchase_floors":[13,13],"current_hp_per_floor":[64,53,29,46,46,46,46,46,46,40,40,57,57,37,57,35,60,26,0],"gold":127,"neow_bonus":"THREE_ENEMY_KILL","is_prod":false,"is_daily":false,"chose_seed":false,"campfire_upgraded":2,"win_rate":0,"timestamp":1560466208,"path_taken":["M","?","?","?","?","E","R","?","T","M","R","?","$","?","R","BOSS","M","?"],"build_version":"2019-01-23","purchased_purges":1,"victory":false,"max_hp_per_floor":[71,71,71,71,71,71,71,71,71,71,71,71,68,68,68,68,68,68,68],"card_choices":[{"not_picked":["Conserve Battery","Skim"],"picked":"Gash","floor":1},{"not_picked":["Leap","Storm"],"picked":"Conserve Battery","floor":6},{"not_picked":["Lockon","Redo"],"picked":"Rip and Tear","floor":8},{"not_picked":["Go for the Eyes","BootSequence"],"picked":"Streamline","floor":10},{"not_picked":["Multi-Cast","Meteor Strike"],"picked":"All For One","floor":16},{"not_picked":["Tempest","Loop"],"picked":"Reinforced Body","floor":18}],"player_experience":765929,"relics_obtained":[{"floor":5,"key":"Blue Candle"},{"floor":6,"key":"Potion Belt"},{"floor":9,"key":"War Paint"}],"event_choices":[{"damage_healed":0,"gold_gain":0,"player_choice":"Success","damage_taken":11,"relics_obtained":["MawBank"],"max_hp_gain":0,"max_hp_loss":0,"event_name":"Scrap Ooze","floor":2,"gold_loss":0},{"damage_healed":0,"gold_gain":0,"player_choice":"Take Damage","damage_taken":24,"relics_obtained":["Golden Idol"],"max_hp_gain":0,"max_hp_loss":0,"event_name":"Golden Idol","floor":3,"gold_loss":0},{"damage_healed":17,"gold_gain":0,"player_choice":"Healed","damage_taken":0,"max_hp_gain":0,"max_hp_loss":0,"event_name":"The Cleric","floor":4,"gold_loss":35},{"damage_healed":17,"gold_gain":0,"player_choice":"Healed and dodged fight","damage_taken":0,"max_hp_gain":0,"max_hp_loss":0,"event_name":"Mushrooms","floor":12,"gold_loss":0,"cards_obtained":["Parasite"]},{"damage_healed":0,"gold_gain":0,"player_choice":"Entered Light","damage_taken":20,"max_hp_gain":0,"max_hp_loss":0,"event_name":"Shining Light","floor":14,"gold_loss":0,"cards_upgraded":["Rip and Tear","Loop"]},{"damage_healed":0,"gold_gain":0,"player_choice":"Fight","damage_taken":0,"max_hp_gain":0,"max_hp_loss":0,"event_name":"Colosseum","floor":19,"gold_loss":0}],"is_beta":false,"boss_relics":[{"not_picked":["Philosopher\u0027s Stone","Pandora\u0027s Box"],"picked":"White Beast Statue"}],"items_purged_floors":[13],"is_endless":false,"potions_floor_spawned":[6,16,18],"killed_by":"Colosseum Slavers","ascension_level":15}