{"gold_per_floor":[112,112,112,24,37,68,82,82,105,105,125,142,168,187,187,284,284,295,295],"floor_reached":19,"playtime":3047,"items_purged":[],"score":179,"play_id":"78bba376-6ea6-4c70-be54-e1af4a993960","local_time":"20181229220840","is_ascension_mode":false,"campfire_choices":[{"floor":8.0,"key":"REST"},{"data":"Endless Agony","floor":10.0,"key":"SMITH"},{"floor":15.0,"key":"REST"}],"neow_cost":"NONE","seed_source_timestamp":0,"circlet_count":0,"master_deck":["Defend_G","Defend_G","Defend_G","Defend_G","Defend_G","Strike_G","Strike_G+1","Strike_G","Strike_G","Strike_G","Survivor","Neutralize+1","Footwork","Flying Knee","Leg Sweep","Bane","Endless Agony+1","Riddle With Holes","Flying Knee","Underhanded Strike","Endless Agony","Night Terror","Phantasmal Killer","Crippling Poison"],"special_seed":0,"relics":["Ring of the Snake","Bag of Marbles","Juzu Bracelet","Potion Belt","Snecko Eye"],"potions_floor_usage":[],"damage_taken":[{"damage":0.0,"enemies":"Small Slimes","floor":1.0,"turns":4.0},{"damage":0.0,"enemies":"Jaw Worm","floor":5.0,"turns":4.0},{"damage":14.0,"enemies":"3 Sentries","floor":6.0,"turns":13.0},{"damage":0.0,"enemies":"2 Louse","floor":7.0,"turns":1.0},{"damage":0.0,"enemies":"Blue Slaver","floor":11.0,"turns":1.0},{"damage":0.0,"enemies":"3 Louse","floor":12.0,"turns":3.0},{"damage":7.0,"enemies":"Lagavulin","floor":13.0,"turns":6.0},{"damage":5.0,"enemies":"Exordium Wildlife","floor":14.0,"turns":2.0},{"damage":66.0,"enemies":"Hexaghost","floor":16.0,"turns":13.0},{"damage":22.0,"enemies":"Shell Parasite","floor":18.0,"turns":7.0}],"seed_played":"3947881404509431807","potions_obtained":[{"floor":6.0,"key":"Fire Potion"},{"floor":7.0,"key":"Dexterity Potion"},{"floor":11.0,"key":"Explosive Potion"}],"is_trial":false,"path_per_floor":["M","?","?","$","M","E","M","R","T","R","M","M","E","M","R","B",null,"M","$"],"character_chosen":"THE_SILENT","items_purchased":["Flying Knee","Leg Sweep"],"campfire_rested":2,"item_purchase_floors":[4,4],"current_hp_per_floor":[77,62,67,67,67,53,53,77,77,77,77,77,70,65,82,16,82,60,60],"gold":295,"neow_bonus":"TEN_PERCENT_HP_BONUS","is_prod":false,"is_daily":false,"chose_seed":false,"campfire_upgraded":1,"win_rate":0.0,"timestamp":1546081720,"path_taken":["M","?","?","$","M","E","M","R","T","R","M","M","E","M","R","BOSS","M","$"],"build_version":"2018-12-20","purchased_purges":0,"victory":false,"max_hp_per_floor":[77,77,82,82,82,82,82,82,82,82,82,82,82,82,82,82,82,82,82],"card_choices":[{"not_picked":["Sucker Punch","Slice"],"picked":"Footwork","floor":1.0},{"not_picked":["Poisoned Stab","Sucker Punch"],"picked":"Bane","floor":5.0},{"not_picked":["Bullet Time","Calculated Gamble"],"picked":"Endless Agony","floor":6.0},{"not_picked":["Calculated Gamble","Sucker Punch"],"picked":"Riddle With Holes","floor":7.0},{"not_picked":["Prepared","Sucker Punch"],"picked":"Flying Knee","floor":11.0},{"not_picked":["Poisoned Stab","Dodge and Roll"],"picked":"Underhanded Strike","floor":12.0},{"not_picked":["Quick Slash","Acrobatics"],"picked":"Endless Agony","floor":13.0},{"not_picked":["Deflect","Blur"],"picked":"Night Terror","floor":14.0},{"not_picked":["After Image","Unload"],"picked":"Phantasmal Killer","floor":16.0},{"not_picked":["Deflect","Flying Knee"],"picked":"Crippling Poison","floor":18.0}],"player_experience":15122,"relics_obtained":[{"floor":6.0,"key":"Bag of Marbles"},{"floor":9.0,"key":"Juzu Bracelet"},{"floor":13.0,"key":"Potion Belt"}],"event_choices":[{"damage_healed":0.0,"max_hp_gain":0.0,"max_hp_loss":0.0,"gold_gain":0.0,"event_name":"Shining Light","player_choice":"Entered Light","floor":2.0,"gold_loss":0.0,"damage_taken":15.0,"cards_upgraded":["Strike_G","Neutralize"]},{"damage_healed":0.0,"max_hp_gain":5.0,"max_hp_loss":0.0,"gold_gain":0.0,"event_name":"Big Fish","player_choice":"Donut","floor":3.0,"gold_loss":0.0,"damage_taken":0.0}],"is_beta":false,"boss_relics":[{"not_picked":["Busted Crown","Runic Dome"],"picked":"Snecko Eye"}],"items_purged_floors":[],"is_endless":false,"potions_floor_spawned":[6,7,11],"ascension_level":0}