{"gold_per_floor":[111,129,129,129,141,171,171,171,171,188,11,11,21,48,48,146,146,160,173,173],"floor_reached":20,"playtime":79620,"items_purged":[],"score":267,"play_id":"a8aaf7f6-7548-420e-b66a-58b6cfe94485","local_time":"20190613232043","is_ascension_mode":true,"campfire_choices":[{"data":"Machine Learning","floor":8,"key":"SMITH"},{"data":"Defragment","floor":15,"key":"SMITH"}],"neow_cost":"NONE","seed_source_timestamp":526721713041427,"circlet_count":0,"master_deck":["Strike_B","Strike_B","Defend_B","Defend_B","Defend_B","Defend_B","Zap","Dualcast","Rebound","Sweeping Beam","Capacitor","Machine Learning+1","Ball Lightning","Defragment+1","Conserve Battery","Parasite","Doom and Gloom","BootSequence","Buffer","Normality","Injury","Shame","Ball Lightning","Cold Snap+1"],"relics":["Cracked Core","Strawberry","Sundial","Matryoshka","PreservedInsect","Letter Opener","Anchor","Calling Bell","Blood Vial","Gremlin Horn","Peace Pipe"],"potions_floor_usage":[5,13,16,19,20],"damage_taken":[{"damage":0,"enemies":"Small Slimes","floor":1,"turns":3},{"damage":1,"enemies":"2 Louse","floor":2,"turns":2},{"damage":1,"enemies":"Cultist","floor":5,"turns":3},{"damage":28,"enemies":"Gremlin Nob","floor":6,"turns":4},{"damage":3,"enemies":"2 Fungi Beasts","floor":10,"turns":4},{"damage":11,"enemies":"Looter","floor":13,"turns":3},{"damage":16,"enemies":"Lagavulin","floor":14,"turns":6},{"damage":27,"enemies":"Hexaghost","floor":16,"turns":8},{"damage":25,"enemies":"Spheric Guardian","floor":18,"turns":4},{"damage":31,"enemies":"2 Thieves","floor":19,"turns":4},{"damage":17,"enemies":"Snecko","floor":20,"turns":4}],"seed_played":"6884072595309302920","potions_obtained":[{"floor":2,"key":"Fire Potion"},{"floor":13,"key":"GamblersBrew"},{"floor":14,"key":"Swift Potion"},{"floor":19,"key":"AttackPotion"}],"is_trial":false,"path_per_floor":["M","M","?","?","M","E","?","R","T","M","$","?","M","E","R","B",null,"M","M","M"],"character_chosen":"DEFECT","items_purchased":["Defragment","Conserve Battery","PowerPotion"],"campfire_rested":0,"item_purchase_floors":[11,11,11],"current_hp_per_floor":[75,74,74,74,73,45,45,45,45,42,42,62,51,35,35,8,64,41,12,0],"gold":173,"neow_bonus":"RANDOM_COMMON_RELIC","is_prod":false,"is_daily":false,"chose_seed":false,"campfire_upgraded":2,"win_rate":0,"timestamp":1560432043,"path_taken":["M","M","?","?","?","E","?","R","T","M","$","?","M","E","R","BOSS","M","M","M"],"build_version":"2019-01-23","purchased_purges":0,"victory":false,"max_hp_per_floor":[82,82,82,82,82,82,82,82,82,82,82,82,82,82,82,82,82,82,82,82],"card_choices":[{"not_picked":["Turbo","Go for the Eyes"],"picked":"Rebound","floor":1},{"not_picked":["Go for the Eyes","Darkness"],"picked":"Sweeping Beam","floor":2},{"not_picked":["Rip and Tear","Undo"],"picked":"Capacitor","floor":5},{"not_picked":["Steam","Chill"],"picked":"Machine Learning","floor":6},{"not_picked":["Leap","Coolheaded"],"picked":"Ball Lightning","floor":10},{"not_picked":["Rebound","Cold Snap"],"picked":"Doom and Gloom","floor":13},{"not_picked":["Stack","Leap"],"picked":"BootSequence","floor":14},{"not_picked":["Core Surge","Rainbow"],"picked":"Buffer","floor":16},{"not_picked":["Go for the Eyes","Stack"],"picked":"Ball Lightning","floor":18},{"not_picked":["Rip and Tear","Skim"],"picked":"Cold Snap+1","floor":19}],"player_experience":2034411,"relics_obtained":[{"floor":6,"key":"Sundial"},{"floor":9,"key":"PreservedInsect"},{"floor":9,"key":"Letter Opener"},{"floor":14,"key":"Anchor"},{"floor":17,"key":"Blood Vial"},{"floor":17,"key":"Gremlin Horn"},{"floor":17,"key":"Peace Pipe"}],"event_choices":[{"cards_removed":["Strike_B"],"damage_healed":0,"gold_gain":0,"player_choice":"Forget","damage_taken":0,"max_hp_gain":0,"max_hp_loss":0,"event_name":"Living Wall","floor":3,"gold_loss":0},{"cards_removed":["Strike_B"],"damage_healed":0,"gold_gain":0,"player_choice":"Offered Basic","damage_taken":0,"max_hp_gain":0,"max_hp_loss":0,"event_name":"Bonfire Elementals","floor":4,"gold_loss":0},{"damage_healed":0,"gold_gain":0,"player_choice":"Searched \u00272\u0027 times","damage_taken":0,"relics_obtained":["Matryoshka"],"max_hp_gain":0,"max_hp_loss":0,"event_name":"Dead Adventurer","floor":7,"gold_loss":0},{"damage_healed":20,"gold_gain":0,"player_choice":"Healed and dodged fight","damage_taken":0,"max_hp_gain":0,"max_hp_loss":0,"event_name":"Mushrooms","floor":12,"gold_loss":0,"cards_obtained":["Parasite"]}],"is_beta":false,"boss_relics":[{"not_picked":["Fusion Hammer","Busted Crown"],"picked":"Calling Bell"}],"items_purged_floors":[],"is_endless":false,"potions_floor_spawned":[2,13,14,19],"killed_by":"Snecko","ascension_level":9}