{"gold_per_floor":[111,123,9,9,27,202,152,152,233,233,102,120,120,140,140,243,243,258,103,103,123,123],"floor_reached":22,"playtime":1651,"items_purged":["Defend_R"],"score":278,"play_id":"178078c3-fcae-4633-96f5-b558f4db6ec0","local_time":"20190329003913","is_ascension_mode":true,"campfire_choices":[{"data":"Fire Breathing","floor":8,"key":"SMITH"},{"floor":15,"key":"REST"}],"neow_cost":"NONE","seed_source_timestamp":187041443803308,"circlet_count":0,"master_deck":["AscendersBane","Strike_R+1","Defend_R","Defend_R","Bash","Fire Breathing+1","Entrench","Armaments","Feel No Pain","Combust+1","Rupture","Flex","Heavy Blade","Pommel Strike","Brutality","Juggernaut+1","Seeing Red+1","Headbutt+1","Anger","Corruption","Sword Boomerang","Cleave","Rupture"],"relics":["Burning Blood","FaceOfCleric","Ornamental Fan","Astrolabe"],"potions_floor_usage":[22],"damage_taken":[{"damage":6,"enemies":"Small Slimes","floor":1,"turns":6},{"damage":11,"enemies":"Cultist","floor":2,"turns":4},{"damage":3,"enemies":"2 Louse","floor":5,"turns":4},{"damage":23,"enemies":"2 Fungi Beasts","floor":12,"turns":4},{"damage":22,"enemies":"Exordium Thugs","floor":14,"turns":4},{"damage":44,"enemies":"Slime Boss","floor":16,"turns":9},{"damage":32,"enemies":"Spheric Guardian","floor":18,"turns":4},{"damage":34,"enemies":"Chosen","floor":21,"turns":6},{"damage":49,"enemies":"3 Cultists","floor":22,"turns":4}],"seed_played":"-6320504146061604933","potions_obtained":[{"floor":5,"key":"FairyPotion"},{"floor":12,"key":"Energy Potion"},{"floor":14,"key":"LiquidBronze"}],"is_trial":false,"path_per_floor":["M","M","$","?","M","?","?","R","T","?","$","M","?","M","R","B",null,"M","$","?","M","M"],"character_chosen":"IRONCLAD","items_purchased":["Feel No Pain","Rupture","Flex","Corruption","Sword Boomerang","Cleave"],"campfire_rested":1,"item_purchase_floors":[3,11,11,19,19,19],"current_hp_per_floor":[72,67,67,67,71,71,71,71,71,55,55,39,39,24,48,11,66,41,41,69,42,0],"gold":123,"neow_bonus":"TRANSFORM_CARD","is_prod":false,"is_daily":false,"chose_seed":false,"campfire_upgraded":1,"win_rate":0,"timestamp":1553780353,"path_taken":["M","M","$","?","?","?","?","R","T","?","$","M","?","?","R","BOSS","M","?","?","M","M"],"build_version":"2019-01-23","purchased_purges":1,"victory":false,"max_hp_per_floor":[80,80,80,80,81,81,81,81,81,81,81,82,82,83,83,84,84,85,85,85,86,86],"card_choices":[{"not_picked":["Clothesline","Thunderclap"],"picked":"Entrench","floor":1},{"not_picked":["Sword Boomerang","Uppercut"],"picked":"Armaments","floor":2},{"not_picked":["Armaments","Searing Blow"],"picked":"Combust","floor":5},{"not_picked":["Body Slam","Shrug It Off"],"picked":"Heavy Blade","floor":12},{"not_picked":["Dropkick","Headbutt"],"picked":"Pommel Strike","floor":14},{"not_picked":["Impervious","Juggernaut"],"picked":"Brutality","floor":16},{"not_picked":["Perfected Strike","Body Slam"],"picked":"Anger","floor":18},{"not_picked":["Shrug It Off","Thunderclap"],"picked":"Rupture","floor":21}],"player_experience":1105001,"relics_obtained":[{"floor":9,"key":"Ornamental Fan"}],"event_choices":[{"damage_healed":0,"gold_gain":0,"player_choice":"Trade","damage_taken":0,"relics_obtained":["FaceOfCleric"],"max_hp_gain":0,"max_hp_loss":0,"event_name":"FaceTrader","floor":4,"gold_loss":0},{"damage_healed":0,"gold_gain":175,"player_choice":"AGREE","damage_taken":0,"max_hp_gain":0,"max_hp_loss":0,"event_name":"Liars Game","floor":6,"gold_loss":0,"cards_obtained":["Doubt"]},{"cards_removed":["Strike_R"],"damage_healed":0,"gold_gain":0,"player_choice":"Card Removal","damage_taken":0,"max_hp_gain":0,"max_hp_loss":0,"event_name":"The Cleric","floor":7,"gold_loss":50},{"damage_healed":0,"gold_gain":0,"player_choice":"Entered Light","damage_taken":16,"max_hp_gain":0,"max_hp_loss":0,"event_name":"Shining Light","floor":10,"gold_loss":0,"cards_upgraded":["Strike_R","Combust"]},{"cards_removed":["Doubt"],"damage_healed":0,"gold_gain":0,"player_choice":"Forget","damage_taken":0,"max_hp_gain":0,"max_hp_loss":0,"event_name":"Living Wall","floor":13,"gold_loss":0},{"damage_healed":28,"gold_gain":0,"player_choice":"Heal","damage_taken":0,"max_hp_gain":0,"max_hp_loss":0,"event_name":"The Library","floor":20,"gold_loss":0}],"is_beta":false,"boss_relics":[{"not_picked":["White Beast Statue","Busted Crown"],"picked":"Astrolabe"}],"items_purged_floors":[3],"is_endless":false,"potions_floor_spawned":[5,12,14,16],"killed_by":"3 Cultists","ascension_level":12}