{"gold_per_floor":[20,36,48,68,132,132,163,163,210,225,29,29,29,48,48,126,126,142,142,24,35,35,35,62,72,72,72,99,99,99],"floor_reached":30,"playtime":1291,"items_purged":["Strike_G"],"score":496,"play_id":"4049e8a2-7f77-446f-95ba-898e10dbe21c","local_time":"20190609185826","is_ascension_mode":true,"campfire_choices":[{"data":"Neutralize","floor":6.0,"key":"SMITH"},{"floor":8.0,"key":"REST"},{"floor":15.0,"key":"REST"},{"floor":23,"key":"REST"},{"floor":27,"key":"REST"}],"neow_cost":"NO_GOLD","seed_source_timestamp":0,"circlet_count":0,"master_deck":["AscendersBane","Defend_G","Defend_G","Defend_G","Defend_G","Defend_G","Strike_G","Strike_G","Survivor","Neutralize+1","PiercingWail","Flying Knee","Backstab","Flechettes","Noxious Fumes","Footwork","Apotheosis","Dodge and Roll","Glass Knife","Backflip","Dodge and Roll","Deadly Poison","Backflip","Calculated Gamble","Crippling Poison","Footwork","Well Laid Plans","Dagger Spray","PiercingWail","Regret"],"special_seed":0,"relics":["Ring of the Snake","Dodecahedron","Bronze Scales","Orrery","Bag of Preparation","Molten Egg 2","StoneCalendar"],"potions_floor_usage":[24,25,28],"damage_taken":[{"damage":9.0,"enemies":"Cultist","floor":1.0,"turns":6.0},{"damage":1.0,"enemies":"Jaw Worm","floor":2.0,"turns":6.0},{"damage":1.0,"enemies":"Small Slimes","floor":3.0,"turns":6.0},{"damage":0.0,"enemies":"Blue Slaver","floor":4.0,"turns":5.0},{"damage":29.0,"enemies":"Lagavulin","floor":7.0,"turns":9.0},{"damage":6.0,"enemies":"Red Slaver","floor":10.0,"turns":4.0},{"damage":4.0,"enemies":"3 Louse","floor":14.0,"turns":4.0},{"damage":2.0,"enemies":"Slime Boss","floor":16.0,"turns":11.0},{"damage":34,"enemies":"Chosen","floor":18,"turns":6},{"damage":7,"enemies":"Spheric Guardian","floor":21,"turns":6},{"damage":29,"enemies":"Slavers","floor":24,"turns":5},{"damage":21,"enemies":"Centurion and Healer","floor":25,"turns":10},{"damage":15,"enemies":"Book of Stabbing","floor":28,"turns":8},{"damage":8,"enemies":"Snecko","floor":30,"turns":2}],"seed_played":"-1387530003145501760","potions_obtained":[{"floor":2.0,"key":"Poison Potion"},{"floor":7.0,"key":"EssenceOfSteel"},{"floor":10.0,"key":"EssenceOfSteel"},{"floor":16.0,"key":"Poison Potion"},{"floor":21,"key":"Energy Potion"},{"floor":24,"key":"GhostInAJar"},{"floor":25,"key":"Swift Potion"},{"floor":28,"key":"SkillPotion"}],"is_trial":false,"path_per_floor":["M","M","M","M","?","R","E","R","T","M","$","?","$","M","R","B",null,"M","?","$","M","$","R","E","M","T","R","E","?","M"],"character_chosen":"THE_SILENT","items_purchased":["Apotheosis","Footwork"],"campfire_rested":4,"item_purchase_floors":[11,20],"current_hp_per_floor":[50,49,48,48,48,48,19,38,38,32,32,32,32,28,47,45,61,27,40,40,33,33,52,23,2,2,21,6,6,0],"gold":99,"neow_bonus":"REMOVE_TWO","is_prod":false,"is_daily":false,"chose_seed":false,"campfire_upgraded":1,"win_rate":0,"timestamp":1560099506,"path_taken":["M","?","M","?","?","R","E","R","T","M","?","?","$","M","R","BOSS","M","?","$","M","$","R","E","M","T","R","E","?","?"],"build_version":"2019-01-23","purchased_purges":1,"victory":false,"max_hp_per_floor":[66,66,66,66,66,66,66,66,66,66,66,66,66,66,66,66,66,66,66,66,66,66,66,66,66,66,66,66,66,66],"card_choices":[{"not_picked":["Blade Dance","Poisoned Stab"],"picked":"PiercingWail","floor":1.0},{"not_picked":["Dagger Throw","Blur"],"picked":"Flying Knee","floor":2.0},{"not_picked":["Concentrate","Caltrops"],"picked":"Backstab","floor":3.0},{"not_picked":["Bullet Time","Prepared"],"picked":"Flechettes","floor":4.0},{"not_picked":["Leg Sweep","PiercingWail"],"picked":"Noxious Fumes","floor":7.0},{"not_picked":["Predator","Poisoned Stab"],"picked":"Footwork","floor":10.0},{"not_picked":["Calculated Gamble","Caltrops"],"picked":"Dodge and Roll","floor":14.0},{"not_picked":["Phantasmal Killer","A Thousand Cuts"],"picked":"Glass Knife","floor":16.0},{"not_picked":["Slice","Dagger Throw"],"picked":"Backflip","floor":17.0},{"not_picked":["Venomology","Flechettes"],"picked":"Dodge and Roll","floor":17.0},{"not_picked":["Terror","Cloak And Dagger"],"picked":"Deadly Poison","floor":17.0},{"not_picked":["Sucker Punch","Deflect"],"picked":"Backflip","floor":17.0},{"not_picked":["Finisher","Cloak And Dagger"],"picked":"Calculated Gamble","floor":17.0},{"not_picked":["Backflip","Dagger Spray"],"picked":"Crippling Poison","floor":18},{"not_picked":["Flechettes+1","Slice"],"picked":"Well Laid Plans","floor":21},{"not_picked":["Quick Slash+1","Sucker Punch+1"],"picked":"Dagger Spray","floor":24},{"not_picked":["Finisher","Eviscerate","Bouncing Flask"],"picked":"SKIP","floor":25},{"not_picked":["Dodge and Roll","Expertise"],"picked":"PiercingWail","floor":28}],"player_experience":726640,"relics_obtained":[{"floor":7.0,"key":"Dodecahedron"},{"floor":9.0,"key":"Bronze Scales"},{"floor":24,"key":"Bag of Preparation"},{"floor":26,"key":"Molten Egg 2"},{"floor":28,"key":"StoneCalendar"}],"event_choices":[{"damage_healed":0.0,"max_hp_gain":0.0,"max_hp_loss":0.0,"gold_gain":64.0,"event_name":"Golden Wing","player_choice":"Gained Gold","floor":5.0,"gold_loss":0.0,"damage_taken":0.0},{"damage_healed":0.0,"max_hp_gain":0.0,"max_hp_loss":0.0,"gold_gain":0.0,"event_name":"Golden Idol","player_choice":"Ignored","floor":12.0,"gold_loss":0.0,"damage_taken":0.0},{"damage_healed":13,"gold_gain":0,"player_choice":"Heal","damage_taken":0,"max_hp_gain":0,"max_hp_loss":0,"event_name":"The Library","floor":19,"gold_loss":0},{"damage_healed":0,"gold_gain":0,"player_choice":"1 cards matched","damage_taken":0,"max_hp_gain":0,"max_hp_loss":0,"event_name":"Match and Keep!","floor":29,"gold_loss":0,"cards_obtained":["Regret"]}],"is_beta":false,"boss_relics":[{"not_picked":["WristBlade","HoveringKite"],"picked":"Orrery"}],"items_purged_floors":[20],"is_endless":false,"potions_floor_spawned":[2,7,10,16,21,24,25,28],"killed_by":"Snecko","ascension_level":17}