{"gold_per_floor":[112,58,58,133,83,83,141,157,205,222,222,248,248,262,262,357,357,375,391,391,407,129,129,129,154,178,178,78,78,178,191,191,286,286,297,88,88,88,100,100,131,131,131,156,17,17,30,30,30,30],"floor_reached":51,"playtime":3126,"items_purged":["Strike_R","Strike_R"],"score":881,"play_id":"9d809cd8-fc9e-4e96-840b-586df64c2211","local_time":"20190607005351","is_ascension_mode":true,"campfire_choices":[{"data":"Bash","floor":6.0,"key":"SMITH"},{"floor":11.0,"key":"REST"},{"floor":13.0,"key":"REST"},{"data":"Disarm","floor":15.0,"key":"SMITH"},{"floor":23.0,"key":"REST"},{"floor":27.0,"key":"REST"},{"data":"Disarm","floor":32.0,"key":"SMITH"},{"data":"Apotheosis","floor":40.0,"key":"SMITH"},{"data":"Limit Break","floor":42.0,"key":"SMITH"},{"data":"Ghostly","floor":49.0,"key":"SMITH"}],"neow_cost":"NONE","seed_source_timestamp":0,"circlet_count":0,"master_deck":["Defend_R","Defend_R","Defend_R","Defend_R+1","Bash+1","Ghostly Armor","Flex+1","Ghostly Armor","Hemokinesis","Disarm+1","Disarm+1","Whirlwind","Anger","Exhume","Spot Weakness","Battle Trance+1","Fiend Fire","Power Through","Iron Wave+1","Ghostly+1","Ghostly","Ghostly","Ghostly","Ghostly","Impervious","Limit Break+1","Armaments","Apotheosis+1","Shrug It Off+1","Parasite"],"special_seed":0,"relics":["Burning Blood","Dream Catcher","Question Card","Torii","Strawberry","Matryoshka","Velvet Choker","Toolbox","Potion Belt","Oddly Smooth Stone","War Paint","Anchor","Empty Cage","Chemical X","Mummified Hand","MawBank","Frozen Egg 2","Red Skull"],"potions_floor_usage":[],"damage_taken":[{"damage":3.0,"enemies":"Small Slimes","floor":1.0,"turns":4.0},{"damage":60.0,"enemies":"3 Sentries","floor":7.0,"turns":17.0},{"damage":0.0,"enemies":"2 Louse","floor":8.0,"turns":4.0},{"damage":2.0,"enemies":"Jaw Worm","floor":10.0,"turns":3.0},{"damage":46.0,"enemies":"3 Sentries","floor":12.0,"turns":14.0},{"damage":3.0,"enemies":"Gremlin Gang","floor":14.0,"turns":2.0},{"damage":26.0,"enemies":"Hexaghost","floor":16.0,"turns":12.0},{"damage":42.0,"enemies":"Spheric Guardian","floor":18.0,"turns":6.0},{"damage":18.0,"enemies":"2 Thieves","floor":19.0,"turns":3.0},{"damage":17.0,"enemies":"Centurion and Healer","floor":21.0,"turns":5.0},{"damage":25.0,"enemies":"Gremlin Leader","floor":25.0,"turns":8.0},{"damage":5.0,"enemies":"Chosen and Byrds","floor":31.0,"turns":10.0},{"damage":33.0,"enemies":"Champ","floor":33.0,"turns":15.0},{"damage":5.0,"enemies":"3 Darklings","floor":35.0,"turns":6.0},{"damage":1.0,"enemies":"Orb Walker","floor":39.0,"turns":6.0},{"damage":5.0,"enemies":"Giant Head","floor":41.0,"turns":9.0},{"damage":2.0,"enemies":"Maw","floor":44.0,"turns":12.0},{"damage":11.0,"enemies":"Writhing Mass","floor":47.0,"turns":7.0},{"damage":23,"enemies":"Awakened One","floor":50,"turns":15}],"seed_played":"966038683232998196","potions_obtained":[{"floor":1.0,"key":"GamblersBrew"},{"floor":16.0,"key":"EssenceOfSteel"},{"floor":31.0,"key":"Dexterity Potion"},{"floor":44.0,"key":"SpeedPotion"},{"floor":47.0,"key":"Poison Potion"}],"is_trial":false,"path_per_floor":["?","?","?","?","M","M","?","?","?","?","?","?","?","?"],"character_chosen":"IRONCLAD","items_purchased":["Flex","Toolbox","Chemical X","Red Skull"],"campfire_rested":4,"item_purchase_floors":[2,22,36,45],"current_hp_per_floor":[75,75,72,61,61,61,7,13,20,24,50,10,36,39,39,19,70,34,22,22,11,11,37,37,18,18,44,44,43,43,43,43,16,36,37,37,37,37,42,42,43,43,43,43,43,41,36,36,36,19],"gold":30,"neow_bonus":"RANDOM_COMMON_RELIC","is_prod":false,"is_daily":false,"chose_seed":false,"campfire_upgraded":6,"win_rate":0,"timestamp":1559861631,"path_taken":["M","$","?","?","?","R","?","?","T","M","R","E","R","M","R","BOSS","BOSS","M","?","?","M","$","R","?","E","T","R","$","?","?","M","R","BOSS","M","$","?","?","M","R","E","R","T","M","$","?","M","?","R","BOSS"],"build_version":"2019-01-23","purchased_purges":2,"victory":true,"max_hp_per_floor":[80,80,80,80,80,80,80,80,87,87,87,87,87,87,87,87,87,87,87,87,87,87,87,87,87,87,87,87,43,43,43,43,43,43,43,43,43,43,43,43,43,43,43,43,43,41,41,41,41,41],"card_choices":[{"not_picked":["Clash","Reckless Charge"],"picked":"Ghostly Armor","floor":1.0},{"not_picked":["Twin Strike","Warcry","Havoc"],"picked":"Ghostly Armor","floor":7.0},{"not_picked":["Heavy Blade","Sword Boomerang","Clash"],"picked":"Hemokinesis","floor":8.0},{"not_picked":["Heavy Blade","Seeing Red","Flex"],"picked":"Disarm","floor":10.0},{"not_picked":["Havoc","Pommel Strike","Hemokinesis"],"picked":"Disarm","floor":11.0},{"not_picked":["Brutality","Twin Strike","Bludgeon","Havoc"],"picked":"SKIP","floor":12.0},{"not_picked":["Burning Pact","Combust","Havoc"],"picked":"Whirlwind","floor":13.0},{"not_picked":["Rage","Intimidate","Body Slam"],"picked":"Anger","floor":14.0},{"not_picked":["Dark Embrace","Double Tap","Bludgeon"],"picked":"Exhume","floor":16.0},{"not_picked":["Heavy Blade","Wild Strike","Burning Pact"],"picked":"Spot Weakness","floor":18.0},{"not_picked":["Rage+1","Perfected Strike","Wild Strike"],"picked":"Battle Trance+1","floor":19.0},{"not_picked":["Uppercut","Clash","Havoc"],"picked":"Fiend Fire","floor":21.0},{"not_picked":["Anger","Clothesline+1","Wild Strike"],"picked":"Power Through","floor":23.0},{"not_picked":["Rage","Wild Strike","Thunderclap","Headbutt"],"picked":"SKIP","floor":25.0},{"not_picked":["Perfected Strike","Heavy Blade","Sword Boomerang"],"picked":"Iron Wave+1","floor":27.0},{"not_picked":["Seeing Red","Thunderclap","Rage"],"picked":"Impervious","floor":31.0},{"not_picked":["Brutality","Bludgeon","Exhume"],"picked":"Limit Break","floor":33.0},{"not_picked":["Rampage","Twin Strike","Warcry"],"picked":"Armaments","floor":35.0},{"not_picked":["Deep Breath","Bandage Up","Trip"],"picked":"Apotheosis","floor":38.0},{"not_picked":["Clothesline","Intimidate+1","Twin Strike+1"],"picked":"Shrug It Off+1","floor":39.0},{"not_picked":["Power Through","Clash","Iron Wave","Carnage+1"],"picked":"SKIP","floor":41.0},{"not_picked":["Pommel Strike","Carnage","Intimidate+1","Entrench+1"],"picked":"SKIP","floor":44.0},{"not_picked":["Perfected Strike","Pummel","Corruption+1","Clothesline"],"picked":"SKIP","floor":47.0}],"player_experience":33246,"relics_obtained":[{"floor":7.0,"key":"Torii"},{"floor":9.0,"key":"Strawberry"},{"floor":12.0,"key":"Matryoshka"},{"floor":25.0,"key":"Oddly Smooth Stone"},{"floor":26.0,"key":"War Paint"},{"floor":26.0,"key":"Anchor"},{"floor":41.0,"key":"Mummified Hand"},{"floor":43.0,"key":"MawBank"},{"floor":43.0,"key":"Frozen Egg 2"}],"event_choices":[{"damage_healed":0.0,"max_hp_gain":0.0,"max_hp_loss":0.0,"gold_gain":0.0,"event_name":"Scrap Ooze","player_choice":"Success","floor":3.0,"gold_loss":0.0,"damage_taken":3.0,"relics_obtained":["Question Card"]},{"damage_healed":0.0,"max_hp_gain":0.0,"max_hp_loss":0.0,"gold_gain":75.0,"event_name":"World of Goop","player_choice":"Gather Gold","floor":4.0,"gold_loss":0.0,"damage_taken":11.0},{"cards_removed":["Strike_R"],"damage_healed":0.0,"max_hp_gain":0.0,"max_hp_loss":0.0,"gold_gain":0.0,"event_name":"The Cleric","player_choice":"Card Removal","floor":5.0,"gold_loss":50.0,"damage_taken":0.0},{"damage_healed":0.0,"max_hp_gain":0.0,"max_hp_loss":0.0,"gold_gain":0.0,"event_name":"Dead Adventurer","player_choice":"Searched \u00271\u0027 times","floor":7.0,"gold_loss":0.0,"damage_taken":0.0},{"damage_healed":0.0,"max_hp_gain":0.0,"max_hp_loss":0.0,"gold_gain":0.0,"event_name":"Cursed Tome","player_choice":"Ignored","floor":20.0,"gold_loss":0.0,"damage_taken":0.0},{"damage_healed":0.0,"max_hp_gain":0.0,"max_hp_loss":0.0,"gold_gain":0.0,"event_name":"The Mausoleum","player_choice":"Opened","floor":24.0,"gold_loss":0.0,"damage_taken":0.0,"relics_obtained":["Potion Belt"],"cards_obtained":["Writhe"]},{"damage_healed":0.0,"max_hp_gain":0.0,"max_hp_loss":44.0,"gold_gain":0.0,"event_name":"Ghosts","player_choice":"Became a Ghost","floor":29.0,"gold_loss":0.0,"damage_taken":0.0,"cards_obtained":["Ghostly","Ghostly","Ghostly","Ghostly","Ghostly"]},{"damage_healed":0.0,"max_hp_gain":0.0,"max_hp_loss":0.0,"gold_gain":100.0,"event_name":"Golden Shrine","player_choice":"Pray","floor":30.0,"gold_loss":0.0,"damage_taken":0.0},{"damage_healed":0.0,"max_hp_gain":0.0,"max_hp_loss":0.0,"gold_gain":0.0,"event_name":"Tomb of Lord Red Mask","player_choice":"Ignored","floor":37.0,"gold_loss":0.0,"damage_taken":0.0},{"damage_healed":0.0,"max_hp_gain":0.0,"max_hp_loss":0.0,"gold_gain":0.0,"event_name":"SensoryStone","player_choice":"Memory 1","floor":38.0,"gold_loss":0.0,"damage_taken":0.0},{"damage_healed":0.0,"max_hp_gain":0.0,"max_hp_loss":2.0,"gold_gain":0.0,"event_name":"Winding Halls","player_choice":"Max HP","floor":46.0,"gold_loss":0.0,"damage_taken":0.0},{"cards_removed":["Writhe"],"damage_healed":0.0,"max_hp_gain":0.0,"max_hp_loss":0.0,"gold_gain":0.0,"event_name":"Purifier","player_choice":"Purged","floor":48.0,"gold_loss":0.0,"damage_taken":0.0}],"is_beta":false,"boss_relics":[{"not_picked":["Black Blood","Tiny House"],"picked":"Velvet Choker"},{"not_picked":["Black Star","White Beast Statue"],"picked":"Empty Cage"}],"items_purged_floors":[22,28],"is_endless":false,"potions_floor_spawned":[1,16,31,44,47],"ascension_level":6}