{"gold_per_floor":[116,116,18,68,79,108,108,108,108,108,123,139,139,6,6,78,78,90,20,295,35,50,76,76,76,103,103,132,132,144,156,156,156],"floor_reached":33,"playtime":1582,"items_purged":[],"score":536,"play_id":"15bc79f9-9740-4b40-8ab8-2f1da561b39d","local_time":"20190611181050","is_ascension_mode":true,"campfire_choices":[{"data":"Defragment","floor":7,"key":"SMITH"},{"data":"Barrage","floor":10,"key":"SMITH"},{"data":"Defragment","floor":15,"key":"SMITH"},{"data":"Seek","floor":24,"key":"SMITH"},{"floor":27,"key":"REST"},{"floor":29,"key":"REST"},{"floor":32,"key":"REST"}],"neow_cost":"NONE","seed_source_timestamp":18162357992064,"circlet_count":0,"master_deck":["AscendersBane","Strike_B+1","Strike_B+1","Strike_B+1","Defend_B+1","Defend_B+1","Defend_B+1","Defend_B+1","Zap","Dualcast","Barrage+1","Defragment+1","Cold Snap","Hologram","Cold Snap","Regret","Reinforced Body","Defragment+1","Finesse","Hello World","Seek+1","Turbo","Loop","Regret","Glacier","Conserve Battery","Seek","Writhe","Undo","Melter+1"],"relics":["Cracked Core","NeowsBlessing","Juzu Bracelet","Potion Belt","Blue Candle","Vajra","Cursed Key","OrangePellets","Strawberry","PreservedInsect","Sundial"],"potions_floor_usage":[16,22,28,28],"damage_taken":[{"damage":0,"enemies":"Small Slimes","floor":1,"turns":1},{"damage":0,"enemies":"2 Louse","floor":5,"turns":1},{"damage":0,"enemies":"3 Sentries","floor":6,"turns":1},{"damage":1,"enemies":"Cultist","floor":11,"turns":4},{"damage":10,"enemies":"Large Slime","floor":12,"turns":6},{"damage":9,"enemies":"Hexaghost","floor":16,"turns":11},{"damage":12,"enemies":"Shell Parasite","floor":18,"turns":6},{"damage":5,"enemies":"3 Byrds","floor":22,"turns":4},{"damage":28,"enemies":"Book of Stabbing","floor":23,"turns":10},{"damage":35,"enemies":"Gremlin Leader","floor":28,"turns":9},{"damage":19,"enemies":"Shelled Parasite and Fungi","floor":30,"turns":8},{"damage":5,"enemies":"Snake Plant","floor":31,"turns":4},{"damage":84,"enemies":"Automaton","floor":33,"turns":18}],"seed_played":"6600019341576332985","potions_obtained":[{"floor":11,"key":"LiquidBronze"},{"floor":12,"key":"PowerPotion"},{"floor":16,"key":"FairyPotion"},{"floor":18,"key":"Fire Potion"},{"floor":22,"key":"Explosive Potion"}],"is_trial":false,"path_per_floor":["M","?","$","?","M","E","R","?","T","R","M","M","T","$","R","B",null,"M","$","?","$","M","E","R","?","T","R","E","R","M","M","R","B"],"character_chosen":"DEFECT","items_purchased":["Defragment","Cold Snap","Finesse","Hello World","Loop","OrangePellets","Glacier"],"campfire_rested":3,"item_purchase_floors":[3,3,14,14,19,21,21],"current_hp_per_floor":[64,57,57,57,57,57,57,57,57,57,56,46,46,46,46,37,63,51,51,51,51,46,25,25,25,25,48,13,36,17,12,35,0],"gold":156,"neow_bonus":"THREE_ENEMY_KILL","is_prod":false,"is_daily":false,"chose_seed":false,"campfire_upgraded":4,"win_rate":0,"timestamp":1560269450,"path_taken":["M","?","$","?","?","E","R","?","T","R","M","M","?","$","R","BOSS","M","?","?","$","M","E","R","?","T","R","E","R","M","M","R","BOSS"],"build_version":"2019-01-23","purchased_purges":0,"victory":false,"max_hp_per_floor":[71,71,71,71,71,71,71,71,71,71,71,71,71,71,71,71,71,71,71,71,71,71,78,78,78,78,78,78,78,78,78,78,78],"card_choices":[{"not_picked":["Stack","Streamline"],"picked":"Barrage","floor":1},{"not_picked":["Sweeping Beam","Gash"],"picked":"Hologram","floor":5},{"not_picked":["Compile Driver","Gash"],"picked":"Cold Snap","floor":6},{"not_picked":["Stack","Hello World"],"picked":"Reinforced Body","floor":11},{"not_picked":["Double Energy","Consume"],"picked":"Defragment","floor":12},{"not_picked":["Meteor Strike","Hyperbeam"],"picked":"Seek","floor":16},{"not_picked":["Cold Snap","Streamline"],"picked":"Turbo","floor":18},{"not_picked":["Sweeping Beam","Ball Lightning"],"picked":"Conserve Battery","floor":22},{"not_picked":["Hologram+1","Steam"],"picked":"Seek","floor":23},{"not_picked":["Streamline","Coolheaded"],"picked":"Undo","floor":28},{"not_picked":["Sweeping Beam","Fusion"],"picked":"Melter+1","floor":30},{"not_picked":["Go for the Eyes","Rebound","Conserve Battery"],"picked":"SKIP","floor":31}],"player_experience":744331,"relics_obtained":[{"floor":6,"key":"Juzu Bracelet"},{"floor":9,"key":"Blue Candle"},{"floor":13,"key":"Vajra"},{"floor":23,"key":"Strawberry"},{"floor":26,"key":"PreservedInsect"},{"floor":28,"key":"Sundial"}],"event_choices":[{"cards_removed":["Strike_B"],"damage_healed":0,"gold_gain":0,"player_choice":"Card Removal","damage_taken":7,"max_hp_gain":0,"max_hp_loss":0,"event_name":"Golden Wing","floor":2,"gold_loss":0},{"damage_healed":0,"gold_gain":50,"player_choice":"Pray","damage_taken":0,"max_hp_gain":0,"max_hp_loss":0,"event_name":"Golden Shrine","floor":4,"gold_loss":0},{"damage_healed":0,"gold_gain":0,"player_choice":"Box","damage_taken":0,"relics_obtained":["Potion Belt"],"max_hp_gain":0,"max_hp_loss":0,"event_name":"Big Fish","floor":8,"gold_loss":0,"cards_obtained":["Regret"]},{"damage_healed":0,"gold_gain":275,"player_choice":"Desecrate","damage_taken":0,"max_hp_gain":0,"max_hp_loss":0,"event_name":"Golden Shrine","floor":20,"gold_loss":0,"cards_obtained":["Regret"]},{"damage_healed":0,"gold_gain":0,"player_choice":"Simplicity","damage_taken":0,"max_hp_gain":0,"max_hp_loss":0,"event_name":"Back to Basics","floor":25,"gold_loss":0,"cards_upgraded":["Strike_B","Strike_B","Strike_B","Defend_B","Defend_B","Defend_B","Defend_B"]}],"is_beta":false,"boss_relics":[{"not_picked":["Calling Bell","Empty Cage"],"picked":"Cursed Key"}],"items_purged_floors":[],"is_endless":false,"potions_floor_spawned":[11,12,16,18,22],"killed_by":"Automaton","ascension_level":15}