{"gold_per_floor":[113,38,38,53,53,87,101,113,138,153,153,169,169,44,44,44],"floor_reached":16,"playtime":976,"items_purged":["Defend_G","Strike_G"],"score":127,"play_id":"a47c715b-8c9d-4bda-a25d-b8cbf6361ab0","local_time":"20190527114213","is_ascension_mode":false,"campfire_choices":[{"floor":11,"key":"RECALL"},{"data":"Crippling Poison","floor":13,"key":"SMITH"},{"data":"Reflex","floor":15,"key":"SMITH"}],"neow_cost":"NONE","seed_source_timestamp":154588527789404,"circlet_count":0,"master_deck":["Defend_G","Defend_G","Defend_G","Defend_G","Strike_G","Strike_G","Strike_G","Strike_G","Survivor","Neutralize+1","Slice","Heel Hook","Dagger Throw","Escape Plan","Underhanded Strike","Crippling Poison+1","Backstab","Reflex+1"],"special_seed":0,"relics":["Ring of the Snake","NeowsBlessing","Smiling Mask"],"potions_floor_usage":[10,16,16],"damage_taken":[{"damage":0.0,"enemies":"Cultist","floor":1.0,"turns":1.0},{"damage":0.0,"enemies":"2 Louse","floor":4.0,"turns":1.0},{"damage":0.0,"enemies":"Gremlin Nob","floor":6.0,"turns":1.0},{"damage":0.0,"enemies":"Jaw Worm","floor":7.0,"turns":2.0},{"damage":0.0,"enemies":"Large Slime","floor":8.0,"turns":5.0},{"damage":0,"enemies":"3 Louse","floor":10,"turns":2},{"damage":4,"enemies":"Blue Slaver","floor":12,"turns":3},{"damage":68,"enemies":"Slime Boss","floor":16,"turns":12}],"seed_played":"-6189127018144211821","potions_obtained":[{"floor":4.0,"key":"PowerPotion"},{"floor":6.0,"key":"PowerPotion"},{"floor":12,"key":"Swift Potion"}],"is_trial":false,"path_per_floor":["M","$","$","M","?","E","M","M","T","M","R","M","R","$","R","B"],"character_chosen":"THE_SILENT","items_purchased":["Reflex"],"campfire_rested":0,"item_purchase_floors":[14],"current_hp_per_floor":[70,70,70,70,70,70,70,70,70,70,70,66,66,66,66,0],"gold":44,"neow_bonus":"THREE_ENEMY_KILL","is_prod":false,"is_daily":false,"chose_seed":false,"campfire_upgraded":2,"win_rate":0,"timestamp":1558921333,"path_taken":["M","?","$","M","?","E","M","M","T","M","R","?","R","?","R","BOSS"],"build_version":"2019-01-23","purchased_purges":2,"victory":false,"max_hp_per_floor":[70,70,70,70,70,70,70,70,70,70,70,70,70,70,70,70],"card_choices":[{"not_picked":["Backflip","Deadly Poison"],"picked":"Slice","floor":1.0},{"not_picked":["Bane","Predator"],"picked":"Heel Hook","floor":4.0},{"not_picked":["Backflip","Slice"],"picked":"Dagger Throw","floor":6.0},{"not_picked":["Setup","Deflect"],"picked":"Escape Plan","floor":7.0},{"not_picked":["Dagger Spray","Blade Dance"],"picked":"Underhanded Strike","floor":8.0},{"not_picked":["Dagger Spray","Cloak And Dagger"],"picked":"Crippling Poison","floor":10},{"not_picked":["Blade Dance","Blur"],"picked":"Backstab","floor":12}],"player_experience":1990223,"relics_obtained":[{"floor":6.0,"key":"Smiling Mask"}],"event_choices":[{"damage_healed":0.0,"max_hp_gain":0.0,"max_hp_loss":0.0,"gold_gain":0.0,"event_name":"Accursed Blacksmith","player_choice":"Forge","floor":5.0,"gold_loss":0.0,"damage_taken":0.0,"cards_upgraded":["Neutralize"]}],"is_beta":false,"boss_relics":[],"items_purged_floors":[2,14],"is_endless":false,"potions_floor_spawned":[4,6,12],"killed_by":"Slime Boss","ascension_level":0}