{"gold_per_floor":[115,290,302,22,22,22,36,36,36,49,49,49,49,62,62,191,191,211,234,234,248,248],"floor_reached":22,"playtime":2919,"items_purged":[],"score":316,"play_id":"b2cb9228-b973-495e-8baf-bfa7b5cebd64","local_time":"20190521231213","is_ascension_mode":true,"campfire_choices":[{"data":"Apotheosis","floor":6.0,"key":"SMITH"},{"data":"Catalyst","floor":8.0,"key":"SMITH"},{"floor":11.0,"key":"REST"},{"data":"Mind Blast","floor":13.0,"key":"SMITH"},{"data":"Bane","floor":15,"key":"SMITH"}],"neow_cost":"NONE","seed_source_timestamp":336051199381632,"circlet_count":0,"master_deck":["Defend_G","Defend_G","Defend_G+1","Defend_G+1","Strike_G","Strike_G","Strike_G","Survivor","Neutralize","Catalyst+1","Bane","Deadly Poison","Apotheosis+1","Mind Blast+1","Masterful Stab","Bane+1","Injury","Underhanded Strike","Night Terror","Backstab+1","Leg Sweep+1","Finisher","Flying Knee+1","Bane+1"],"special_seed":0,"relics":["Ring of the Snake","NeowsBlessing","War Paint","Golden Idol","Astrolabe"],"potions_floor_usage":[18,18,22,22],"damage_taken":[{"damage":0.0,"enemies":"2 Louse","floor":1.0,"turns":1.0},{"damage":0.0,"enemies":"Small Slimes","floor":3.0,"turns":1.0},{"damage":0.0,"enemies":"Jaw Worm","floor":7.0,"turns":1.0},{"damage":3.0,"enemies":"Gremlin Gang","floor":10.0,"turns":3.0},{"damage":0,"enemies":"Exordium Thugs","floor":14,"turns":2},{"damage":0,"enemies":"Slime Boss","floor":16,"turns":6},{"damage":22,"enemies":"2 Thieves","floor":18,"turns":2},{"damage":21,"enemies":"3 Byrds","floor":19,"turns":8},{"damage":24,"enemies":"3 Cultists","floor":21,"turns":5},{"damage":12,"enemies":"Shelled Parasite and Fungi","floor":22,"turns":1}],"seed_played":"-193993291714961037","potions_obtained":[{"floor":1.0,"key":"Strength Potion"},{"floor":3.0,"key":"Explosive Potion"},{"floor":14,"key":"Ancient Potion"},{"floor":16,"key":"Swift Potion"},{"floor":21,"key":"AttackPotion"}],"is_trial":false,"path_per_floor":["M","?","M","$","?","R","M","R","T","M","R","?","R","M","R","B",null,"M","M","?","M","M"],"character_chosen":"THE_SILENT","items_purchased":["Deadly Poison","Apotheosis","Mind Blast"],"campfire_rested":1,"item_purchase_floors":[4,4,4],"current_hp_per_floor":[63,63,63,63,56,56,56,56,56,53,70,70,70,70,70,70,70,48,27,32,8,0],"gold":248,"neow_bonus":"THREE_ENEMY_KILL","is_prod":false,"is_daily":false,"chose_seed":false,"campfire_upgraded":4,"win_rate":0,"timestamp":1558444333,"path_taken":["M","?","M","$","?","R","M","R","T","M","R","?","R","M","R","BOSS","M","M","?","M","?"],"build_version":"2019-01-23","purchased_purges":0,"victory":false,"max_hp_per_floor":[70,70,70,70,70,70,70,70,70,70,70,70,70,70,70,70,70,70,70,70,70,70],"card_choices":[{"not_picked":["Blade Dance","Outmaneuver"],"picked":"Catalyst","floor":1.0},{"not_picked":["Sucker Punch","Calculated Gamble"],"picked":"Bane","floor":3.0},{"not_picked":["Distraction","Outmaneuver"],"picked":"Masterful Stab","floor":7.0},{"not_picked":["Backflip","Masterful Stab"],"picked":"Bane","floor":10.0},{"not_picked":["Expertise","Skewer"],"picked":"Underhanded Strike","floor":14},{"not_picked":["Storm of Steel","Wraith Form v2"],"picked":"Night Terror","floor":16},{"not_picked":["Concentrate","Slice"],"picked":"Finisher","floor":18},{"not_picked":["Outmaneuver","Dagger Throw"],"picked":"Flying Knee+1","floor":19},{"not_picked":["Dagger Throw","Caltrops"],"picked":"Bane+1","floor":21}],"player_experience":1958678,"relics_obtained":[{"floor":9.0,"key":"War Paint"}],"event_choices":[{"damage_healed":0.0,"max_hp_gain":0.0,"max_hp_loss":0.0,"gold_gain":175.0,"event_name":"Liars Game","player_choice":"AGREE","floor":2.0,"gold_loss":0.0,"damage_taken":0.0,"cards_obtained":["Doubt"]},{"cards_removed":["Doubt"],"damage_healed":0.0,"max_hp_gain":0.0,"max_hp_loss":0.0,"gold_gain":0.0,"event_name":"Golden Wing","player_choice":"Card Removal","floor":5.0,"gold_loss":0.0,"damage_taken":7.0},{"damage_healed":0.0,"max_hp_gain":0.0,"max_hp_loss":0.0,"gold_gain":0.0,"event_name":"Golden Idol","player_choice":"Take Wound","floor":12.0,"gold_loss":0.0,"damage_taken":0.0,"relics_obtained":["Golden Idol"],"cards_obtained":["Injury"]},{"cards_removed":["Sucker Punch"],"damage_healed":5,"gold_gain":0,"player_choice":"Offered Common","damage_taken":0,"max_hp_gain":0,"max_hp_loss":0,"event_name":"Bonfire Elementals","floor":20,"gold_loss":0},{"cards_removed":["Sucker Punch"],"damage_healed":5,"gold_gain":0,"player_choice":"Offered Special","damage_taken":0,"max_hp_gain":0,"max_hp_loss":0,"event_name":"Bonfire Elementals","floor":20,"gold_loss":0}],"is_beta":false,"boss_relics":[{"not_picked":["Empty Cage","Tiny House"],"picked":"Astrolabe"}],"items_purged_floors":[],"is_endless":false,"potions_floor_spawned":[1,3,14,16,21],"killed_by":"Shelled Parasite and Fungi","ascension_level":8}