{"gold_per_floor":[119,136,136,15,34,34,63,75,75,75,95,95,111,36,36,114,114,134,134,52,69,88,88,88],"floor_reached":24,"playtime":1125,"items_purged":["Defend_B"],"score":347,"play_id":"315bc153-3e0e-4e65-a71b-ac6e316236f6","local_time":"20190617162201","is_ascension_mode":true,"campfire_choices":[{"data":"Sweeping Beam","floor":6,"key":"SMITH"},{"data":"Static Discharge","floor":10,"key":"SMITH"},{"data":"Hologram","floor":12,"key":"SMITH"},{"data":"Creative AI","floor":15,"key":"SMITH"},{"floor":23,"key":"REST"}],"neow_cost":"NONE","seed_source_timestamp":1824332817206,"circlet_count":0,"master_deck":["AscendersBane","Strike_B","Defend_B","Defend_B","Defend_B","Zap","Dualcast","Sweeping Beam+1","Hologram+1","Cold Snap","Ball Lightning","Glacier","Static Discharge+1","Cold Snap","Creative AI+1","Conserve Battery","Self Repair","Doom and Gloom","Consume","Loop","Storm+1","Coolheaded+1"],"relics":["Empty Cage","Matryoshka","Pear","Strawberry","Art of War","Orrery","Nilry\u0027s Codex"],"potions_floor_usage":[7,7,24,24],"damage_taken":[{"damage":4,"enemies":"Cultist","floor":1,"turns":5},{"damage":9,"enemies":"Small Slimes","floor":2,"turns":3},{"damage":5,"enemies":"2 Louse","floor":5,"turns":3},{"damage":10,"enemies":"3 Sentries","floor":7,"turns":6},{"damage":11,"enemies":"Blue Slaver","floor":8,"turns":4},{"damage":1,"enemies":"2 Fungi Beasts","floor":11,"turns":3},{"damage":0,"enemies":"Large Slime","floor":13,"turns":6},{"damage":25,"enemies":"The Guardian","floor":16,"turns":14},{"damage":7,"enemies":"Chosen","floor":18,"turns":5},{"damage":15,"enemies":"Shell Parasite","floor":21,"turns":9},{"damage":24,"enemies":"Centurion and Healer","floor":22,"turns":5},{"damage":50,"enemies":"Slavers","floor":24,"turns":2}],"seed_played":"-4014397901692145617","potions_obtained":[{"floor":1,"key":"EssenceOfSteel"},{"floor":2,"key":"Swift Potion"},{"floor":5,"key":"Regen Potion"},{"floor":13,"key":"AttackPotion"},{"floor":16,"key":"SkillPotion"},{"floor":18,"key":"LiquidBronze"}],"is_trial":false,"path_per_floor":["M","M","T","$","M","R","E","M","T","R","M","R","M","?","R","B",null,"M","?","$","M","M","R","E"],"character_chosen":"DEFECT","items_purchased":["Cold Snap","Loop"],"campfire_rested":1,"item_purchase_floors":[4,20],"current_hp_per_floor":[60,51,51,51,46,46,61,50,57,57,56,56,56,56,56,31,74,74,53,53,45,21,47,0],"gold":88,"neow_bonus":"BOSS_RELIC","is_prod":false,"is_daily":false,"chose_seed":false,"campfire_upgraded":4,"win_rate":0,"timestamp":1560781321,"path_taken":["M","M","?","$","M","R","E","M","T","R","M","R","M","?","R","BOSS","M","?","$","M","M","R","E"],"build_version":"2019-01-23","purchased_purges":1,"victory":false,"max_hp_per_floor":[71,71,71,71,71,71,81,81,88,88,88,88,88,88,88,88,88,88,88,88,88,88,88,88],"card_choices":[{"not_picked":["Beam Cell","Stack"],"picked":"Sweeping Beam","floor":1},{"not_picked":["BootSequence","Steam"],"picked":"Hologram","floor":2},{"not_picked":["Melter","Loop"],"picked":"Ball Lightning","floor":5},{"not_picked":["Streamline","Conserve Battery"],"picked":"Glacier","floor":7},{"not_picked":["Chaos","Redo"],"picked":"Static Discharge","floor":8},{"not_picked":["Barrage","Beam Cell"],"picked":"Cold Snap","floor":11},{"not_picked":["Conserve Battery","Cold Snap"],"picked":"Creative AI","floor":13},{"not_picked":["Force Field","Auto Shields"],"picked":"Conserve Battery","floor":17},{"not_picked":["Ball Lightning","Tempest"],"picked":"Self Repair","floor":17},{"not_picked":["Go for the Eyes","Stack"],"picked":"Doom and Gloom","floor":17},{"not_picked":["Stack","Hologram"],"picked":"Consume","floor":17},{"not_picked":["Leap","Rebound","Hello World"],"picked":"SKIP","floor":18},{"not_picked":["Melter","Compile Driver"],"picked":"Storm+1","floor":21},{"not_picked":["Leap","Rebound"],"picked":"Coolheaded+1","floor":22}],"player_experience":778947,"relics_obtained":[{"floor":3,"key":"Matryoshka"},{"floor":7,"key":"Pear"},{"floor":9,"key":"Strawberry"},{"floor":9,"key":"Art of War"},{"floor":19,"key":"Nilry\u0027s Codex"}],"event_choices":[{"cards_removed":["Strike_B"],"damage_healed":0,"gold_gain":0,"player_choice":"Card Removal","damage_taken":0,"max_hp_gain":0,"max_hp_loss":0,"event_name":"The Cleric","floor":14,"gold_loss":75},{"damage_healed":0,"gold_gain":0,"player_choice":"Obtained Book","damage_taken":21,"max_hp_gain":0,"max_hp_loss":0,"event_name":"Cursed Tome","floor":19,"gold_loss":0}],"is_beta":false,"boss_relics":[{"not_picked":["Coffee Dripper","Pandora\u0027s Box"],"picked":"Orrery"}],"items_purged_floors":[4],"is_endless":false,"potions_floor_spawned":[1,2,5,13,16,18],"killed_by":"Slavers","ascension_level":15}