{"gold_per_floor":[117,292,292,25,36,36,67,77,77,112,112,146,3,23,23,128,128,148,247,297,312,41,41,41],"floor_reached":24,"playtime":5477,"items_purged":["Doubt","Strike_G"],"score":354,"play_id":"3e110fee-1a28-4554-8e97-73df94f99209","local_time":"20190428205247","is_ascension_mode":true,"campfire_choices":[{"data":"Chrysalis","floor":6,"key":"SMITH"},{"data":"Venomology","floor":11,"key":"SMITH"},{"floor":15,"key":"REST"},{"data":"Forethought","floor":23,"key":"SMITH"}],"neow_cost":"NONE","seed_source_timestamp":37594795358046,"circlet_count":0,"master_deck":["Defend_G","Defend_G","Defend_G","Defend_G","Defend_G","Strike_G","Strike_G","Strike_G","Strike_G","Survivor","Neutralize","Cloak And Dagger","Chrysalis+1","Bane","Dagger Throw","Backflip","Venomology+1","Blade Dance","Prepared","Tools of the Trade","Noxious Fumes","Dodge and Roll+1","Dagger Throw","Bane","Forethought+1"],"relics":["Ring of the Snake","NeowsBlessing","Pantograph","Torii","Bottled Flame","Ginger","Regal Pillow","Potion Belt","Velvet Choker"],"potions_floor_usage":[10,10,12,21,24],"damage_taken":[{"damage":0,"enemies":"Small Slimes","floor":1,"turns":1},{"damage":0,"enemies":"2 Louse","floor":5,"turns":2},{"damage":0,"enemies":"Gremlin Nob","floor":7,"turns":1},{"damage":1,"enemies":"Cultist","floor":8,"turns":6},{"damage":14,"enemies":"3 Sentries","floor":10,"turns":11},{"damage":28,"enemies":"Lagavulin","floor":12,"turns":8},{"damage":1,"enemies":"Large Slime","floor":14,"turns":5},{"damage":62,"enemies":"Slime Boss","floor":16,"turns":11},{"damage":2,"enemies":"Chosen","floor":18,"turns":5},{"damage":8,"enemies":"3 Byrds","floor":21,"turns":4},{"damage":62,"enemies":"Gremlin Leader","floor":24,"turns":9}],"seed_played":"4108647883517513381","potions_obtained":[{"floor":1,"key":"PowerPotion"},{"floor":5,"key":"Regen Potion"},{"floor":12,"key":"GhostInAJar"},{"floor":16,"key":"Fire Potion"},{"floor":18,"key":"GhostInAJar"}],"is_trial":false,"path_per_floor":["M","?","?","$","M","R","E","M","T","E","R","E","$","M","R","B",null,"M","?","?","M","$","R","E"],"character_chosen":"THE_SILENT","items_purchased":["Chrysalis","Potion Belt","Dagger Throw","Bane","Forethought"],"campfire_rested":1,"item_purchase_floors":[4,13,22,22,22],"current_hp_per_floor":[63,63,51,51,51,51,51,50,50,51,51,23,23,22,58,8,55,53,53,53,45,45,45,0],"gold":41,"neow_bonus":"THREE_ENEMY_KILL","is_prod":false,"is_daily":false,"chose_seed":false,"campfire_upgraded":3,"win_rate":0,"timestamp":1556448767,"path_taken":["M","?","?","$","M","R","E","M","T","E","R","E","$","M","R","BOSS","M","?","?","M","$","R","E"],"build_version":"2019-01-23","purchased_purges":2,"victory":false,"max_hp_per_floor":[70,70,70,70,70,70,70,70,70,70,70,70,70,70,70,70,70,70,70,70,70,70,70,70],"card_choices":[{"not_picked":["Prepared","Quick Slash"],"picked":"Cloak And Dagger","floor":1},{"not_picked":["Concentrate","Dodge and Roll"],"picked":"Bane","floor":5},{"not_picked":["Concentrate","Outmaneuver"],"picked":"Dagger Throw","floor":7},{"not_picked":["Outmaneuver","PiercingWail"],"picked":"Backflip","floor":8},{"not_picked":["Slice","Outmaneuver"],"picked":"Venomology","floor":10},{"not_picked":["Slice","Grand Finale"],"picked":"Blade Dance","floor":12},{"not_picked":["Sucker Punch","Acrobatics"],"picked":"Prepared","floor":14},{"not_picked":["Burst","Unload"],"picked":"Tools of the Trade","floor":16},{"not_picked":["Prepared","Deadly Poison"],"picked":"Noxious Fumes","floor":18},{"not_picked":["Distraction","Eviscerate+1"],"picked":"Dodge and Roll+1","floor":21}],"player_experience":1470404,"relics_obtained":[{"floor":7,"key":"Torii"},{"floor":9,"key":"Bottled Flame"},{"floor":10,"key":"Ginger"},{"floor":12,"key":"Regal Pillow"}],"event_choices":[{"damage_healed":0,"gold_gain":175,"player_choice":"AGREE","damage_taken":0,"max_hp_gain":0,"max_hp_loss":0,"event_name":"Liars Game","floor":2,"gold_loss":0,"cards_obtained":["Doubt"]},{"damage_healed":0,"gold_gain":0,"player_choice":"Success","damage_taken":12,"relics_obtained":["Pantograph"],"max_hp_gain":0,"max_hp_loss":0,"event_name":"Scrap Ooze","floor":3,"gold_loss":0},{"damage_healed":0,"gold_gain":99,"player_choice":"Stole From Cult","damage_taken":0,"max_hp_gain":0,"max_hp_loss":0,"event_name":"Nest","floor":19,"gold_loss":0},{"damage_healed":0,"gold_gain":100,"player_choice":"Bet on Murderer","damage_taken":0,"max_hp_gain":0,"max_hp_loss":0,"event_name":"The Joust","floor":20,"gold_loss":50}],"is_beta":false,"boss_relics":[{"not_picked":["Busted Crown","Snecko Eye"],"picked":"Velvet Choker"}],"items_purged_floors":[4,22],"is_endless":false,"potions_floor_spawned":[1,5,12,16,18],"killed_by":"Gremlin Leader","ascension_level":7}