{"gold_per_floor":[111,111,121,140,153,153,163,163,463,463,433,461,479,511,511,511],"floor_reached":16,"playtime":1575,"items_purged":[],"score":168,"play_id":"494aba24-ceff-47d1-9561-858c6bb1a62a","local_time":"20190307232417","is_ascension_mode":true,"campfire_choices":[{"data":"Iron Wave","floor":6.0,"key":"SMITH"},{"data":"True Grit","floor":8.0,"key":"SMITH"},{"data":"Body Slam","floor":10.0,"key":"SMITH"},{"floor":15,"key":"REST"}],"neow_cost":"NONE","seed_source_timestamp":270478760517480,"circlet_count":0,"master_deck":["AscendersBane","Strike_R","Strike_R","Strike_R","Strike_R","Strike_R","Defend_R","Defend_R","Defend_R","Defend_R","Bash","Iron Wave+1","Cleave","Body Slam+1","Dual Wield","True Grit+1","Inflame","Exhume","Second Wind"],"special_seed":0,"relics":["Burning Blood","NeowsBlessing","FossilizedHelix","Old Coin","WingedGreaves","Omamori"],"potions_floor_usage":[14,16],"damage_taken":[{"damage":0.0,"enemies":"Jaw Worm","floor":1.0,"turns":1.0},{"damage":0.0,"enemies":"2 Louse","floor":3.0,"turns":1.0},{"damage":0.0,"enemies":"Cultist","floor":4.0,"turns":1.0},{"damage":0.0,"enemies":"Large Slime","floor":5.0,"turns":7.0},{"damage":8.0,"enemies":"3 Louse","floor":7.0,"turns":4.0},{"damage":25.0,"enemies":"3 Sentries","floor":12.0,"turns":11.0},{"damage":0,"enemies":"Lots of Slimes","floor":13,"turns":3},{"damage":45,"enemies":"Lagavulin","floor":14,"turns":8},{"damage":61,"enemies":"Hexaghost","floor":16,"turns":11}],"seed_played":"4812371815959321118","potions_obtained":[{"floor":5.0,"key":"EssenceOfSteel"},{"floor":7.0,"key":"Poison Potion"},{"floor":11.0,"key":"SteroidPotion"},{"floor":11.0,"key":"SneckoOil"},{"floor":13,"key":"LiquidBronze"},{"floor":14,"key":"FairyPotion"}],"is_trial":false,"path_per_floor":["M","?","M","M","M","R","M","R","T","R","?","E","M","E","R","B"],"character_chosen":"IRONCLAD","items_purchased":[],"campfire_rested":1,"item_purchase_floors":[],"current_hp_per_floor":[78,75,80,80,80,80,78,78,78,78,78,59,65,26,50,0],"gold":511,"neow_bonus":"THREE_ENEMY_KILL","is_prod":false,"is_daily":false,"chose_seed":false,"campfire_upgraded":3,"win_rate":0,"timestamp":1551961457,"path_taken":["M","?","M","M","M","R","M","R","T","R","?","E","M","E","R","BOSS"],"build_version":"2019-01-23","purchased_purges":0,"victory":false,"max_hp_per_floor":[80,80,80,80,80,80,80,80,80,80,80,80,80,80,80,80],"card_choices":[{"not_picked":["Headbutt","Twin Strike"],"picked":"Iron Wave","floor":1.0},{"not_picked":["Fire Breathing","Warcry"],"picked":"Cleave","floor":3.0},{"not_picked":["Sword Boomerang","Cleave"],"picked":"Body Slam","floor":4.0},{"not_picked":["Rampage","Headbutt"],"picked":"Dual Wield","floor":5.0},{"not_picked":["Clash","Twin Strike"],"picked":"True Grit","floor":7.0},{"not_picked":["Entrench","Shrug It Off"],"picked":"Inflame","floor":12.0},{"not_picked":["Headbutt","Burning Pact"],"picked":"Exhume","floor":13},{"not_picked":["Warcry","Body Slam"],"picked":"Second Wind","floor":14}],"player_experience":846787,"relics_obtained":[{"floor":9.0,"key":"Old Coin"},{"floor":12.0,"key":"WingedGreaves"},{"floor":14,"key":"Omamori"}],"event_choices":[{"damage_healed":0.0,"max_hp_gain":0.0,"max_hp_loss":0.0,"gold_gain":0.0,"event_name":"Scrap Ooze","player_choice":"Success","floor":2.0,"gold_loss":0.0,"damage_taken":3.0,"relics_obtained":["FossilizedHelix"]},{"damage_healed":0.0,"max_hp_gain":0.0,"max_hp_loss":0.0,"gold_gain":0.0,"event_name":"The Woman in Blue","player_choice":"Bought 2 Potions","floor":11.0,"gold_loss":0.0,"damage_taken":0.0}],"is_beta":false,"boss_relics":[],"items_purged_floors":[],"is_endless":false,"potions_floor_spawned":[5,7,13,14],"killed_by":"Hexaghost","ascension_level":10}