{"gold_per_floor":[113,113,137,150,168,168,184,184,208,221,245,245,274,287,287,410,410,425,425,425,441,56,56,95,95,95,136,61,85,124,124,124,124],"floor_reached":33,"playtime":1872,"items_purged":[],"score":435,"play_id":"03225534-807a-4713-b163-e87a5136f8d3","local_time":"20190613214043","is_ascension_mode":true,"campfire_choices":[{"data":"Hemokinesis","floor":6,"key":"SMITH"},{"data":"Cleave","floor":8,"key":"SMITH"},{"data":"Juggernaut","floor":12,"key":"SMITH"},{"data":"True Grit","floor":15,"key":"SMITH"},{"data":"Feed","floor":23,"key":"SMITH"},{"data":"True Grit","floor":25,"key":"SMITH"},{"data":"True Grit","floor":32,"key":"SMITH"}],"neow_cost":"NONE","seed_source_timestamp":893366766791650,"circlet_count":0,"master_deck":["Defend_R","Defend_R","Defend_R","Bash","Juggernaut+1","Cleave+1","Ghostly Armor","Hemokinesis+1","Impervious","Anger","True Grit+1","Feed+1","True Grit+1","Bite","Bite","Bite","Bite","Bite","Pommel Strike","Limit Break","Ghostly Armor","True Grit+1"],"relics":["Burning Blood","Golden Idol","Blood Vial","Happy Flower","Bag of Preparation","Odd Mushroom","Runic Dome","Paper Frog","Oddly Smooth Stone","Dead Branch","Magic Flower","Strawberry","Self Forming Clay"],"potions_floor_usage":[16,24,24,24,24,30,30,33],"damage_taken":[{"damage":5,"enemies":"Jaw Worm","floor":1,"turns":6},{"damage":1,"enemies":"Cultist","floor":4,"turns":4},{"damage":2,"enemies":"2 Louse","floor":5,"turns":4},{"damage":28,"enemies":"Gremlin Gang","floor":7,"turns":5},{"damage":13,"enemies":"Looter","floor":10,"turns":2},{"damage":12,"enemies":"The Mushroom Lair","floor":13,"turns":4},{"damage":5,"enemies":"Blue Slaver","floor":14,"turns":3},{"damage":21,"enemies":"The Guardian","floor":16,"turns":12},{"damage":35,"enemies":"2 Thieves","floor":18,"turns":4},{"damage":16,"enemies":"Spheric Guardian","floor":21,"turns":4},{"damage":47,"enemies":"Book of Stabbing","floor":24,"turns":6},{"damage":17,"enemies":"Slavers","floor":27,"turns":5},{"damage":13,"enemies":"Snecko","floor":29,"turns":5},{"damage":57,"enemies":"Gremlin Leader","floor":30,"turns":8},{"damage":84,"enemies":"Automaton","floor":33,"turns":6}],"seed_played":"6346534559715761613","potions_obtained":[{"floor":4,"key":"Dexterity Potion"},{"floor":5,"key":"EntropicBrew"},{"floor":7,"key":"Explosive Potion"},{"floor":24,"key":"SmokeBomb"},{"floor":27,"key":"FearPotion"},{"floor":29,"key":"AttackPotion"}],"is_trial":false,"path_per_floor":["?","T","M","T","?","?","?","M","?","T"],"character_chosen":"IRONCLAD","items_purchased":["Limit Break","Paper Frog"],"campfire_rested":0,"item_purchase_floors":[22,22],"current_hp_per_floor":[73,53,53,60,66,66,46,46,46,41,41,41,37,40,40,27,67,43,43,43,45,45,45,20,20,20,27,27,47,36,36,36,0],"gold":124,"neow_bonus":"ONE_RANDOM_RARE_CARD","is_prod":false,"is_daily":false,"chose_seed":false,"campfire_upgraded":7,"win_rate":0,"timestamp":1560454843,"path_taken":["M","?","?","?","M","R","M","R","T","M","?","R","?","M","R","BOSS","M","?","?","?","$","R","E","R","T","E","?","M","E","?","R","BOSS"],"build_version":"2019-01-23","purchased_purges":0,"victory":false,"max_hp_per_floor":[80,80,80,80,80,80,80,80,80,80,80,80,80,80,80,80,80,83,58,58,58,58,58,58,58,58,62,62,66,77,77,77,77],"card_choices":[{"not_picked":["Clash","Pummel"],"picked":"Cleave","floor":1},{"not_picked":["Havoc","Perfected Strike"],"picked":"Ghostly Armor","floor":4},{"not_picked":["Twin Strike","Rage"],"picked":"Hemokinesis","floor":5},{"not_picked":["Dropkick","Cleave"],"picked":"Impervious","floor":7},{"not_picked":["Clash","Warcry","Havoc"],"picked":"SKIP","floor":10},{"not_picked":["Sword Boomerang","Wild Strike"],"picked":"Anger","floor":13},{"not_picked":["Power Through","Brutality"],"picked":"True Grit","floor":14},{"not_picked":["Fiend Fire","Offering"],"picked":"Feed","floor":16},{"not_picked":["Wild Strike","Clothesline"],"picked":"True Grit","floor":18},{"not_picked":["Sword Boomerang+1","Warcry"],"picked":"Pommel Strike","floor":21},{"not_picked":["Warcry","Whirlwind","Heavy Blade"],"picked":"SKIP","floor":24},{"not_picked":["Heavy Blade","Warcry"],"picked":"Ghostly Armor","floor":27},{"not_picked":["Cleave","Entrench"],"picked":"True Grit","floor":29},{"not_picked":["Havoc","Twin Strike","Double Tap"],"picked":"SKIP","floor":30}],"player_experience":40422,"relics_obtained":[{"floor":3,"key":"Blood Vial"},{"floor":9,"key":"Happy Flower"},{"floor":11,"key":"Bag of Preparation"},{"floor":13,"key":"Odd Mushroom"},{"floor":24,"key":"Oddly Smooth Stone"},{"floor":26,"key":"Dead Branch"},{"floor":27,"key":"Magic Flower"},{"floor":30,"key":"Strawberry"},{"floor":31,"key":"Self Forming Clay"}],"event_choices":[{"damage_healed":0,"gold_gain":0,"player_choice":"Take Damage","damage_taken":20,"relics_obtained":["Golden Idol"],"max_hp_gain":0,"max_hp_loss":0,"event_name":"Golden Idol","floor":2,"gold_loss":0},{"damage_healed":0,"gold_gain":0,"player_choice":"Fought Mushrooms","damage_taken":0,"max_hp_gain":0,"max_hp_loss":0,"event_name":"Mushrooms","floor":13,"gold_loss":0},{"damage_healed":0,"gold_gain":0,"player_choice":"Became a vampire","damage_taken":0,"max_hp_gain":0,"max_hp_loss":25,"event_name":"Vampires","floor":19,"gold_loss":0,"cards_obtained":["Bite","Bite","Bite","Bite","Bite"]},{"damage_healed":0,"gold_gain":0,"cards_transformed":["Defend_R"],"player_choice":"Transformed","damage_taken":0,"max_hp_gain":0,"max_hp_loss":0,"event_name":"Transmorgrifier","floor":20,"gold_loss":0,"cards_obtained":["Heavy Blade"]},{"cards_removed":["Heavy Blade"],"damage_healed":0,"gold_gain":0,"player_choice":"Gave Gold","damage_taken":0,"max_hp_gain":0,"max_hp_loss":0,"event_name":"Beggar","floor":28,"gold_loss":75}],"is_beta":false,"boss_relics":[{"not_picked":["Empty Cage","Tiny House"],"picked":"Runic Dome"}],"items_purged_floors":[],"is_endless":false,"potions_floor_spawned":[4,5,7,24,27,29],"killed_by":"Automaton","ascension_level":8}