{"gold_per_floor":[117,131,150,22,22,22,45,45,45,83,107,107,107,121,121,249,249,268,268,268,281,294,294,294,294,294,41,70,70],"floor_reached":29,"playtime":4560,"items_purged":["Strike_G"],"score":267,"play_id":"40fadc56-a63e-4f28-aa06-a847e1000fd1","local_time":"20190128230629","is_ascension_mode":true,"campfire_choices":[{"data":"Crippling Poison","floor":6.0,"key":"SMITH"},{"floor":8.0,"key":"RECALL"},{"floor":12,"key":"REST"},{"data":"Catalyst","floor":15,"key":"SMITH"},{"floor":23,"key":"REST"}],"neow_cost":"NONE","seed_source_timestamp":216424869439359,"circlet_count":0,"master_deck":["Survivor","Neutralize","Bane","Crippling Poison+1","Poisoned Stab","Deadly Poison","Injury","Backstab","Catalyst+1","Acrobatics","Bane","After Image","Bouncing Flask","Doppelganger","Flechettes","Bouncing Flask","A Thousand Cuts","Dagger Spray","Accuracy","Noxious Fumes","Grand Finale","Blade Dance+1","Cloak And Dagger+1","Corpse Explosion","Chrysalis","Backflip"],"special_seed":0,"relics":["Ring of the Snake","NeowsBlessing","Bloody Idol","Darkstone Periapt","Pandora\u0027s Box","Enchiridion","Calipers","Singing Bowl"],"potions_floor_usage":[22,28,28,29],"damage_taken":[{"damage":0.0,"enemies":"Small Slimes","floor":1.0,"turns":1.0},{"damage":0.0,"enemies":"Jaw Worm","floor":2.0,"turns":1.0},{"damage":0.0,"enemies":"2 Louse","floor":3.0,"turns":1.0},{"damage":2.0,"enemies":"2 Fungi Beasts","floor":7.0,"turns":3.0},{"damage":27.0,"enemies":"3 Sentries","floor":10.0,"turns":13.0},{"damage":8,"enemies":"Exordium Thugs","floor":11,"turns":4},{"damage":9,"enemies":"Blue Slaver","floor":14,"turns":2},{"damage":19,"enemies":"Hexaghost","floor":16,"turns":7},{"damage":13,"enemies":"3 Byrds","floor":18,"turns":4},{"damage":21,"enemies":"Shell Parasite","floor":21,"turns":5},{"damage":18,"enemies":"Chosen and Byrds","floor":22,"turns":5},{"damage":17,"enemies":"Gremlin Leader","floor":28,"turns":6},{"damage":33,"enemies":"Shelled Parasite and Fungi","floor":29,"turns":3}],"seed_played":"7131956937080876526","potions_obtained":[{"floor":2.0,"key":"Weak Potion"},{"floor":3.0,"key":"Fire Potion"},{"floor":16,"key":"Block Potion"},{"floor":21,"key":"Fire Potion"},{"floor":28,"key":"LiquidBronze"}],"is_trial":false,"path_per_floor":["M","M","M","$","?","R","M","R","T","E","M","R","?","M","R","B",null,"M","?","?","M","M","R","?","?","T","$","E","M"],"character_chosen":"THE_SILENT","items_purchased":["Deadly Poison","Regen Potion","Chrysalis"],"campfire_rested":2,"item_purchase_floors":[4,27,27],"current_hp_per_floor":[70,70,70,70,70,70,68,68,68,41,33,54,76,67,67,48,76,63,63,63,42,24,45,45,29,29,29,31,0],"gold":70,"neow_bonus":"THREE_ENEMY_KILL","is_prod":false,"is_daily":false,"chose_seed":false,"campfire_upgraded":2,"win_rate":0,"timestamp":1548677189,"path_taken":["M","M","M","$","?","R","M","R","T","E","M","R","?","M","R","BOSS","M","?","?","M","M","R","?","?","T","$","E","?"],"build_version":"2019-01-23","purchased_purges":1,"victory":false,"max_hp_per_floor":[70,70,70,70,70,70,70,70,70,70,70,70,76,76,76,76,76,76,76,73,73,73,73,73,73,73,73,73,73],"card_choices":[{"not_picked":["Dagger Spray","Leg Sweep"],"picked":"Bane","floor":1.0},{"not_picked":["All Out Attack","Dodge and Roll"],"picked":"Crippling Poison","floor":2.0},{"not_picked":["Distraction","Quick Slash"],"picked":"Poisoned Stab","floor":3.0},{"not_picked":["Expertise","PiercingWail"],"picked":"Backstab","floor":7.0},{"not_picked":["Outmaneuver","PiercingWail"],"picked":"Catalyst","floor":10},{"not_picked":["Deflect","Dagger Throw"],"picked":"Acrobatics","floor":11},{"not_picked":["Crippling Poison","Sucker Punch"],"picked":"Bane","floor":14},{"not_picked":["Grand Finale","Unload"],"picked":"After Image","floor":16},{"not_picked":["Finisher","Outmaneuver+1"],"picked":"Blade Dance+1","floor":18},{"not_picked":["Skewer","Quick Slash+1"],"picked":"Cloak And Dagger+1","floor":21},{"not_picked":["Backflip","Flying Knee"],"picked":"Corpse Explosion","floor":22},{"not_picked":["Deadly Poison","Dagger Throw"],"picked":"Backflip","floor":28}],"player_experience":172540,"relics_obtained":[{"floor":10,"key":"Darkstone Periapt"},{"floor":25,"key":"Enchiridion"},{"floor":26,"key":"Calipers"},{"floor":28,"key":"Singing Bowl"}],"event_choices":[{"damage_healed":0.0,"max_hp_gain":0.0,"max_hp_loss":0.0,"gold_gain":0.0,"event_name":"Golden Idol","player_choice":"Take Wound","floor":5.0,"gold_loss":0.0,"damage_taken":0.0,"relics_obtained":["Golden Idol"],"cards_obtained":["Injury"]},{"damage_healed":17,"gold_gain":0,"player_choice":"Healed and dodged fight","damage_taken":0,"max_hp_gain":0,"max_hp_loss":0,"event_name":"Mushrooms","floor":13,"gold_loss":0,"cards_obtained":["Parasite"]},{"damage_healed":0,"gold_gain":0,"player_choice":"Ignored","damage_taken":0,"max_hp_gain":0,"max_hp_loss":0,"event_name":"Vampires","floor":19,"gold_loss":0},{"cards_removed":["Parasite"],"damage_healed":0,"gold_gain":0,"player_choice":"Elegance","damage_taken":0,"max_hp_gain":0,"max_hp_loss":0,"event_name":"Back to Basics","floor":20,"gold_loss":0},{"damage_healed":0,"gold_gain":0,"player_choice":"Gave Idol","damage_taken":0,"relics_obtained":["Bloody Idol"],"max_hp_gain":0,"max_hp_loss":0,"event_name":"Forgotten Altar","floor":24,"relics_lost":["Golden Idol"],"gold_loss":0},{"damage_healed":0,"gold_gain":0,"player_choice":"Obtained Book","damage_taken":16,"max_hp_gain":0,"max_hp_loss":0,"event_name":"Cursed Tome","floor":25,"gold_loss":0}],"is_beta":false,"boss_relics":[{"not_picked":["Ectoplasm","Empty Cage"],"picked":"Pandora\u0027s Box"}],"items_purged_floors":[4],"is_endless":false,"potions_floor_spawned":[2,3,16,21,28],"killed_by":"Shelled Parasite and Fungi","ascension_level":2}