{"gold_per_floor":[114,114,37,37,54,87,87,117,117,117,128,158,173,173,173,276,276,296,320,20,37,37,37,37,37,63,88,88,88,88,103,103,103],"floor_reached":33,"playtime":1413,"items_purged":["Strike_R"],"score":486,"play_id":"5f3e331e-eeae-4a0e-afa1-c7ec85f1aa57","local_time":"20190613220544","is_ascension_mode":true,"campfire_choices":[{"floor":7.0,"key":"REST"},{"data":"Bash","floor":10.0,"key":"SMITH"},{"data":"True Grit","floor":15.0,"key":"SMITH"},{"data":"Anger","floor":23,"key":"SMITH"},{"data":"Shockwave","floor":25,"key":"SMITH"},{"data":"J.A.X.","floor":29,"key":"SMITH"},{"data":"Havoc","floor":32,"key":"SMITH"}],"neow_cost":"NONE","seed_source_timestamp":895254494141813,"circlet_count":0,"master_deck":["Strike_R","Strike_R","Strike_R","Strike_R","Defend_R+1","Defend_R","Defend_R","Defend_R","Bash+1","Whirlwind+1","Uppercut","Disarm","Bludgeon","Headbutt","Shrug It Off","True Grit+1","Ghostly Armor+1","Fiend Fire","Headbutt","Shockwave+1","Carnage","Anger+1","J.A.X.+1","Ghostly","Ghostly","Ghostly","Ghostly","Ghostly","Havoc+1"],"special_seed":0,"relics":["Burning Blood","Boot","Matryoshka","Pear","Mercury Hourglass","Shuriken","Charon\u0027s Ashes","White Beast Statue","Sundial","War Paint","Membership Card","Vajra","Pen Nib"],"potions_floor_usage":[18,21,27,27,33],"damage_taken":[{"damage":15.0,"enemies":"2 Louse","floor":1.0,"turns":4.0},{"damage":5.0,"enemies":"Jaw Worm","floor":5.0,"turns":4.0},{"damage":53.0,"enemies":"3 Sentries","floor":6.0,"turns":9.0},{"damage":20.0,"enemies":"Gremlin Nob","floor":8.0,"turns":4.0},{"damage":10.0,"enemies":"Small Slimes","floor":11.0,"turns":2.0},{"damage":12.0,"enemies":"3 Sentries","floor":12.0,"turns":5.0},{"damage":0.0,"enemies":"Red Slaver","floor":13.0,"turns":4.0},{"damage":0.0,"enemies":"Slime Boss","floor":16.0,"turns":7.0},{"damage":10,"enemies":"Spheric Guardian","floor":18,"turns":4},{"damage":1,"enemies":"2 Thieves","floor":21,"turns":3},{"damage":5,"enemies":"Book of Stabbing","floor":27,"turns":6},{"damage":20,"enemies":"Sentry and Sphere","floor":31,"turns":7},{"damage":62,"enemies":"Automaton","floor":33,"turns":6}],"seed_played":"-2306342658834881974","potions_obtained":[{"floor":6.0,"key":"Fire Potion"},{"floor":8.0,"key":"Weak Potion"},{"floor":11.0,"key":"EntropicBrew"},{"floor":16.0,"key":"Regen Potion"},{"floor":18,"key":"Dexterity Potion"},{"floor":21,"key":"Swift Potion"},{"floor":27,"key":"Explosive Potion"},{"floor":31,"key":"Regen Potion"}],"is_trial":false,"path_per_floor":["?","?","?","T","?","?","?"],"character_chosen":"IRONCLAD","items_purchased":["Uppercut","Membership Card","Shockwave","Carnage"],"campfire_rested":1,"item_purchase_floors":[3,20,20,20],"current_hp_per_floor":[63,68,68,68,69,22,47,43,43,43,39,33,39,39,39,45,83,84,84,84,89,70,70,70,70,70,71,71,71,50,36,36,0],"gold":103,"neow_bonus":"RANDOM_COMMON_RELIC","is_prod":false,"is_daily":false,"chose_seed":false,"campfire_upgraded":6,"win_rate":0,"timestamp":1560456344,"path_taken":["M","?","$","?","M","E","R","E","T","R","M","E","M","?","R","BOSS","M","?","$","M","?","R","$","R","T","E","?","R","?","M","R","BOSS"],"build_version":"2019-01-23","purchased_purges":1,"victory":false,"max_hp_per_floor":[80,85,85,85,85,85,85,95,95,95,95,95,95,95,95,95,95,95,95,95,95,100,100,100,100,100,100,100,100,50,50,50,50],"card_choices":[{"not_picked":["Wild Strike","Perfected Strike"],"picked":"Whirlwind","floor":1.0},{"not_picked":["Twin Strike","Wild Strike"],"picked":"Disarm","floor":5.0},{"not_picked":["Armaments","Warcry"],"picked":"Bludgeon","floor":6.0},{"not_picked":["Warcry","Twin Strike"],"picked":"Headbutt","floor":8.0},{"not_picked":["Perfected Strike","Twin Strike"],"picked":"Shrug It Off","floor":11.0},{"not_picked":["Armaments","Body Slam"],"picked":"True Grit","floor":12.0},{"not_picked":["Body Slam","Pommel Strike"],"picked":"Ghostly Armor","floor":13.0},{"not_picked":["Dark Embrace","Berserk"],"picked":"Fiend Fire","floor":16.0},{"not_picked":["Flex","Whirlwind"],"picked":"Headbutt","floor":18},{"not_picked":["Dual Wield","Cleave+1"],"picked":"Anger","floor":21},{"not_picked":["Carnage","Perfected Strike","Sever Soul"],"picked":"SKIP","floor":27},{"not_picked":["Armaments","Body Slam"],"picked":"Havoc","floor":31}],"player_experience":42294,"relics_obtained":[{"floor":6.0,"key":"Matryoshka"},{"floor":8.0,"key":"Pear"},{"floor":9.0,"key":"Mercury Hourglass"},{"floor":9.0,"key":"Shuriken"},{"floor":12.0,"key":"Charon\u0027s Ashes"},{"floor":19,"key":"Sundial"},{"floor":19,"key":"War Paint"},{"floor":26,"key":"Vajra"},{"floor":27,"key":"Pen Nib"}],"event_choices":[{"damage_healed":0.0,"max_hp_gain":5.0,"max_hp_loss":0.0,"gold_gain":0.0,"event_name":"Big Fish","player_choice":"Donut","floor":2.0,"gold_loss":0.0,"damage_taken":0.0},{"damage_healed":0.0,"max_hp_gain":0.0,"max_hp_loss":0.0,"gold_gain":0.0,"event_name":"Liars Game","player_choice":"Ignored","floor":4.0,"gold_loss":0.0,"damage_taken":0.0},{"damage_healed":0.0,"max_hp_gain":0.0,"max_hp_loss":0.0,"gold_gain":0.0,"event_name":"Accursed Blacksmith","player_choice":"Forge","floor":14.0,"gold_loss":0.0,"damage_taken":0.0,"cards_upgraded":["Whirlwind"]},{"damage_healed":0,"gold_gain":0,"player_choice":"Shed Blood","damage_taken":24,"max_hp_gain":5,"max_hp_loss":0,"event_name":"Forgotten Altar","floor":22,"gold_loss":0},{"damage_healed":0,"gold_gain":0,"player_choice":"Obtain J.A.X.","damage_taken":0,"max_hp_gain":0,"max_hp_loss":0,"event_name":"Drug Dealer","floor":28,"gold_loss":0,"cards_obtained":["J.A.X."]},{"damage_healed":0,"gold_gain":0,"player_choice":"Became a Ghost","damage_taken":0,"max_hp_gain":0,"max_hp_loss":50,"event_name":"Ghosts","floor":30,"gold_loss":0,"cards_obtained":["Ghostly","Ghostly","Ghostly","Ghostly","Ghostly"]}],"is_beta":false,"boss_relics":[{"not_picked":["Eternal Feather","Lizard Tail"],"picked":"White Beast Statue"}],"items_purged_floors":[20],"is_endless":false,"potions_floor_spawned":[6,8,11,16,18,21,27,31],"killed_by":"Automaton","ascension_level":8}