{"gold_per_floor":[109,109,29,29,41,41,41,72,72,107,107,107,107,122,122,220,220,237,237,237,337,347,347,382,396,446,131,159,159,189,203,203,203],"floor_reached":33,"playtime":1252,"items_purged":["Strike_R"],"score":498,"play_id":"4ef3859e-894a-4d52-82bd-bb9d332e2ebf","local_time":"20190618004019","is_ascension_mode":true,"campfire_choices":[{"data":"Anger","floor":6.0,"key":"SMITH"},{"data":"Bash","floor":11.0,"key":"SMITH"},{"floor":15.0,"key":"REST"},{"data":"Immolate","floor":23.0,"key":"SMITH"},{"floor":29.0,"key":"REST"},{"data":"Metamorphosis","floor":32,"key":"SMITH"}],"neow_cost":"NONE","seed_source_timestamp":1250053335497853,"circlet_count":0,"master_deck":["Strike_R","Strike_R","Strike_R","Defend_R","Defend_R","Defend_R","Defend_R","Bash+1","Shrug It Off","Evolve","Anger+1","Immolate+1","Shrug It Off","Feed","Shrug It Off+1","Pommel Strike+1","Corruption+1","Metamorphosis+1","Shrug It Off","Corruption+1","Shrug It Off"],"special_seed":0,"relics":["Burning Blood","Kunai","Mummified Hand","Frozen Egg 2","Velvet Choker","Enchiridion","Orichalcum","Bag of Preparation","Letter Opener","Gambling Chip"],"potions_floor_usage":[33],"damage_taken":[{"damage":10.0,"enemies":"Small Slimes","floor":1.0,"turns":6.0},{"damage":6.0,"enemies":"Cultist","floor":5.0,"turns":5.0},{"damage":42.0,"enemies":"3 Sentries","floor":8.0,"turns":7.0},{"damage":19.0,"enemies":"Lagavulin","floor":10.0,"turns":6.0},{"damage":7.0,"enemies":"Jaw Worm","floor":14.0,"turns":2.0},{"damage":46.0,"enemies":"The Guardian","floor":16.0,"turns":9.0},{"damage":19.0,"enemies":"2 Thieves","floor":18.0,"turns":3.0},{"damage":0.0,"enemies":"Shell Parasite","floor":22.0,"turns":4.0},{"damage":8.0,"enemies":"Gremlin Leader","floor":24.0,"turns":5.0},{"damage":0.0,"enemies":"Snecko","floor":25.0,"turns":5.0},{"damage":22.0,"enemies":"Slavers","floor":28.0,"turns":4.0},{"damage":5.0,"enemies":"Book of Stabbing","floor":30.0,"turns":4.0},{"damage":9,"enemies":"Snake Plant","floor":31,"turns":3},{"damage":79,"enemies":"Champ","floor":33,"turns":9}],"seed_played":"1748983554381687543","potions_obtained":[{"floor":1.0,"key":"LiquidBronze"},{"floor":4.0,"key":"SmokeBomb"},{"floor":4.0,"key":"Weak Potion"},{"floor":4.0,"key":"SteroidPotion"},{"floor":10.0,"key":"AttackPotion"},{"floor":16.0,"key":"FearPotion"},{"floor":22.0,"key":"Fire Potion"},{"floor":30.0,"key":"Fire Potion"}],"is_trial":false,"path_per_floor":["?","?","M","?","?","?","?","?","M","M"],"character_chosen":"IRONCLAD","items_purchased":["Evolve","Corruption+1","Metamorphosis"],"campfire_rested":2,"item_purchase_floors":[3,27,27],"current_hp_per_floor":[76,81,81,81,81,81,81,45,45,32,32,32,25,24,51,11,73,63,44,28,28,34,34,35,41,41,41,25,56,57,57,57,0],"gold":203,"neow_bonus":"TEN_PERCENT_HP_BONUS","is_prod":false,"is_daily":false,"chose_seed":false,"campfire_upgraded":4,"win_rate":0,"timestamp":1560811219,"path_taken":["M","?","$","?","?","R","$","E","T","E","R","?","?","M","R","BOSS","M","?","?","?","?","R","E","?","T","$","E","R","E","M","R","BOSS"],"build_version":"2019-01-23","purchased_purges":1,"victory":false,"max_hp_per_floor":[88,93,93,93,93,93,93,93,93,93,93,93,93,93,93,93,93,96,101,101,101,101,101,104,104,104,104,104,104,104,107,107,107],"card_choices":[{"not_picked":["Wild Strike","Intimidate"],"picked":"Shrug It Off","floor":1.0},{"not_picked":["True Grit","Perfected Strike"],"picked":"Anger","floor":5.0},{"not_picked":["Twin Strike","Rage"],"picked":"Immolate","floor":8.0},{"not_picked":["Clash","Heavy Blade","Dual Wield"],"picked":"SKIP","floor":10.0},{"not_picked":["Armaments","Dual Wield"],"picked":"Shrug It Off","floor":14.0},{"not_picked":["Exhume","Reaper"],"picked":"Feed","floor":16.0},{"not_picked":["Heavy Blade","Warcry"],"picked":"Shrug It Off+1","floor":18.0},{"not_picked":["Entrench","Wild Strike+1","Second Wind"],"picked":"SKIP","floor":22.0},{"not_picked":["Blood for Blood","Uppercut","Pummel+1"],"picked":"SKIP","floor":24.0},{"not_picked":["True Grit","Uppercut"],"picked":"Pommel Strike+1","floor":25.0},{"not_picked":["Infernal Blade","Intimidate"],"picked":"Shrug It Off","floor":28.0},{"not_picked":["Body Slam","Hemokinesis"],"picked":"Corruption+1","floor":30.0},{"not_picked":["Rage","Warcry+1"],"picked":"Shrug It Off","floor":31}],"player_experience":53431,"relics_obtained":[{"floor":8.0,"key":"Kunai"},{"floor":9.0,"key":"Mummified Hand"},{"floor":10.0,"key":"Frozen Egg 2"},{"floor":20.0,"key":"Enchiridion"},{"floor":24.0,"key":"Orichalcum"},{"floor":26.0,"key":"Bag of Preparation"},{"floor":28.0,"key":"Letter Opener"},{"floor":30.0,"key":"Gambling Chip"}],"event_choices":[{"damage_healed":0.0,"max_hp_gain":5.0,"max_hp_loss":0.0,"gold_gain":0.0,"event_name":"Big Fish","player_choice":"Donut","floor":2.0,"gold_loss":0.0,"damage_taken":0.0},{"damage_healed":0.0,"max_hp_gain":0.0,"max_hp_loss":0.0,"gold_gain":0.0,"event_name":"Lab","player_choice":"Got Potions","floor":4.0,"gold_loss":0.0,"damage_taken":0.0},{"damage_healed":0.0,"max_hp_gain":0.0,"max_hp_loss":0.0,"gold_gain":0.0,"event_name":"Liars Game","player_choice":"Ignored","floor":12.0,"gold_loss":0.0,"damage_taken":0.0},{"cards_removed":["Strike_R"],"damage_healed":0.0,"max_hp_gain":0.0,"max_hp_loss":0.0,"gold_gain":0.0,"event_name":"Golden Wing","player_choice":"Card Removal","floor":13.0,"gold_loss":0.0,"damage_taken":7.0},{"damage_healed":0.0,"max_hp_gain":5.0,"max_hp_loss":0.0,"gold_gain":0.0,"event_name":"Forgotten Altar","player_choice":"Shed Blood","floor":19.0,"gold_loss":0.0,"damage_taken":24.0},{"damage_healed":0.0,"max_hp_gain":0.0,"max_hp_loss":0.0,"gold_gain":0.0,"event_name":"Cursed Tome","player_choice":"Obtained Book","floor":20.0,"gold_loss":0.0,"damage_taken":16.0},{"damage_healed":0.0,"max_hp_gain":0.0,"max_hp_loss":0.0,"gold_gain":100.0,"event_name":"Golden Shrine","player_choice":"Pray","floor":21.0,"gold_loss":0.0,"damage_taken":0.0}],"is_beta":false,"boss_relics":[{"not_picked":["Runic Cube","Runic Dome"],"picked":"Velvet Choker"}],"items_purged_floors":[27],"is_endless":false,"potions_floor_spawned":[1,8,10,16,22,30],"killed_by":"Champ","ascension_level":9}