{"gold_per_floor":[118,129,229,248,248,248,275,275,356,373,5,0,20,31,31,136,136,149,149,149,61,61,124,135,135,135,135,135,135,155,168,168,270,270,287,148,165,214,214,20,20,35,35,35,35,54,54,89,89,89,89,89,8,42,42],"floor_reached":55,"playtime":2822,"items_purged":["Regret"],"score":738,"play_id":"741aa8e9-29fa-4cbb-b37b-29ddaa0811dc","local_time":"20190522010735","is_ascension_mode":false,"campfire_choices":[{"data":"Combust","floor":6.0,"key":"SMITH"},{"data":"Double Tap","floor":8.0,"key":"SMITH"},{"data":"Heavy Blade","floor":15.0,"key":"SMITH"},{"floor":25.0,"key":"REST"},{"floor":27.0,"key":"RECALL"},{"data":"Demon Form","floor":29.0,"key":"SMITH"},{"floor":32.0,"key":"REST"},{"data":"Shockwave","floor":41.0,"key":"SMITH"},{"data":"Corruption","floor":45.0,"key":"SMITH"},{"floor":49.0,"key":"REST"},{"data":"Power Through","floor":52.0,"key":"SMITH"}],"neow_cost":"NONE","seed_source_timestamp":342231981997644,"circlet_count":0,"master_deck":["Strike_R","Strike_R","Strike_R","Defend_R","Defend_R","Defend_R","Bash","Iron Wave","Heavy Blade+1","Combust+1","Double Tap+1","Inflame","Heavy Blade","Twin Strike","Demon Form+1","Entrench","RitualDagger","Shockwave+1","Dropkick","Power Through+1","Necronomicurse","Flex","Sword Boomerang","Immolate","Exhume+1","Body Slam+1","Fire Breathing+1","Flex+1","Heavy Blade+1","Bludgeon","PanicButton","Transmutation+1","Corruption+1","Shrug It Off","Iron Wave+1","Barricade","Rupture","Mind Blast","Anger"],"special_seed":0,"relics":["Black Blood","NeowsBlessing","Oddly Smooth Stone","Lantern","Mummified Hand","Bag of Preparation","Red Skull","Tiny Chest","Bottled Tornado","Necronomicon","Astrolabe","Strawberry","Calipers","Pen Nib","Dream Catcher","Thread and Needle"],"potions_floor_usage":[],"damage_taken":[{"damage":0.0,"enemies":"2 Louse","floor":1.0,"turns":1.0},{"damage":0.0,"enemies":"Cultist","floor":2.0,"turns":1.0},{"damage":0.0,"enemies":"Small Slimes","floor":4.0,"turns":1.0},{"damage":21.0,"enemies":"Gremlin Nob","floor":7.0,"turns":3.0},{"damage":10.0,"enemies":"Looter","floor":10.0,"turns":2.0},{"damage":1.0,"enemies":"3 Louse","floor":13.0,"turns":2.0},{"damage":0.0,"enemies":"2 Fungi Beasts","floor":14.0,"turns":2.0},{"damage":66.0,"enemies":"The Guardian","floor":16.0,"turns":7.0},{"damage":16.0,"enemies":"Shell Parasite","floor":18.0,"turns":4.0},{"damage":57.0,"enemies":"Gremlin Leader","floor":23.0,"turns":5.0},{"damage":4.0,"enemies":"2 Thieves","floor":24.0,"turns":3.0},{"damage":15.0,"enemies":"Snake Plant","floor":30.0,"turns":2.0},{"damage":9.0,"enemies":"Snecko","floor":31.0,"turns":3.0},{"damage":19.0,"enemies":"Champ","floor":33.0,"turns":5.0},{"damage":11.0,"enemies":"Orb Walker","floor":35.0,"turns":2.0},{"damage":12.0,"enemies":"3 Darklings","floor":37.0,"turns":3.0},{"damage":10.0,"enemies":"2 Orb Walkers","floor":38.0,"turns":3.0},{"damage":10.0,"enemies":"Sphere and 2 Shapes","floor":42.0,"turns":4.0},{"damage":11.0,"enemies":"4 Shapes","floor":46.0,"turns":3.0},{"damage":47.0,"enemies":"Nemesis","floor":48.0,"turns":5.0},{"damage":58.0,"enemies":"Donu and Deca","floor":50.0,"turns":5.0},{"damage":38.0,"enemies":"Shield and Spear","floor":54.0,"turns":5.0},{"damage":64,"enemies":"The Heart","floor":55,"turns":5}],"seed_played":"-8990865176514786383","potions_obtained":[{"floor":2.0,"key":"EssenceOfSteel"},{"floor":4.0,"key":"SteroidPotion"},{"floor":14.0,"key":"Dexterity Potion"},{"floor":16.0,"key":"Fire Potion"},{"floor":23.0,"key":"BloodPotion"},{"floor":30.0,"key":"Explosive Potion"},{"floor":31.0,"key":"Block Potion"},{"floor":46.0,"key":"LiquidBronze"},{"floor":48.0,"key":"SteroidPotion"}],"is_trial":false,"path_per_floor":["M","M","?","M","?","R","E","R","T","M","$","?","M","M","R","B",null,"M","?","?","$","?","E","M","R","T","R","?","R","M","M","R","B",null,"M","?","M","?","?","$","R","M","T","?","R","M","?","E","R","B",null,"R","$","E","B"],"character_chosen":"IRONCLAD","items_purchased":["Bag of Preparation","Red Skull","Dropkick","SteroidPotion","Pen Nib","Corruption","Mind Blast"],"campfire_rested":3,"item_purchase_floors":[11,11,21,21,40,40,53],"current_hp_per_floor":[80,80,80,80,80,80,65,65,65,61,61,61,66,72,72,12,80,74,68,68,68,68,21,38,62,62,62,46,46,41,42,66,57,83,82,89,87,87,82,82,82,82,82,82,82,81,81,44,71,23,90,90,90,62,0],"gold":42,"neow_bonus":"THREE_ENEMY_KILL","is_prod":false,"is_daily":false,"chose_seed":false,"campfire_upgraded":7,"win_rate":0,"timestamp":1558451255,"path_taken":["M","M","?","?","?","R","E","R","T","M","$","?","M","M","R","BOSS","M","?","?","$","?","E","?","R","T","R","?","R","M","M","R","BOSS","M","?","?","?","?","?","R","?","T","?","R","M","?","E","R","BOSS","R","$","E","BOSS"],"build_version":"2019-01-23","purchased_purges":1,"victory":false,"max_hp_per_floor":[80,80,80,80,80,80,80,80,80,80,80,80,80,80,80,80,80,80,80,80,80,80,80,83,83,83,83,83,83,83,83,83,83,83,83,90,90,90,90,90,90,90,90,90,90,90,90,90,90,90,90,90,90,90,90],"card_choices":[{"not_picked":["Havoc","Warcry"],"picked":"Iron Wave","floor":1.0},{"not_picked":["Rampage","Shrug It Off"],"picked":"Heavy Blade","floor":2.0},{"not_picked":["Headbutt","Hemokinesis"],"picked":"Combust","floor":4.0},{"not_picked":["Armaments","Fire Breathing"],"picked":"Double Tap","floor":7.0},{"not_picked":["Pummel","Evolve"],"picked":"Inflame","floor":10.0},{"not_picked":["Searing Blow","Pommel Strike"],"picked":"Heavy Blade","floor":13.0},{"not_picked":["Heavy Blade","Clothesline"],"picked":"Twin Strike","floor":14.0},{"not_picked":["Limit Break","Reaper"],"picked":"Demon Form","floor":16.0},{"not_picked":["Perfected Strike","Havoc"],"picked":"Entrench","floor":18.0},{"not_picked":["Body Slam+1","Clothesline"],"picked":"Feed","floor":23.0},{"not_picked":["Cleave+1","Searing Blow"],"picked":"Power Through","floor":24.0},{"not_picked":["Thunderclap","Iron Wave"],"picked":"Flex","floor":30.0},{"not_picked":["Shrug It Off","Heavy Blade"],"picked":"Sword Boomerang","floor":31.0},{"not_picked":["Double Tap","Brutality"],"picked":"Immolate","floor":33.0},{"not_picked":["Rampage","Pommel Strike"],"picked":"Flex+1","floor":35.0},{"not_picked":["Clash","Whirlwind"],"picked":"Heavy Blade+1","floor":37.0},{"not_picked":["Combust+1","Iron Wave"],"picked":"Bludgeon","floor":38.0},{"not_picked":["Forethought","Purity"],"picked":"PanicButton","floor":39.0},{"not_picked":["Panacea","Purity"],"picked":"Transmutation","floor":39.0},{"not_picked":["Sword Boomerang","Thunderclap+1"],"picked":"Shrug It Off","floor":42.0},{"not_picked":["Cleave+1","Anger+1"],"picked":"Iron Wave+1","floor":46.0},{"not_picked":["Fire Breathing+1","Perfected Strike"],"picked":"Barricade","floor":48.0},{"not_picked":["Flex+1","Warcry"],"picked":"Rupture","floor":49.0},{"not_picked":["Perfected Strike+1","Reaper"],"picked":"Anger","floor":54.0}],"player_experience":1961954,"relics_obtained":[{"floor":7.0,"key":"Lantern"},{"floor":9.0,"key":"Mummified Hand"},{"floor":23.0,"key":"Tiny Chest"},{"floor":26.0,"key":"Bottled Tornado"},{"floor":28.0,"key":"Necronomicon"},{"floor":38.0,"key":"Calipers"},{"floor":48.0,"key":"Dream Catcher"},{"floor":54.0,"key":"Thread and Needle"}],"event_choices":[{"damage_healed":0.0,"max_hp_gain":0.0,"max_hp_loss":0.0,"gold_gain":100.0,"event_name":"Wheel of Change","player_choice":"Gold","floor":3.0,"gold_loss":0.0,"damage_taken":0.0},{"damage_healed":0.0,"max_hp_gain":0.0,"max_hp_loss":0.0,"gold_gain":0.0,"event_name":"Big Fish","player_choice":"Box","floor":5.0,"gold_loss":0.0,"damage_taken":0.0,"relics_obtained":["Oddly Smooth Stone"],"cards_obtained":["Regret"]},{"damage_healed":0.0,"max_hp_gain":0.0,"max_hp_loss":0.0,"gold_gain":0.0,"event_name":"World of Goop","player_choice":"Left Gold","floor":12.0,"gold_loss":5.0,"damage_taken":0.0},{"damage_healed":0.0,"max_hp_gain":0.0,"max_hp_loss":0.0,"gold_gain":0.0,"event_name":"Nest","player_choice":"Joined the Cult","floor":19.0,"gold_loss":0.0,"damage_taken":6.0,"cards_obtained":["RitualDagger"]},{"damage_healed":0.0,"max_hp_gain":0.0,"max_hp_loss":0.0,"gold_gain":0.0,"event_name":"The Library","player_choice":"Read","floor":20.0,"gold_loss":0.0,"damage_taken":0.0,"cards_obtained":["Shockwave"]},{"damage_healed":0.0,"max_hp_gain":0.0,"max_hp_loss":0.0,"gold_gain":0.0,"event_name":"Vampires","player_choice":"Ignored","floor":22.0,"gold_loss":0.0,"damage_taken":0.0},{"damage_healed":0.0,"max_hp_gain":0.0,"max_hp_loss":0.0,"gold_gain":0.0,"event_name":"Cursed Tome","player_choice":"Obtained Book","floor":28.0,"gold_loss":0.0,"damage_taken":16.0},{"damage_healed":0.0,"max_hp_gain":0.0,"max_hp_loss":0.0,"gold_gain":0.0,"event_name":"WeMeetAgain","player_choice":"Paid Gold","floor":36.0,"gold_loss":139.0,"damage_taken":0.0,"relics_obtained":["Strawberry"]},{"damage_healed":0.0,"max_hp_gain":0.0,"max_hp_loss":0.0,"gold_gain":0.0,"event_name":"Mysterious Sphere","player_choice":"Fight","floor":38.0,"gold_loss":0.0,"damage_taken":0.0},{"damage_healed":0.0,"max_hp_gain":0.0,"max_hp_loss":0.0,"gold_gain":0.0,"event_name":"SensoryStone","player_choice":"Memory 2","floor":39.0,"gold_loss":0.0,"damage_taken":5.0},{"cards_removed":["Feed"],"damage_healed":0.0,"max_hp_gain":0.0,"max_hp_loss":0.0,"gold_gain":0.0,"event_name":"Falling","player_choice":"Removed Attack","floor":44.0,"gold_loss":0.0,"damage_taken":0.0},{"damage_healed":0.0,"max_hp_gain":0.0,"max_hp_loss":0.0,"gold_gain":0.0,"event_name":"Upgrade Shrine","player_choice":"Upgraded","floor":47.0,"gold_loss":0.0,"damage_taken":0.0,"cards_upgraded":["Transmutation"]}],"is_beta":false,"boss_relics":[{"not_picked":["Empty Cage","Orrery"],"picked":"Black Blood"},{"not_picked":["Velvet Choker","Fusion Hammer"],"picked":"Astrolabe"}],"items_purged_floors":[11],"is_endless":false,"potions_floor_spawned":[2,4,14,16,23,30,31,46,48],"killed_by":"The Heart","ascension_level":0}