{"gold_per_floor":[111,68,23,23,33,33,65,65,134,134,145,145,64,80,80,176,176,196,196,127,142,153,153,180,180,207,220,240,264,282,300,300,397,397,415,19,19,119,131,131,149,149,149,149,17,17,17,17,17,17],"floor_reached":50,"playtime":6020,"items_purged":["Strike_B"],"score":526,"play_id":"c9b6cbeb-4e83-4764-9a6e-84e47d7bea93","local_time":"20190411190918","is_ascension_mode":true,"campfire_choices":[{"data":"Zap","floor":6,"key":"SMITH"},{"floor":8,"key":"REST"},{"floor":10,"key":"REST"},{"floor":12,"key":"RECALL"},{"floor":15,"key":"REST"},{"floor":23,"key":"REST"},{"floor":25,"key":"REST"},{"floor":32,"key":"REST"},{"floor":40,"key":"REST"},{"floor":44,"key":"REST"},{"data":"Panacea","floor":49,"key":"SMITH"}],"neow_cost":"TEN_PERCENT_HP_LOSS","seed_source_timestamp":85106825644100,"circlet_count":0,"master_deck":["Strike_B","Strike_B","Defend_B","Defend_B","Defend_B","Defend_B","Zap+1","Dualcast","Skim","Leap","Redo","Hologram","Streamline+1","Jack Of All Trades","Gash+1","Rainbow","Self Repair","Sunder+1","Capacitor","Gash+1","Gash+1","Leap","Go for the Eyes+1","Core Surge+1","Auto Shields+1","Defragment","Jack Of All Trades","Panacea+1","Discovery","Hello World","Chaos"],"relics":["Cracked Core","Dead Branch","WarpedTongs","Letter Opener","Molten Egg 2","Nuclear Battery","Spirit Poop","Darkstone Periapt","Omamori","Juzu Bracelet","Inserter","Bag of Preparation","Gremlin Horn"],"potions_floor_usage":[16,33,35,35,50],"damage_taken":[{"damage":0,"enemies":"Small Slimes","floor":1,"turns":3},{"damage":1,"enemies":"2 Louse","floor":5,"turns":2},{"damage":42,"enemies":"3 Sentries","floor":7,"turns":8},{"damage":1,"enemies":"Cultist","floor":11,"turns":3},{"damage":12,"enemies":"Lots of Slimes","floor":14,"turns":2},{"damage":47,"enemies":"Slime Boss","floor":16,"turns":9},{"damage":12,"enemies":"Spheric Guardian","floor":18,"turns":4},{"damage":12,"enemies":"Shell Parasite","floor":21,"turns":5},{"damage":28,"enemies":"Chosen and Byrds","floor":22,"turns":5},{"damage":15,"enemies":"Slavers","floor":24,"turns":3},{"damage":21,"enemies":"Snecko","floor":27,"turns":7},{"damage":1,"enemies":"3 Cultists","floor":28,"turns":4},{"damage":21,"enemies":"Snake Plant","floor":30,"turns":3},{"damage":7,"enemies":"Centurion and Healer","floor":31,"turns":6},{"damage":10,"enemies":"Champ","floor":33,"turns":9},{"damage":26,"enemies":"3 Darklings","floor":35,"turns":6},{"damage":29,"enemies":"3 Shapes","floor":39,"turns":3},{"damage":29,"enemies":"Jaw Worm Horde","floor":41,"turns":5},{"damage":75,"enemies":"Time Eater","floor":50,"turns":4}],"seed_played":"-2531935621537924664","potions_obtained":[{"floor":7,"key":"SkillPotion"},{"floor":16,"key":"Ancient Potion"},{"floor":24,"key":"Energy Potion"},{"floor":28,"key":"SpeedPotion"},{"floor":30,"key":"Explosive Potion"},{"floor":31,"key":"Strength Potion"},{"floor":41,"key":"AttackPotion"}],"is_trial":false,"path_per_floor":["M","?","$","?","M","R","E","R","T","R","M","R","$","M","R","B",null,"M","?","$","M","M","R","E","R","T","M","M","T","M","M","R","B",null,"M","$","?","?","M","R","M","?","T","R","$","?","?","$","R","B"],"character_chosen":"DEFECT","items_purchased":["Leap","Jack Of All Trades","Sunder+1","Defragment","Jack Of All Trades","Bag of Preparation","Discovery","Hello World"],"campfire_rested":8,"item_purchase_floors":[3,13,20,36,36,36,45,45],"current_hp_per_floor":[68,68,68,68,67,67,25,45,45,65,64,64,64,52,68,21,68,56,56,56,51,33,53,45,65,65,54,60,60,46,49,68,65,68,52,52,52,52,30,50,31,48,48,68,68,68,68,68,68,0],"gold":17,"neow_bonus":"ONE_RARE_RELIC","is_prod":false,"is_daily":false,"chose_seed":false,"campfire_upgraded":2,"win_rate":0,"timestamp":1555024158,"path_taken":["M","?","$","?","M","R","E","R","T","R","?","R","$","?","R","BOSS","M","?","$","M","M","R","E","R","T","?","?","?","M","M","R","BOSS","M","$","?","?","M","R","M","?","T","R","$","?","?","?","R","BOSS"],"build_version":"2019-01-23","purchased_purges":1,"victory":false,"max_hp_per_floor":[68,68,68,68,68,68,68,68,68,68,68,68,68,68,68,68,68,68,68,68,68,68,68,68,68,68,68,68,68,68,68,68,68,68,68,68,68,68,68,68,68,68,68,68,68,68,68,68,68,68],"card_choices":[{"not_picked":["Turbo","Lockon"],"picked":"Skim","floor":1},{"not_picked":["Streamline","Coolheaded"],"picked":"Redo","floor":5},{"not_picked":["Stack","Fusion"],"picked":"Hologram","floor":7},{"not_picked":["Force Field","Barrage+1"],"picked":"Streamline+1","floor":11},{"not_picked":["Ball Lightning+1","Steam"],"picked":"Gash+1","floor":14},{"not_picked":["Amplify","Hyperbeam+1"],"picked":"Rainbow","floor":16},{"not_picked":["Consume+1","Coolheaded"],"picked":"Self Repair","floor":18},{"not_picked":["Steam Power","Barrage+1"],"picked":"Capacitor","floor":21},{"not_picked":["Streamline+1","Go for the Eyes+1"],"picked":"Gash+1","floor":22},{"not_picked":["Biased Cognition","Streamline+1","Barrage+1"],"picked":"SKIP","floor":24},{"not_picked":["Loop","Ball Lightning+1"],"picked":"Gash+1","floor":27},{"not_picked":["Darkness","Static Discharge"],"picked":"Leap","floor":28},{"not_picked":["FTL+1","Streamline+1"],"picked":"Go for the Eyes+1","floor":30},{"not_picked":["Rip and Tear+1","Ball Lightning+1","Force Field"],"picked":"SKIP","floor":31},{"not_picked":["Seek","Hyperbeam+1"],"picked":"Core Surge+1","floor":33},{"not_picked":["Reinforced Body","Beam Cell+1"],"picked":"Auto Shields+1","floor":35},{"not_picked":["Good Instincts","Purity"],"picked":"Panacea","floor":37},{"not_picked":["Lockon+1","Force Field+1","Double Energy"],"picked":"SKIP","floor":39},{"not_picked":["Barrage+1","Streamline+1","Redo"],"picked":"SKIP","floor":41}],"player_experience":233346,"relics_obtained":[{"floor":7,"key":"Letter Opener"},{"floor":9,"key":"Molten Egg 2"},{"floor":24,"key":"Darkstone Periapt"},{"floor":26,"key":"Omamori"},{"floor":29,"key":"Juzu Bracelet"},{"floor":43,"key":"Gremlin Horn"}],"event_choices":[{"damage_healed":0,"gold_gain":0,"player_choice":"Left Gold","damage_taken":0,"max_hp_gain":0,"max_hp_loss":0,"event_name":"World of Goop","floor":2,"gold_loss":43},{"damage_healed":0,"gold_gain":0,"player_choice":"Rummage","damage_taken":0,"relics_obtained":["WarpedTongs"],"max_hp_gain":0,"max_hp_loss":0,"event_name":"Accursed Blacksmith","floor":4,"gold_loss":0,"cards_obtained":["Pain"]},{"cards_removed":["Pain"],"damage_healed":0,"gold_gain":0,"player_choice":"Offered Curse","damage_taken":0,"relics_obtained":["Spirit Poop"],"max_hp_gain":0,"max_hp_loss":0,"event_name":"Bonfire Elementals","floor":19,"gold_loss":0},{"damage_healed":0,"gold_gain":0,"player_choice":"Memory 1","damage_taken":0,"max_hp_gain":0,"max_hp_loss":0,"event_name":"SensoryStone","floor":37,"gold_loss":0},{"damage_healed":0,"gold_gain":100,"player_choice":"Pray","damage_taken":0,"max_hp_gain":0,"max_hp_loss":0,"event_name":"Golden Shrine","floor":38,"gold_loss":0},{"damage_healed":17,"gold_gain":0,"player_choice":"Writhe","damage_taken":0,"max_hp_gain":0,"max_hp_loss":0,"event_name":"Winding Halls","floor":42,"gold_loss":0,"cards_obtained":["Writhe"]},{"damage_healed":0,"gold_gain":0,"cards_transformed":["Strike_B"],"player_choice":"Transformed","damage_taken":0,"max_hp_gain":0,"max_hp_loss":0,"event_name":"Transmorgrifier","floor":46,"gold_loss":0,"cards_obtained":["Chaos"]},{"damage_healed":0,"gold_gain":0,"player_choice":"Leave","damage_taken":0,"max_hp_gain":0,"max_hp_loss":0,"event_name":"FaceTrader","floor":47,"gold_loss":0}],"is_beta":false,"boss_relics":[{"not_picked":["Empty Cage","Philosopher\u0027s Stone"],"picked":"Nuclear Battery"},{"not_picked":["Runic Dome","Orrery"],"picked":"Inserter"}],"items_purged_floors":[36],"is_endless":false,"potions_floor_spawned":[7,16,24,28,30,31,41],"killed_by":"Time Eater","ascension_level":3}