{"gold_per_floor":[115,128,128,141,141,167,66,66,90,104,138,138,138,157,157,253,253,265,39,57,157,32,32,44,44,89,89,99,99],"floor_reached":29,"playtime":1135,"items_purged":["Strike_B","Strike_B","Defend_B"],"score":258,"play_id":"1958c661-490c-40ee-b9d2-1085a61207d0","local_time":"20190212002047","is_ascension_mode":false,"campfire_choices":[{"floor":8,"key":"REST"},{"floor":13,"key":"REST"},{"data":"Streamline","floor":15,"key":"SMITH"},{"floor":23,"key":"REST"},{"floor":25,"key":"REST"},{"data":"All For One","floor":27,"key":"SMITH"}],"neow_cost":"NONE","seed_source_timestamp":142839398652366,"circlet_count":0,"master_deck":["Strike_B","Strike_B","Defend_B","Defend_B","Defend_B","Zap+1","Dualcast","Streamline+1","Gash","Leap","Machine Learning","Ball Lightning","Gash","Auto Shields","Gash","All For One+1","Shame","Rebound","Skim","Ball Lightning","Gash+1","Conserve Battery"],"relics":["Lizard Tail","Regal Pillow","Vajra","Omamori","Thread and Needle","Calling Bell","Strawberry","Kunai","Prayer Wheel","FossilizedHelix","Sundial","Lantern"],"potions_floor_usage":[11,11,21,21,21],"damage_taken":[{"damage":6,"enemies":"Jaw Worm","floor":1,"turns":6},{"damage":0,"enemies":"Small Slimes","floor":2,"turns":4},{"damage":7,"enemies":"2 Louse","floor":4,"turns":2},{"damage":33,"enemies":"Lagavulin","floor":6,"turns":7},{"damage":9,"enemies":"Exordium Thugs","floor":10,"turns":4},{"damage":26,"enemies":"3 Sentries","floor":11,"turns":6},{"damage":0,"enemies":"Looter","floor":14,"turns":3},{"damage":27,"enemies":"Slime Boss","floor":16,"turns":9},{"damage":7,"enemies":"Spheric Guardian","floor":18,"turns":4},{"damage":42,"enemies":"3 Byrds","floor":20,"turns":6},{"damage":18,"enemies":"Colosseum Slavers","floor":21,"turns":5},{"damage":39,"enemies":"Colosseum Nobs","floor":21,"turns":5},{"damage":24,"enemies":"3 Cultists","floor":24,"turns":5},{"damage":8,"enemies":"Centurion and Healer","floor":28,"turns":4},{"damage":84,"enemies":"Gremlin Leader","floor":29,"turns":4}],"seed_played":"-1214635118906674680","potions_obtained":[{"floor":2,"key":"Dexterity Potion"},{"floor":6,"key":"PowerPotion"},{"floor":11,"key":"AttackPotion"},{"floor":18,"key":"Dexterity Potion"},{"floor":20,"key":"Block Potion"}],"is_trial":false,"path_per_floor":["M","M","?","M","?","E","$","R","T","M","E","T","R","M","R","B",null,"M","$","M","?","$","R","M","R","T","R","M","E"],"character_chosen":"DEFECT","items_purchased":["Ball Lightning","Rebound","Skim"],"campfire_rested":4,"item_purchase_floors":[7,19,19],"current_hp_per_floor":[69,69,69,62,67,34,34,73,73,64,38,38,77,77,77,50,87,80,80,38,27,27,68,44,85,85,85,77,0],"gold":99,"neow_bonus":"BOSS_RELIC","is_prod":false,"is_daily":false,"chose_seed":false,"campfire_upgraded":2,"win_rate":0,"timestamp":1549948847,"path_taken":["M","M","?","M","?","E","$","R","T","M","E","?","R","M","R","BOSS","M","$","M","?","?","R","?","R","T","R","M","E"],"build_version":"2019-01-23","purchased_purges":3,"victory":false,"max_hp_per_floor":[75,75,75,75,80,80,80,80,80,80,80,80,80,80,80,80,87,87,87,87,87,87,87,87,87,87,87,87,87],"card_choices":[{"not_picked":["Go for the Eyes","Storm"],"picked":"Streamline","floor":1},{"not_picked":["Compile Driver","Blizzard"],"picked":"Gash","floor":2},{"not_picked":["Compile Driver","Force Field"],"picked":"Leap","floor":4},{"not_picked":["Leap","Rip and Tear"],"picked":"Machine Learning","floor":6},{"not_picked":["Sweeping Beam","Stack"],"picked":"Gash","floor":10},{"not_picked":["Loop","Steam Power"],"picked":"Auto Shields","floor":11},{"not_picked":["Coolheaded","Compile Driver"],"picked":"Gash","floor":14},{"not_picked":["Fission","Core Surge"],"picked":"All For One","floor":16},{"not_picked":["Compile Driver+1","Sweeping Beam","Melter"],"picked":"SKIP","floor":18},{"not_picked":["Turbo","Coolheaded","Redo"],"picked":"SKIP","floor":18},{"not_picked":["Tempest","Skim+1","Sweeping Beam"],"picked":"SKIP","floor":20},{"not_picked":["Core Surge","Consume","Barrage+1"],"picked":"SKIP","floor":20},{"not_picked":["Skim","Redo"],"picked":"Ball Lightning","floor":21},{"not_picked":["Recycle","Doom and Gloom"],"picked":"Gash+1","floor":24},{"not_picked":["Skim","Sweeping Beam","Rebound"],"picked":"SKIP","floor":24},{"not_picked":["Heatsinks","Coolheaded"],"picked":"Conserve Battery","floor":28},{"not_picked":["Rebound","Hyperbeam","Chaos"],"picked":"SKIP","floor":28}],"player_experience":390636,"relics_obtained":[{"floor":6,"key":"Regal Pillow"},{"floor":9,"key":"Vajra"},{"floor":11,"key":"Omamori"},{"floor":12,"key":"Thread and Needle"},{"floor":17,"key":"Strawberry"},{"floor":17,"key":"Kunai"},{"floor":17,"key":"Prayer Wheel"},{"floor":21,"key":"FossilizedHelix"},{"floor":21,"key":"Sundial"},{"floor":26,"key":"Lantern"}],"event_choices":[{"damage_healed":0,"gold_gain":0,"player_choice":"Grow","damage_taken":0,"max_hp_gain":0,"max_hp_loss":0,"event_name":"Living Wall","floor":3,"gold_loss":0,"cards_upgraded":["Zap"]},{"damage_healed":0,"gold_gain":0,"player_choice":"Donut","damage_taken":0,"max_hp_gain":5,"max_hp_loss":0,"event_name":"Big Fish","floor":5,"gold_loss":0},{"damage_healed":0,"gold_gain":0,"player_choice":"Fight","damage_taken":0,"max_hp_gain":0,"max_hp_loss":0,"event_name":"Colosseum","floor":21,"gold_loss":0},{"damage_healed":0,"gold_gain":0,"player_choice":"Fought Nobs","damage_taken":0,"max_hp_gain":0,"max_hp_loss":0,"event_name":"Colosseum","floor":21,"gold_loss":0}],"is_beta":false,"boss_relics":[{"not_picked":["Fusion Hammer","Snecko Eye"],"picked":"Calling Bell"}],"items_purged_floors":[7,19,22],"is_endless":false,"potions_floor_spawned":[2,6,11,18,20],"killed_by":"Gremlin Leader","ascension_level":0}