{"gold_per_floor":[115,125,55,67,80,80,80,80,80,96,73,92,127,141,141,243,243,263,274,274,286,2,2,27,44,44,44,61,61],"floor_reached":29,"playtime":1380,"items_purged":[],"score":286,"play_id":"462c358c-b581-4228-babc-0c875b7add50","local_time":"20190416000049","is_ascension_mode":true,"campfire_choices":[{"data":"Zap","floor":6,"key":"SMITH"},{"data":"Capacitor","floor":8,"key":"SMITH"},{"floor":15,"key":"REST"},{"data":"Machine Learning","floor":23,"key":"SMITH"},{"floor":27,"key":"REST"}],"neow_cost":"NONE","seed_source_timestamp":347811719975386,"circlet_count":0,"master_deck":["Strike_B","Strike_B","Defend_B","Defend_B","Defend_B","Zap+1","Dualcast","Consume","Go for the Eyes","Capacitor+1","Scrape","FTL","Hologram","Ball Lightning","Beam Cell","Capacitor","Machine Learning+1","Coolheaded","Conserve Battery","Defragment","Self Repair","Fusion","Glacier+1"],"relics":["Cracked Core","NeowsBlessing","Mummified Hand","Sundial","Empty Cage","Matryoshka","Lee\u0027s Waffle","Art of War","Blood Vial"],"potions_floor_usage":[13,16,16,16,24,29],"damage_taken":[{"damage":0,"enemies":"Jaw Worm","floor":1,"turns":1},{"damage":0,"enemies":"Cultist","floor":2,"turns":1},{"damage":0,"enemies":"2 Louse","floor":4,"turns":1},{"damage":14,"enemies":"Looter","floor":5,"turns":3},{"damage":0,"enemies":"Large Slime","floor":10,"turns":3},{"damage":17,"enemies":"Lots of Slimes","floor":12,"turns":3},{"damage":12,"enemies":"3 Sentries","floor":13,"turns":5},{"damage":0,"enemies":"Exordium Wildlife","floor":14,"turns":2},{"damage":30,"enemies":"Hexaghost","floor":16,"turns":7},{"damage":8,"enemies":"Chosen","floor":18,"turns":4},{"damage":36,"enemies":"2 Thieves","floor":19,"turns":4},{"damage":7,"enemies":"Centurion and Healer","floor":21,"turns":7},{"damage":41,"enemies":"Slavers","floor":24,"turns":6},{"damage":7,"enemies":"Snake Plant","floor":25,"turns":4},{"damage":62,"enemies":"3 Cultists","floor":28,"turns":6},{"damage":24,"enemies":"Shelled Parasite and Fungi","floor":29,"turns":2}],"seed_played":"380596391166877848","potions_obtained":[{"floor":4,"key":"Poison Potion"},{"floor":5,"key":"Fire Potion"},{"floor":10,"key":"Ancient Potion"},{"floor":13,"key":"Weak Potion"},{"floor":16,"key":"GamblersBrew"},{"floor":21,"key":"EssenceOfSteel"},{"floor":24,"key":"SpeedPotion"},{"floor":28,"key":"SkillPotion"}],"is_trial":false,"path_per_floor":["M","M","$","M","M","R","?","R","T","M","$","M","E","M","R","B",null,"M","M","?","M","$","R","E","M","T","R","M","M"],"character_chosen":"DEFECT","items_purchased":["Capacitor","Ball Lightning","Lee\u0027s Waffle","Self Repair"],"campfire_rested":2,"item_purchase_floors":[3,11,22,22],"current_hp_per_floor":[75,75,75,75,61,61,61,61,61,61,61,44,32,32,54,24,75,67,31,31,24,82,82,48,48,48,72,19,0],"gold":61,"neow_bonus":"THREE_ENEMY_KILL","is_prod":false,"is_daily":false,"chose_seed":false,"campfire_upgraded":3,"win_rate":0,"timestamp":1555387249,"path_taken":["M","M","$","M","M","R","?","R","T","?","$","M","E","M","R","BOSS","M","M","?","M","$","R","E","M","T","R","M","?"],"build_version":"2019-01-23","purchased_purges":0,"victory":false,"max_hp_per_floor":[75,75,75,75,75,75,75,75,75,75,75,75,75,75,75,75,75,75,75,75,75,82,82,82,82,82,82,82,82],"card_choices":[{"not_picked":["Redo","Cold Snap"],"picked":"Consume","floor":1},{"not_picked":["Streamline","Blizzard"],"picked":"Go for the Eyes","floor":2},{"not_picked":["Undo","Genetic Algorithm"],"picked":"Scrape","floor":4},{"not_picked":["Turbo","Go for the Eyes"],"picked":"FTL","floor":5},{"not_picked":["Coolheaded","Recycle"],"picked":"Hologram","floor":10},{"not_picked":["Streamline","Reinforced Body"],"picked":"Beam Cell","floor":12},{"not_picked":["Steam","Reinforced Body"],"picked":"Capacitor","floor":13},{"not_picked":["Coolheaded","Sunder","Rip and Tear"],"picked":"SKIP","floor":14},{"not_picked":["Core Surge","Biased Cognition"],"picked":"Machine Learning","floor":16},{"not_picked":["Streamline","Double Energy"],"picked":"Coolheaded","floor":18},{"not_picked":["Redo","Streamline+1"],"picked":"Conserve Battery","floor":19},{"not_picked":["Recycle+1","Cold Snap"],"picked":"Defragment","floor":21},{"not_picked":["Steam","Multi-Cast","Scrape"],"picked":"SKIP","floor":24},{"not_picked":["FTL","Lockon"],"picked":"Fusion","floor":25},{"not_picked":["Steam","Go for the Eyes"],"picked":"Glacier+1","floor":28}],"player_experience":267224,"relics_obtained":[{"floor":9,"key":"Mummified Hand"},{"floor":13,"key":"Sundial"},{"floor":24,"key":"Art of War"},{"floor":26,"key":"Blood Vial"}],"event_choices":[{"cards_removed":["Strike_B"],"damage_healed":0,"gold_gain":0,"player_choice":"Purged","damage_taken":0,"max_hp_gain":0,"max_hp_loss":0,"event_name":"Purifier","floor":7,"gold_loss":0},{"damage_healed":0,"gold_gain":0,"player_choice":"Gave Potion","damage_taken":0,"relics_obtained":["Matryoshka"],"max_hp_gain":0,"max_hp_loss":0,"event_name":"WeMeetAgain","floor":20,"gold_loss":0}],"is_beta":false,"boss_relics":[{"not_picked":["Ectoplasm","Philosopher\u0027s Stone"],"picked":"Empty Cage"}],"items_purged_floors":[],"is_endless":false,"potions_floor_spawned":[4,5,10,13,16,21,24,28],"killed_by":"Shelled Parasite and Fungi","ascension_level":3}