{"gold_per_floor":[119,129,19,19,36,36,36,36,91,123,123,134,151,151,151,254,254,267,277,177,177,1,1,1,15,41,41,57,57,57,76,76,76],"floor_reached":33,"playtime":1225,"items_purged":["Defend_B","Normality","Decay"],"score":245,"play_id":"0ff7c0db-d402-4ea3-b85c-4c5a0556a433","local_time":"20180707181643","is_ascension_mode":false,"campfire_choices":[{"data":"Static Discharge","floor":6,"key":"SMITH"},{"floor":8,"key":"REST"},{"data":"Zap","floor":11,"key":"SMITH"},{"floor":15,"key":"REST"},{"data":"Dualcast","floor":23,"key":"SMITH"},{"floor":27,"key":"REST"},{"floor":30,"key":"REST"},{"floor":32,"key":"REST"}],"neow_cost":"TEN_PERCENT_HP_LOSS","seed_source_timestamp":286353018879162,"circlet_count":0,"master_deck":["Strike_B+1","Strike_B+1","Defend_B","Defend_B","Zap+1","Dualcast+1","Ball Lightning","Static Discharge+1","Rip and Tear+1","Reboot","Parasite","Rebound+1"],"relics":["Cracked Core","Cables","Whetstone","Molten Egg 2","Calling Bell","Oddly Smooth Stone","Kunai","Ice Cream","GremlinMask","Singing Bowl"],"potions_floor_usage":[16,16,25,33,33],"damage_taken":[{"damage":0,"enemies":"Small Slimes","floor":1,"turns":5},{"damage":8,"enemies":"Jaw Worm","floor":2,"turns":3},{"damage":1,"enemies":"2 Louse","floor":5,"turns":2},{"damage":26,"enemies":"Lagavulin","floor":10,"turns":4},{"damage":6,"enemies":"Exordium Thugs","floor":12,"turns":3},{"damage":11,"enemies":"Lots of Slimes","floor":13,"turns":2},{"damage":10,"enemies":"Slime Boss","floor":16,"turns":5},{"damage":5,"enemies":"3 Byrds","floor":18,"turns":2},{"damage":4,"enemies":"Chosen","floor":19,"turns":3},{"damage":26,"enemies":"Centurion and Healer","floor":25,"turns":3},{"damage":20,"enemies":"Cultist and Chosen","floor":28,"turns":4},{"damage":13,"enemies":"Chosen and Byrds","floor":31,"turns":3},{"damage":83,"enemies":"Collector","floor":33,"turns":6}],"seed_played":"7387842426515219899","potions_obtained":[{"floor":1,"key":"GamblersBrew"},{"floor":2,"key":"LiquidBronze"},{"floor":12,"key":"AttackPotion"},{"floor":19,"key":"Explosive Potion"},{"floor":25,"key":"GamblersBrew"},{"floor":28,"key":"SpeedPotion"}],"is_trial":false,"path_per_floor":["M","M","$","?","M","R","T","R","T","E","R","M","M","?","R","B",null,"M","M","$","?","$","R","?","M","T","R","M","?","R","M","R"],"character_chosen":"DEFECT","items_purchased":["Static Discharge","Rebound+1"],"campfire_rested":5,"item_purchase_floors":[3,22],"current_hp_per_floor":[68,60,60,53,52,52,52,68,68,42,42,36,25,25,45,35,68,63,59,59,59,59,59,59,33,33,52,34,34,54,43,63,0],"gold":76,"neow_bonus":"REMOVE_TWO","is_prod":false,"is_daily":false,"chose_seed":false,"campfire_upgraded":3,"win_rate":0.0,"timestamp":1531001803,"path_taken":["M","M","$","?","M","R","?","R","T","E","R","M","?","?","R","BOSS","M","M","$","?","$","R","?","?","T","R","M","?","R","M","R","BOSS"],"build_version":"2018-07-05","purchased_purges":3,"victory":false,"max_hp_per_floor":[68,68,68,68,68,68,68,68,68,68,68,68,68,68,68,68,68,68,68,68,65,65,65,65,65,65,65,67,67,67,69,69,69],"card_choices":[{"not_picked":["Aggregate","Gash"],"picked":"Ball Lightning","floor":1},{"not_picked":["Steam Power","Doom and Gloom"],"picked":"Capacitor","floor":2},{"not_picked":["Cold Snap","Leap","Self Repair"],"picked":"SKIP","floor":5},{"not_picked":["Gash","Go for the Eyes","Coolheaded"],"picked":"SKIP","floor":10},{"not_picked":["Blizzard+1","Scrape+1"],"picked":"Rip and Tear+1","floor":12},{"not_picked":["Aggregate","Darkness","Coolheaded"],"picked":"SKIP","floor":13},{"not_picked":["Meteor Strike+1","Creative AI"],"picked":"Reboot","floor":16},{"not_picked":["Compile Driver+1","Tempest+1","Sweeping Beam+1"],"picked":"SKIP","floor":18},{"not_picked":["FTL+1","Hologram","Steam"],"picked":"SKIP","floor":19},{"not_picked":["Go for the Eyes+1","Compile Driver+1","Tempest"],"picked":"SKIP","floor":25},{"not_picked":["Beam Cell+1","Gash+1","Double Energy"],"picked":"Singing Bowl","floor":28},{"not_picked":["Doom and Gloom+1","Steam","Sunder+1"],"picked":"Singing Bowl","floor":31}],"player_experience":209092,"relics_obtained":[{"floor":7,"key":"Cables"},{"floor":9,"key":"Whetstone"},{"floor":10,"key":"Molten Egg 2"},{"floor":17,"key":"Oddly Smooth Stone"},{"floor":17,"key":"Kunai"},{"floor":17,"key":"Ice Cream"},{"floor":26,"key":"Singing Bowl"}],"event_choices":[{"event_name":"Golden Wing","player_choice":"Card Removal","floor":4,"damage_taken":0},{"event_name":"Living Wall","player_choice":"Forget","floor":14,"damage_taken":0},{"event_name":"Transmorgrifier","player_choice":"Transform","floor":21,"damage_taken":0},{"event_name":"FaceTrader","player_choice":"Trade","floor":24,"damage_taken":0},{"event_name":"Addict","player_choice":"Ignored","floor":29,"damage_taken":0}],"boss_relics":[{"not_picked":["Orrery","Snecko Eye"],"picked":"Calling Bell"}],"items_purged_floors":[3,20,22],"is_endless":false,"potions_floor_spawned":[1,2,12,19,25,28],"killed_by":"Collector","ascension_level":0}