{"gold_per_floor":[114,129,129,4,4,34,34,64,139,139,169,184,214,229,229,329,329,344,444,414],"floor_reached":20,"playtime":1299,"items_purged":["Strike_G"],"score":275,"play_id":"e9bcaad1-0497-41c8-9850-0a5b2706e3b7","local_time":"20190221153516","daily_mods":["Heirloom","Time Dilation","Elite Swarm"],"is_ascension_mode":false,"campfire_choices":[{"data":"Catalyst","floor":7,"key":"SMITH"},{"data":"Envenom","floor":10,"key":"SMITH"},{"floor":15,"key":"REST"}],"neow_cost":"","seed_source_timestamp":472268565439879,"circlet_count":0,"master_deck":["Defend_G","Defend_G","Defend_G","Defend_G","Defend_G","Strike_G","Strike_G","Survivor","Neutralize","Deadly Poison","Catalyst+1","Bane","Corpse Explosion","Envenom+1","After Image+1","Corpse Explosion","Bouncing Flask","Envenom+1","Bane","Infinite Blades+1"],"special_seed":17948,"relics":["Ring of the Serpent","The Specimen","FossilizedHelix","Centennial Puzzle","Frozen Egg 2","Ancient Tea Set","Sundial","Nunchaku","The Courier"],"potions_floor_usage":[13,20],"damage_taken":[{"damage":0,"enemies":"2 Louse","floor":1,"turns":3},{"damage":1,"enemies":"Cultist","floor":2,"turns":3},{"damage":28,"enemies":"Lagavulin","floor":6,"turns":7},{"damage":0,"enemies":"Gremlin Nob","floor":8,"turns":3},{"damage":10,"enemies":"3 Sentries","floor":11,"turns":4},{"damage":0,"enemies":"Small Slimes","floor":12,"turns":3},{"damage":26,"enemies":"Gremlin Nob","floor":13,"turns":5},{"damage":0,"enemies":"2 Fungi Beasts","floor":14,"turns":4},{"damage":0,"enemies":"Slime Boss","floor":16,"turns":5},{"damage":10,"enemies":"Spheric Guardian","floor":18,"turns":4},{"damage":19,"enemies":"Colosseum Slavers","floor":19,"turns":3},{"damage":37,"enemies":"Colosseum Nobs","floor":19,"turns":4},{"damage":10,"enemies":"2 Thieves","floor":20,"turns":1}],"seed_played":"-5984108549789572650","potions_obtained":[{"floor":2,"key":"SteroidPotion"},{"floor":12,"key":"Fruit Juice"},{"floor":13,"key":"SkillPotion"}],"is_trial":false,"path_per_floor":["M","M","?","$","?","E","R","E","T","R","E","M","E","M","R","B",null,"M","?","M"],"character_chosen":"THE_SILENT","items_purchased":["Bane"],"campfire_rested":1,"item_purchase_floors":[4],"current_hp_per_floor":[70,69,69,69,69,41,41,41,41,41,31,31,10,10,32,32,75,65,9,0],"gold":414,"neow_bonus":"","is_prod":false,"is_daily":true,"chose_seed":false,"campfire_upgraded":2,"win_rate":0.0,"timestamp":1550781316,"path_taken":["M","M","?","$","?","E","R","E","T","R","E","M","E","?","R","BOSS","M","?","M"],"build_version":"2019-01-23","purchased_purges":1,"victory":false,"max_hp_per_floor":[70,70,70,70,70,70,70,70,70,70,70,70,75,75,75,75,75,75,75,75],"card_choices":[{"not_picked":["Concentrate","Escape Plan"],"picked":"Deadly Poison","floor":1},{"not_picked":["Sucker Punch","Distraction"],"picked":"Catalyst","floor":2},{"not_picked":["Doppelganger","Adrenaline"],"picked":"Corpse Explosion","floor":6},{"not_picked":["Tools of the Trade","Doppelganger"],"picked":"Envenom","floor":8},{"not_picked":["Bullet Time","Venomology"],"picked":"After Image+1","floor":11},{"not_picked":["Sucker Punch","Flying Knee","Dodge and Roll"],"picked":"SKIP","floor":12},{"not_picked":["Glass Knife","Night Terror"],"picked":"Corpse Explosion","floor":13},{"not_picked":["Dash","Accuracy+1"],"picked":"Bouncing Flask","floor":14},{"not_picked":["Glass Knife","Wraith Form v2+1"],"picked":"Envenom+1","floor":16},{"not_picked":["Slice","Expertise"],"picked":"Bane","floor":18},{"not_picked":["Slice","Blur"],"picked":"Infinite Blades+1","floor":19}],"player_experience":54606,"relics_obtained":[{"floor":6,"key":"FossilizedHelix"},{"floor":8,"key":"Centennial Puzzle"},{"floor":9,"key":"Frozen Egg 2"},{"floor":11,"key":"Ancient Tea Set"},{"floor":13,"key":"Sundial"},{"floor":19,"key":"Nunchaku"},{"floor":19,"key":"The Courier"}],"event_choices":[{"cards_removed":["Strike_G"],"damage_healed":0,"gold_gain":0,"player_choice":"Forget","damage_taken":0,"max_hp_gain":0,"max_hp_loss":0,"event_name":"Living Wall","floor":3,"gold_loss":0},{"cards_removed":["Strike_G"],"damage_healed":0,"gold_gain":0,"player_choice":"Purged","damage_taken":0,"max_hp_gain":0,"max_hp_loss":0,"event_name":"Purifier","floor":5,"gold_loss":0},{"damage_healed":0,"gold_gain":0,"player_choice":"Fight","damage_taken":0,"max_hp_gain":0,"max_hp_loss":0,"event_name":"Colosseum","floor":19,"gold_loss":0},{"damage_healed":0,"gold_gain":0,"player_choice":"Fought Nobs","damage_taken":0,"max_hp_gain":0,"max_hp_loss":0,"event_name":"Colosseum","floor":19,"gold_loss":0}],"is_beta":false,"boss_relics":[{"not_picked":["Snecko Eye","Cursed Key"],"picked":"Ring of the Serpent"}],"items_purged_floors":[4],"is_endless":false,"potions_floor_spawned":[2,12,13,19],"killed_by":"2 Thieves","ascension_level":0}