{"gold_per_floor":[114,39,54,54,70,70,84,84,84,99,124,124,197,272,272,396,396,415,540,281,299,398,398,433,293,318,318,318,318],"floor_reached":29,"playtime":605,"items_purged":["Defend_R","Strike_R","Strike_R"],"score":231,"play_id":"bf4e7d2d-68ae-4680-a873-79841340db78","local_time":"20190413052612","is_ascension_mode":false,"campfire_choices":[{"data":"Bash","floor":6,"key":"SMITH"},{"data":"Twin Strike","floor":15,"key":"SMITH"},{"data":"Double Tap","floor":23,"key":"SMITH"},{"floor":27,"key":"REST"}],"neow_cost":"NONE","seed_source_timestamp":51237748697438,"circlet_count":0,"master_deck":["Strike_R","Strike_R","Defend_R","Defend_R","Defend_R","Bash+1","Shrug It Off","Heavy Blade","Heavy Blade","Twin Strike+1","Shrug It Off","Double Tap+1","Shrug It Off+1","Metallicize+1","Clothesline"],"relics":["Cursed Key","Golden Idol","Matryoshka","Sundial","Mark of Pain","Nunchaku","Bottled Flame","Membership Card","PreservedInsect","Omamori","Vajra","Red Skull","Enchiridion"],"potions_floor_usage":[11,16,16,19],"damage_taken":[{"damage":1,"enemies":"Jaw Worm","floor":1,"turns":3},{"damage":0,"enemies":"2 Louse","floor":3,"turns":3},{"damage":1,"enemies":"Cultist","floor":5,"turns":3},{"damage":0,"enemies":"3 Louse","floor":7,"turns":3},{"damage":5,"enemies":"Looter","floor":10,"turns":2},{"damage":0,"enemies":"2 Fungi Beasts","floor":11,"turns":2},{"damage":14,"enemies":"Gremlin Nob","floor":13,"turns":3},{"damage":34,"enemies":"The Guardian","floor":16,"turns":9},{"damage":10,"enemies":"Chosen","floor":18,"turns":4},{"damage":9,"enemies":"Colosseum Slavers","floor":19,"turns":5},{"damage":6,"enemies":"Colosseum Nobs","floor":19,"turns":5},{"damage":8,"enemies":"2 Thieves","floor":21,"turns":4},{"damage":46,"enemies":"Slavers","floor":24,"turns":8},{"damage":11,"enemies":"Snake Plant","floor":29,"turns":1}],"seed_played":"-3378343404707153790","potions_obtained":[{"floor":3,"key":"PowerPotion"},{"floor":5,"key":"Fire Potion"},{"floor":7,"key":"BloodPotion"},{"floor":10,"key":"Energy Potion"},{"floor":18,"key":"Energy Potion"}],"is_trial":false,"path_per_floor":["M","$","M","?","M","R","M","?","T","M","M","?","?","?","R","B",null,"M","?","$","M","?","R","E","$","T","R","?","M"],"character_chosen":"IRONCLAD","items_purchased":["Membership Card","Omamori"],"campfire_rested":1,"item_purchase_floors":[20,25],"current_hp_per_floor":[79,79,79,59,58,58,58,58,58,53,61,61,47,36,36,2,80,70,55,55,47,47,47,1,1,1,25,9,0],"gold":318,"neow_bonus":"BOSS_RELIC","is_prod":false,"is_daily":false,"chose_seed":false,"campfire_upgraded":3,"win_rate":0,"timestamp":1555154772,"path_taken":["M","$","M","?","M","R","M","?","T","M","?","?","?","?","R","BOSS","M","?","$","M","?","R","E","$","T","R","?","M"],"build_version":"2019-01-23","purchased_purges":3,"victory":false,"max_hp_per_floor":[80,80,80,80,80,80,80,80,80,80,80,80,80,80,80,80,80,80,80,80,80,80,80,80,80,80,80,80,80],"card_choices":[{"not_picked":["Havoc","Sentinel"],"picked":"Shrug It Off","floor":1},{"not_picked":["Havoc","Bloodletting"],"picked":"Heavy Blade","floor":3},{"not_picked":["Pummel","Warcry"],"picked":"Heavy Blade","floor":5},{"not_picked":["Ghostly Armor","Evolve"],"picked":"Twin Strike","floor":7},{"not_picked":["Iron Wave","Havoc","Sentinel"],"picked":"SKIP","floor":10},{"not_picked":["Pommel Strike","Rupture","Rage"],"picked":"SKIP","floor":11},{"not_picked":["Dark Embrace","Brutality"],"picked":"Double Tap","floor":16},{"not_picked":["Power Through","Twin Strike"],"picked":"Shrug It Off+1","floor":18},{"not_picked":["Anger","True Grit+1"],"picked":"Metallicize+1","floor":19},{"not_picked":["Seeing Red+1","Intimidate","Burning Pact"],"picked":"SKIP","floor":21},{"not_picked":["Body Slam","Combust+1"],"picked":"Clothesline","floor":24}],"player_experience":1208237,"relics_obtained":[{"floor":9,"key":"Matryoshka"},{"floor":13,"key":"Sundial"},{"floor":19,"key":"Nunchaku"},{"floor":19,"key":"Bottled Flame"},{"floor":24,"key":"PreservedInsect"},{"floor":26,"key":"Vajra"},{"floor":26,"key":"Red Skull"},{"floor":28,"key":"Enchiridion"}],"event_choices":[{"damage_healed":0,"gold_gain":0,"player_choice":"Take Damage","damage_taken":20,"relics_obtained":["Golden Idol"],"max_hp_gain":0,"max_hp_loss":0,"event_name":"Golden Idol","floor":4,"gold_loss":0},{"damage_healed":0,"gold_gain":0,"cards_transformed":["Strike_R"],"player_choice":"Transformed","damage_taken":0,"max_hp_gain":0,"max_hp_loss":0,"event_name":"Transmorgrifier","floor":8,"gold_loss":0,"cards_obtained":["Shrug It Off"]},{"cards_removed":["Pain"],"damage_healed":0,"gold_gain":0,"player_choice":"Forget","damage_taken":0,"max_hp_gain":0,"max_hp_loss":0,"event_name":"Living Wall","floor":12,"gold_loss":0},{"damage_healed":0,"gold_gain":0,"player_choice":"Searched \u00272\u0027 times","damage_taken":0,"max_hp_gain":0,"max_hp_loss":0,"event_name":"Dead Adventurer","floor":13,"gold_loss":0},{"damage_healed":0,"gold_gain":75,"player_choice":"Gather Gold","damage_taken":11,"max_hp_gain":0,"max_hp_loss":0,"event_name":"World of Goop","floor":14,"gold_loss":0},{"damage_healed":0,"gold_gain":0,"player_choice":"Fight","damage_taken":0,"max_hp_gain":0,"max_hp_loss":0,"event_name":"Colosseum","floor":19,"gold_loss":0},{"damage_healed":0,"gold_gain":0,"player_choice":"Fought Nobs","damage_taken":0,"max_hp_gain":0,"max_hp_loss":0,"event_name":"Colosseum","floor":19,"gold_loss":0},{"damage_healed":0,"gold_gain":99,"player_choice":"Stole From Cult","damage_taken":0,"max_hp_gain":0,"max_hp_loss":0,"event_name":"Nest","floor":22,"gold_loss":0},{"damage_healed":0,"gold_gain":0,"player_choice":"Obtained Book","damage_taken":16,"max_hp_gain":0,"max_hp_loss":0,"event_name":"Cursed Tome","floor":28,"gold_loss":0}],"is_beta":false,"boss_relics":[{"not_picked":["Runic Cube","Orrery"],"picked":"Mark of Pain"}],"items_purged_floors":[2,20,25],"is_endless":false,"potions_floor_spawned":[3,5,7,10,18],"killed_by":"Snake Plant","ascension_level":0}