{"path_per_floor":["M","M","?","$","M","R","E","R","T","R","T","?","M","E","R","B",null,"M","$"],"character_chosen":"IRONCLAD","items_purchased":[],"gold_per_floor":[114,125,125,50,69,69,103,103,103,103,103,53,71,101,101,206,206,223,123,123],"floor_reached":20,"campfire_rested":4,"playtime":769,"item_purchase_floors":[],"current_hp_per_floor":[80,77,77,77,77,80,32,56,56,80,80,80,80,62,80,70,80,37,37,0],"items_purged":["Defend_R","Defend_R"],"gold":123,"score":180,"play_id":"89be12d0-f578-48c3-864c-2d472454a7b1","local_time":"20180619212037","is_prod":false,"is_daily":false,"chose_seed":false,"is_ascension_mode":false,"campfire_upgraded":0,"win_rate":0.0,"timestamp":1529457637,"campfire_choices":[{"floor":6,"key":"REST"},{"floor":8,"key":"REST"},{"floor":10,"key":"REST"},{"floor":15,"key":"REST"}],"path_taken":["M","M","?","?","M","R","E","R","T","R","?","?","?","E","R","BOSS","M","$","M"],"build_version":"2018-06-14v2","seed_source_timestamp":348629243165349,"purchased_purges":2,"victory":false,"master_deck":["Strike_R","Strike_R","Strike_R","Strike_R","Strike_R","Pommel Strike","Anger","Cleave","Demon Form+1","Perfected Strike","Infernal Blade","Hemokinesis"],"max_hp_per_floor":[80,80,80,80,80,80,80,80,80,80,80,80,80,80,80,80,80,80,80,80],"relics":["Burning Blood","Frozen Egg 2","Shuriken","Regal Pillow","Blood Vial","Orrery"],"card_choices":[{"not_picked":["Sword Boomerang","Fire Breathing"],"picked":"Pommel Strike","floor":1},{"not_picked":["Warcry","Cleave","Anger"],"picked":"SKIP","floor":2},{"not_picked":["Body Slam","Warcry"],"picked":"Cleave","floor":5},{"not_picked":["Clothesline","Second Wind","Searing Blow"],"picked":"SKIP","floor":7},{"not_picked":["Body Slam","Battle Trance","Warcry"],"picked":"SKIP","floor":13},{"not_picked":["Disarm","Sword Boomerang","Dual Wield"],"picked":"SKIP","floor":14},{"not_picked":["Limit Break","Double Tap"],"picked":"Demon Form+1","floor":16},{"not_picked":["Entrench","Evolve+1"],"picked":"Perfected Strike","floor":17},{"not_picked":["Havoc","Exhume"],"picked":"Infernal Blade","floor":17},{"not_picked":["Armaments","Thunderclap"],"picked":"Hemokinesis","floor":17},{"not_picked":["Flex+1","Twin Strike","Headbutt"],"picked":"SKIP","floor":18}],"player_experience":140941,"potions_floor_usage":[16,16,16],"damage_taken":[{"damage":5,"enemies":"Cultist","floor":1,"turns":4},{"damage":9,"enemies":"2 Louse","floor":2,"turns":2},{"damage":6,"enemies":"Jaw Worm","floor":5,"turns":3},{"damage":54,"enemies":"Lagavulin","floor":7,"turns":6},{"damage":0,"enemies":"Large Slime","floor":13,"turns":4},{"damage":24,"enemies":"3 Sentries","floor":14,"turns":4},{"damage":16,"enemies":"Slime Boss","floor":16,"turns":6},{"damage":49,"enemies":"Shell Parasite","floor":18,"turns":5},{"damage":39,"enemies":"3 Byrds","floor":20,"turns":4}],"relics_obtained":[{"floor":7,"key":"Frozen Egg 2"},{"floor":9,"key":"Shuriken"},{"floor":11,"key":"Regal Pillow"},{"floor":14,"key":"Blood Vial"}],"event_choices":[{"event_name":"Transmorgrifier","player_choice":"Transform","floor":3,"damage_taken":0},{"event_name":"The Cleric","player_choice":"Card Removal","floor":12,"damage_taken":0}],"boss_relics":[{"not_picked":["Runic Cube","Philosopher\u0027s Stone"],"picked":"Orrery"}],"items_purged_floors":[4,19],"is_endless":false,"potions_floor_spawned":[2,5,13],"seed_played":"-2686386442029687861","killed_by":"3 Byrds","ascension_level":0,"potions_obtained":[{"floor":2,"key":"Strength Potion"},{"floor":5,"key":"FearPotion"},{"floor":13,"key":"Swift Potion"}],"is_trial":false}