{"gold_per_floor":[117,129,129,54,54,54,73,73,73,2,12,25,35,0,0,101,131,148,148,160,160,177,177,187,187,187,197,216,216,116,132,132,227,227,241,116,40,40],"floor_reached":38,"playtime":1705,"items_purged":["Strike_G","Defend_G+1","Heel Hook+1"],"score":368,"play_id":"2e3a9546-c6d3-456d-ba89-bdcdba6f45b3","local_time":"20180711233107","is_ascension_mode":false,"campfire_choices":[{"data":"Flying Knee","floor":6,"key":"SMITH"},{"data":"Outmaneuver","floor":8,"key":"SMITH"},{"data":"Bane","floor":15,"key":"SMITH"},{"floor":23,"key":"REST"},{"floor":25,"key":"REST"},{"floor":29,"key":"REST"},{"floor":32,"key":"REST"}],"neow_cost":"NONE","seed_source_timestamp":0,"circlet_count":0,"master_deck":["Defend_G+1","Defend_G+1","Defend_G+1","Strike_G+1","Strike_G+1","Survivor","Neutralize","Flying Knee+1","Outmaneuver+1","Noxious Fumes","Bane+1","Acrobatics","Wraith Form v2","Deadly Poison","Bouncing Flask+1","Bane","Catalyst+1","Adrenaline","Concentrate+1","Prepared+1","Blur","Catalyst"],"special_seed":17724,"relics":["Ring of the Snake","Pantograph","Tiny House","Nloth\u0027s Gift","Bottled Lightning","Astrolabe"],"potions_floor_usage":[16,16,16,22,24,33,33],"damage_taken":[{"damage":0,"enemies":"Cultist","floor":1,"turns":1},{"damage":0,"enemies":"Small Slimes","floor":2,"turns":1},{"damage":0,"enemies":"2 Louse","floor":7,"turns":1},{"damage":4,"enemies":"Blue Slaver","floor":11,"turns":4},{"damage":4,"enemies":"2 Fungi Beasts","floor":12,"turns":4},{"damage":13,"enemies":"Large Slime","floor":13,"turns":6},{"damage":53,"enemies":"Hexaghost","floor":16,"turns":10},{"damage":15,"enemies":"3 Byrds","floor":18,"turns":6},{"damage":10,"enemies":"Spheric Guardian","floor":20,"turns":4},{"damage":6,"enemies":"Centurion and Healer","floor":22,"turns":5},{"damage":45,"enemies":"Slaver and Parasite","floor":24,"turns":6},{"damage":10,"enemies":"Snake Plant","floor":27,"turns":4},{"damage":25,"enemies":"Sentry and Sphere","floor":28,"turns":7},{"damage":22,"enemies":"Chosen and Byrds","floor":31,"turns":5},{"damage":61,"enemies":"Collector","floor":33,"turns":8},{"damage":10,"enemies":"Orb Walker","floor":35,"turns":2},{"damage":75,"enemies":"3 Darklings","floor":38,"turns":5}],"seed_played":"-4311942942209726919","potions_obtained":[{"floor":2,"key":"Swift Potion"},{"floor":7,"key":"AttackPotion"},{"floor":12,"key":"Poison Potion"},{"floor":17,"key":"SkillPotion"},{"floor":20,"key":"AttackPotion"},{"floor":24,"key":"Weak Potion"},{"floor":28,"key":"FearPotion"}],"is_trial":false,"path_per_floor":["M","M","?","$","?","R","M","R","T","$","M","M","M","?","R","B",null,"M","?","M","?","M","R","M","R","T","M","M","R","$","M","R","B",null,"M","$","$"],"character_chosen":"THE_SILENT","items_purchased":["Noxious Fumes","Catalyst"],"campfire_rested":4,"item_purchase_floors":[10,37],"current_hp_per_floor":[70,70,75,75,75,75,75,75,75,75,71,67,54,72,72,22,80,65,65,55,55,49,73,28,52,52,42,17,41,41,19,43,7,80,70,70,70,0],"gold":40,"neow_bonus":"THREE_ENEMY_KILL","is_prod":false,"is_daily":false,"chose_seed":false,"campfire_upgraded":3,"win_rate":0,"timestamp":1531366267,"path_taken":["M","?","?","?","?","R","M","R","T","$","M","M","?","?","R","BOSS","M","?","M","?","M","R","M","R","T","M","M","R","$","?","R","BOSS","M","?","$","M"],"build_version":"2018-07-05","purchased_purges":3,"victory":false,"max_hp_per_floor":[70,70,75,75,75,75,75,75,75,75,75,75,75,75,75,75,80,80,80,80,80,80,80,80,80,80,80,80,80,80,80,80,80,80,80,80,80,80],"card_choices":[{"not_picked":["Expertise","Dagger Spray"],"picked":"Flying Knee","floor":1},{"not_picked":["Quick Slash","Prepared"],"picked":"Outmaneuver","floor":2},{"not_picked":["Corpse Explosion","Slice","Dagger Spray"],"picked":"SKIP","floor":7},{"not_picked":["Deflect","Poisoned Stab"],"picked":"Bane","floor":11},{"not_picked":["PiercingWail","Outmaneuver","Underhanded Strike"],"picked":"SKIP","floor":12},{"not_picked":["Deflect","Predator"],"picked":"Acrobatics","floor":13},{"not_picked":["Adrenaline","Burst"],"picked":"Wraith Form v2","floor":16},{"not_picked":["Dodge and Roll","Poisoned Stab"],"picked":"Acrobatics","floor":17},{"not_picked":["Backflip+1","PiercingWail"],"picked":"Deadly Poison","floor":18},{"not_picked":["Dagger Throw","Doppelganger"],"picked":"Bouncing Flask+1","floor":20},{"not_picked":["Underhanded Strike+1","Slice+1","Quick Slash+1"],"picked":"SKIP","floor":22},{"not_picked":["Blade Dance","Expertise"],"picked":"Bane","floor":24},{"not_picked":["Backflip","Accuracy","Masterful Stab"],"picked":"SKIP","floor":27},{"not_picked":["Leg Sweep","Sucker Punch+1"],"picked":"Catalyst+1","floor":28},{"not_picked":["Quick Slash","Flying Knee","Cloak And Dagger+1"],"picked":"SKIP","floor":31},{"not_picked":["Unload","Night Terror"],"picked":"Adrenaline","floor":33},{"not_picked":["Calculated Gamble+1","Underhanded Strike"],"picked":"Blur","floor":35}],"player_experience":219097,"relics_obtained":[{"floor":9,"key":"Pantograph"},{"floor":26,"key":"Bottled Lightning"}],"event_choices":[{"event_name":"Big Fish","player_choice":"Donut","floor":3,"damage_taken":0},{"event_name":"Living Wall","player_choice":"Forget","floor":5,"damage_taken":0},{"event_name":"The Cleric","player_choice":"Healed","floor":14,"damage_taken":0},{"event_name":"Back to Basics","player_choice":"Simplicity","floor":19,"damage_taken":0},{"event_name":"N\u0027loth","player_choice":"Traded a NeowsBlessing","floor":21,"damage_taken":0}],"boss_relics":[{"not_picked":["Philosopher\u0027s Stone","Calling Bell"],"picked":"Tiny House"},{"not_picked":["Velvet Choker","Pandora\u0027s Box"],"picked":"Astrolabe"}],"items_purged_floors":[4,30,36],"is_endless":false,"potions_floor_spawned":[2,7,12,20,24,28],"killed_by":"3 Darklings","ascension_level":0}