{"gold_per_floor":[111,130,95,95,18,44,44,70,70,70,105,157,177,210,210,305,305,319,319,319,224,224,255,255,284,310,328,328],"floor_reached":28,"playtime":1905,"items_purged":[],"score":308,"play_id":"a2140fb0-6844-4a0b-8b2c-ae751a4a3ca1","local_time":"20190320205128","is_ascension_mode":true,"campfire_choices":[{"data":"Self Repair","floor":7,"key":"SMITH"},{"data":"Zap","floor":10,"key":"SMITH"},{"data":"Genetic Algorithm","floor":15,"key":"SMITH"},{"data":"Creative AI","floor":24,"key":"SMITH"}],"neow_cost":"NONE","seed_source_timestamp":65171572124616,"circlet_count":0,"master_deck":["Strike_B","Strike_B","Defend_B","Defend_B","Defend_B+1","Defend_B","Zap+1","Dualcast","Coolheaded","Blizzard","Blizzard+1","Self Repair+1","Coolheaded","Storm","Genetic Algorithm+1","Conserve Battery","Conserve Battery","Creative AI+1","White Noise+1","Creative AI","Static Discharge","Forethought","Cold Snap+1"],"relics":["Cracked Core","NeowsBlessing","Question Card","Anchor","Pantograph","Ornamental Fan","Bag of Marbles","Oddly Smooth Stone","Busted Crown","NlothsMask","Pen Nib","Regal Pillow"],"potions_floor_usage":[14,14],"damage_taken":[{"damage":0,"enemies":"Jaw Worm","floor":1,"turns":1},{"damage":0,"enemies":"Cultist","floor":2,"turns":1},{"damage":1,"enemies":"3 Sentries","floor":6,"turns":2},{"damage":32,"enemies":"Gremlin Nob","floor":8,"turns":5},{"damage":8,"enemies":"3 Sentries","floor":11,"turns":7},{"damage":3,"enemies":"2 Louse","floor":13,"turns":3},{"damage":12,"enemies":"Lagavulin","floor":14,"turns":6},{"damage":61,"enemies":"Hexaghost","floor":16,"turns":16},{"damage":14,"enemies":"Spheric Guardian","floor":18,"turns":7},{"damage":9,"enemies":"Book of Stabbing","floor":23,"turns":5},{"damage":36,"enemies":"Slavers","floor":25,"turns":6},{"damage":11,"enemies":"Shell Parasite","floor":27,"turns":7},{"damage":33,"enemies":"Gremlin Leader","floor":28,"turns":4}],"seed_played":"-3333073906233389099","potions_obtained":[{"floor":6,"key":"AttackPotion"},{"floor":13,"key":"PowerPotion"},{"floor":16,"key":"FearPotion"},{"floor":23,"key":"SpeedPotion"}],"is_trial":false,"path_per_floor":["M","M","$","?","$","E","R","E","T","R","E","T","M","E","R","B",null,"M","?","?","$","?","E","R","E","T","M","E"],"character_chosen":"DEFECT","items_purchased":["Blizzard","Self Repair","Forethought"],"campfire_rested":0,"item_purchase_floors":[3,5,21],"current_hp_per_floor":[75,75,75,60,60,66,66,44,44,44,46,46,53,51,51,24,75,71,57,57,57,57,58,58,32,32,31,0],"gold":328,"neow_bonus":"THREE_ENEMY_KILL","is_prod":false,"is_daily":false,"chose_seed":false,"campfire_upgraded":4,"win_rate":0,"timestamp":1553129488,"path_taken":["M","M","$","?","$","E","R","E","T","R","E","?","M","E","R","BOSS","M","?","?","$","?","E","R","E","T","M","E"],"build_version":"2019-01-23","purchased_purges":0,"victory":false,"max_hp_per_floor":[75,75,75,75,75,75,75,75,75,75,75,75,75,75,75,75,75,75,80,80,80,80,80,80,80,80,80,80],"card_choices":[{"not_picked":["Hologram","Sweeping Beam"],"picked":"Coolheaded","floor":1},{"not_picked":["Aggregate","Conserve Battery"],"picked":"Blizzard","floor":2},{"not_picked":["Seek","Hologram"],"picked":"Coolheaded","floor":6},{"not_picked":["Melter","Auto Shields","Fission"],"picked":"Storm","floor":8},{"not_picked":["Reinforced Body","Rebound","Steam"],"picked":"Genetic Algorithm","floor":11},{"not_picked":["Compile Driver","Blizzard","Leap"],"picked":"Conserve Battery","floor":13},{"not_picked":["Ball Lightning","Turbo","Compile Driver"],"picked":"Conserve Battery","floor":14},{"not_picked":["Multi-Cast","Meteor Strike","Seek"],"picked":"Creative AI","floor":16},{"not_picked":["Skim"],"picked":"White Noise+1","floor":18},{"not_picked":["Rebound","Aggregate+1"],"picked":"SKIP","floor":23},{"not_picked":["Steam Power"],"picked":"Cold Snap+1","floor":25},{"not_picked":["Lockon+1","Sunder"],"picked":"SKIP","floor":27}],"player_experience":172095,"relics_obtained":[{"floor":6,"key":"Question Card"},{"floor":8,"key":"Anchor"},{"floor":9,"key":"Pantograph"},{"floor":11,"key":"Ornamental Fan"},{"floor":12,"key":"Bag of Marbles"},{"floor":14,"key":"Oddly Smooth Stone"},{"floor":23,"key":"Pen Nib"},{"floor":25,"key":"Regal Pillow"}],"event_choices":[{"damage_healed":0,"gold_gain":0,"player_choice":"Entered Light","damage_taken":15,"max_hp_gain":0,"max_hp_loss":0,"event_name":"Shining Light","floor":4,"gold_loss":0,"cards_upgraded":["Defend_B","Blizzard"]},{"damage_healed":0,"gold_gain":0,"player_choice":"Shed Blood","damage_taken":19,"max_hp_gain":5,"max_hp_loss":0,"event_name":"Forgotten Altar","floor":19,"gold_loss":0},{"damage_healed":0,"gold_gain":0,"cards_transformed":["Strike_B","Strike_B"],"player_choice":"Became Test Subject","damage_taken":0,"max_hp_gain":0,"max_hp_loss":0,"event_name":"Drug Dealer","floor":20,"gold_loss":0,"cards_obtained":["Creative AI","Static Discharge"]},{"damage_healed":0,"gold_gain":0,"player_choice":"Trade","damage_taken":0,"relics_obtained":["NlothsMask"],"max_hp_gain":0,"max_hp_loss":0,"event_name":"FaceTrader","floor":22,"gold_loss":0}],"is_beta":false,"boss_relics":[{"not_picked":["Orrery","Tiny House"],"picked":"Busted Crown"}],"items_purged_floors":[],"is_endless":false,"potions_floor_spawned":[6,13,16,23],"killed_by":"Gremlin Leader","ascension_level":2}