{"gold_per_floor":[110,182,0,0,175,208,133,163,163,183,200,200,234,265,265,265],"floor_reached":16,"playtime":1374,"items_purged":["Doubt"],"score":126,"play_id":"ed8e3f71-42c5-4b94-8c49-719417e99e1f","local_time":"20190218204122","is_ascension_mode":false,"campfire_choices":[{"floor":15,"key":"REST"}],"neow_cost":"PERCENT_DAMAGE","seed_source_timestamp":235381316814217,"circlet_count":0,"master_deck":["Strike_R","Strike_R","Strike_R","Strike_R","Strike_R","Defend_R","Defend_R","Defend_R","Defend_R","Bash","Rage","Apotheosis","Feel No Pain","Shrug It Off","Entrench","Seeing Red"],"relics":["Burning Blood","WingedGreaves","Mummified Hand","Paper Frog","Lantern","Dodecahedron","Golden Idol","Girya","Bag of Marbles"],"potions_floor_usage":[14,16],"damage_taken":[{"damage":5,"enemies":"Cultist","floor":1,"turns":4},{"damage":45,"enemies":"Lagavulin","floor":6,"turns":11},{"damage":9,"enemies":"3 Sentries","floor":8,"turns":13},{"damage":0,"enemies":"Jaw Worm","floor":10,"turns":5},{"damage":0,"enemies":"Small Slimes","floor":11,"turns":4},{"damage":12,"enemies":"Lagavulin","floor":13,"turns":9},{"damage":27,"enemies":"Gremlin Nob","floor":14,"turns":5},{"damage":31,"enemies":"The Guardian","floor":16,"turns":16}],"seed_played":"4575930618324003459","potions_obtained":[{"floor":6,"key":"BloodPotion"},{"floor":8,"key":"AttackPotion"}],"is_trial":false,"path_per_floor":["M","T","$","?","?","E","$","E","T","M","M","?","E","E","R","B"],"character_chosen":"IRONCLAD","items_purchased":["Apotheosis"],"campfire_rested":1,"item_purchase_floors":[3],"current_hp_per_floor":[57,57,57,57,57,18,18,15,15,21,27,27,21,7,29,0],"gold":265,"neow_bonus":"ONE_RARE_RELIC","is_prod":false,"is_daily":false,"chose_seed":false,"campfire_upgraded":0,"win_rate":0.0,"timestamp":1550540482,"path_taken":["M","?","$","?","?","E","$","E","T","M","?","?","E","E","R","BOSS"],"build_version":"2019-01-23","purchased_purges":1,"victory":false,"max_hp_per_floor":[80,80,80,80,80,80,80,80,80,80,80,74,74,74,74,74],"card_choices":[{"not_picked":["Sword Boomerang","Infernal Blade"],"picked":"Rage","floor":1},{"not_picked":["Pommel Strike","Seeing Red"],"picked":"Feel No Pain","floor":6},{"not_picked":["Entrench","Evolve"],"picked":"Shrug It Off","floor":8},{"not_picked":["Hemokinesis","Dual Wield","Anger"],"picked":"SKIP","floor":10},{"not_picked":["Sever Soul","Flex"],"picked":"Entrench","floor":11},{"not_picked":["Infernal Blade","Armaments","Brutality"],"picked":"SKIP","floor":13},{"not_picked":["Blood for Blood","True Grit"],"picked":"Seeing Red","floor":14}],"player_experience":29602,"relics_obtained":[{"floor":2,"key":"Mummified Hand"},{"floor":6,"key":"Paper Frog"},{"floor":8,"key":"Lantern"},{"floor":9,"key":"Dodecahedron"},{"floor":13,"key":"Girya"},{"floor":14,"key":"Bag of Marbles"}],"event_choices":[{"damage_healed":0,"gold_gain":0,"player_choice":"Leave","damage_taken":0,"max_hp_gain":0,"max_hp_loss":0,"event_name":"The Cleric","floor":4,"gold_loss":0},{"damage_healed":0,"gold_gain":175,"player_choice":"AGREE","damage_taken":0,"max_hp_gain":0,"max_hp_loss":0,"event_name":"Liars Game","floor":5,"gold_loss":0,"cards_obtained":["Doubt"]},{"damage_healed":0,"gold_gain":0,"player_choice":"Lose Max HP","damage_taken":0,"relics_obtained":["Golden Idol"],"max_hp_gain":0,"max_hp_loss":6,"event_name":"Golden Idol","floor":12,"gold_loss":0}],"is_beta":false,"boss_relics":[],"items_purged_floors":[7],"is_endless":false,"potions_floor_spawned":[6,8],"killed_by":"The Guardian","ascension_level":0}