{"gold_per_floor":[113,129,129,129,129,129,141,171,171,171],"floor_reached":10,"playtime":290,"items_purged":[],"score":76,"play_id":"25cf3317-2beb-43ac-b19b-05e3fc7f3388","local_time":"20190314194104","is_ascension_mode":true,"campfire_choices":[],"neow_cost":"NONE","seed_source_timestamp":84832208752439,"circlet_count":0,"master_deck":["Strike_R+1","Strike_R+1","Strike_R+1","Strike_R","Strike_R","Defend_R","Defend_R","Defend_R","Defend_R","Bash+1","Body Slam","Flex","Regret","Barricade","Heavy Blade"],"relics":["Burning Blood","Lantern","Blue Candle","Whetstone","Meat on the Bone"],"potions_floor_usage":[],"damage_taken":[{"damage":1,"enemies":"Cultist","floor":1,"turns":3},{"damage":5,"enemies":"Small Slimes","floor":2,"turns":4},{"damage":12,"enemies":"Jaw Worm","floor":7,"turns":2},{"damage":46,"enemies":"Gremlin Nob","floor":8,"turns":5},{"damage":19,"enemies":"Exordium Wildlife","floor":10,"turns":1}],"seed_played":"6213598914103982075","potions_obtained":[{"floor":7,"key":"Poison Potion"},{"floor":8,"key":"Swift Potion"}],"is_trial":false,"path_per_floor":["M","M","$","?","?","?","M","E","T","M"],"character_chosen":"IRONCLAD","items_purchased":[],"campfire_rested":0,"item_purchase_floors":[],"current_hp_per_floor":[80,80,80,64,64,64,58,18,18,0],"gold":171,"neow_bonus":"RANDOM_COMMON_RELIC","is_prod":false,"is_daily":false,"chose_seed":false,"campfire_upgraded":0,"win_rate":0,"timestamp":1552606864,"path_taken":["M","?","$","?","?","?","M","E","T","M"],"build_version":"2019-01-23","purchased_purges":0,"victory":false,"max_hp_per_floor":[80,80,80,80,80,80,80,80,80,80],"card_choices":[{"not_picked":["Wild Strike","Headbutt"],"picked":"Body Slam","floor":1},{"not_picked":["Havoc","Sword Boomerang"],"picked":"Flex","floor":2},{"not_picked":["Clothesline","Clash"],"picked":"Barricade","floor":7},{"not_picked":["Thunderclap","Power Through"],"picked":"Heavy Blade","floor":8}],"player_experience":142908,"relics_obtained":[{"floor":8,"key":"Whetstone"},{"floor":9,"key":"Meat on the Bone"}],"event_choices":[{"damage_healed":0,"gold_gain":0,"player_choice":"Entered Light","damage_taken":16,"max_hp_gain":0,"max_hp_loss":0,"event_name":"Shining Light","floor":4,"gold_loss":0,"cards_upgraded":["Strike_R","Strike_R"]},{"damage_healed":0,"gold_gain":0,"player_choice":"Ignored","damage_taken":0,"max_hp_gain":0,"max_hp_loss":0,"event_name":"Liars Game","floor":5,"gold_loss":0},{"damage_healed":0,"gold_gain":0,"player_choice":"Box","damage_taken":0,"relics_obtained":["Blue Candle"],"max_hp_gain":0,"max_hp_loss":0,"event_name":"Big Fish","floor":6,"gold_loss":0,"cards_obtained":["Regret"]}],"is_beta":false,"boss_relics":[],"items_purged_floors":[],"is_endless":false,"potions_floor_spawned":[7,8],"killed_by":"Exordium Wildlife","ascension_level":3}