{"gold_per_floor":[110,128,147,166,20,20,45,45,70,100,100,117,127,142,142,239,239,258,258,258,274,274,274,290,310,310,310],"floor_reached":27,"playtime":1075,"items_purged":["Calculated Gamble"],"score":217,"play_id":"51a6ed84-b77b-447f-b324-e0c132872ea5","local_time":"20180716182452","daily_mods":["Draft"],"is_ascension_mode":false,"campfire_choices":[{"floor":6,"key":"REST"},{"floor":8,"key":"REST"},{"floor":11,"key":"REST"},{"data":"Die Die Die","floor":15,"key":"SMITH"},{"floor":23,"key":"REST"}],"neow_cost":"","seed_source_timestamp":0,"circlet_count":0,"master_deck":["Acrobatics","Poisoned Stab","Bane","Backflip","Flying Knee","Backflip","Quick Slash","Poisoned Stab","Deadly Poison","Bouncing Flask","Deadly Poison","Skewer","Die Die Die+1","Dash","Infinite Blades","Corpse Explosion","Outmaneuver+1","Decay","Bane"],"special_seed":17728,"relics":["Ring of the Snake","Centennial Puzzle","Bag of Preparation","Tiny Chest","Empty Cage","Toxic Egg 2","Orichalcum","Shovel"],"potions_floor_usage":[7],"damage_taken":[{"damage":6,"enemies":"Jaw Worm","floor":1,"turns":2},{"damage":7,"enemies":"Small Slimes","floor":2,"turns":3},{"damage":0,"enemies":"Cultist","floor":3,"turns":2},{"damage":11,"enemies":"Red Slaver","floor":4,"turns":3},{"damage":19,"enemies":"3 Sentries","floor":7,"turns":4},{"damage":11,"enemies":"Exordium Wildlife","floor":12,"turns":3},{"damage":0,"enemies":"3 Louse","floor":13,"turns":3},{"damage":12,"enemies":"Blue Slaver","floor":14,"turns":2},{"damage":40,"enemies":"Slime Boss","floor":16,"turns":9},{"damage":28,"enemies":"3 Byrds","floor":18,"turns":4},{"damage":14,"enemies":"2 Thieves","floor":21,"turns":2},{"damage":9,"enemies":"Chosen and Byrds","floor":24,"turns":4},{"damage":12,"enemies":"Centurion and Healer","floor":25,"turns":3},{"damage":30,"enemies":"Sentry and Sphere","floor":27,"turns":4}],"seed_played":"2915703808385877521","potions_obtained":[{"floor":1,"key":"Explosive Potion"},{"floor":3,"key":"Explosive Potion"},{"floor":4,"key":"Regen Potion"},{"floor":7,"key":"EssenceOfSteel"}],"is_trial":true,"path_per_floor":["M","M","M","M","$","R","E","R","T","?","R","M","M","M","R","B",null,"M","T","T","M","?","R","M","M","T"],"character_chosen":"THE_SILENT","items_purchased":["Dash"],"campfire_rested":4,"item_purchase_floors":[5],"current_hp_per_floor":[64,57,57,46,46,67,48,69,69,57,70,59,59,47,47,7,70,42,42,42,28,28,49,40,28,28,0],"gold":310,"neow_bonus":"","is_prod":false,"is_daily":false,"chose_seed":false,"campfire_upgraded":1,"win_rate":0,"timestamp":1531779892,"path_taken":["M","M","M","M","$","R","E","R","T","?","R","M","?","M","R","BOSS","M","?","?","M","?","R","M","M","T","M"],"build_version":"2018-07-12","purchased_purges":1,"victory":false,"max_hp_per_floor":[70,70,70,70,70,70,70,70,70,70,70,70,70,70,70,70,70,70,70,70,70,70,70,70,70,70,70],"card_choices":[{"not_picked":["Choke","Predator"],"picked":"Acrobatics","floor":0},{"not_picked":["Blade Dance","Eviscerate"],"picked":"Quick Slash","floor":0},{"not_picked":["Dagger Spray","Footwork"],"picked":"Poisoned Stab","floor":0},{"not_picked":["Deflect","Dagger Spray"],"picked":"Bane","floor":0},{"not_picked":["Outmaneuver","Sucker Punch"],"picked":"Backflip","floor":0},{"not_picked":["Accuracy","Reflex"],"picked":"Flying Knee","floor":0},{"not_picked":["Prepared","Sucker Punch"],"picked":"Backflip","floor":0},{"not_picked":["Calculated Gamble","Deflect"],"picked":"Quick Slash","floor":0},{"not_picked":["Slice","Deflect"],"picked":"Poisoned Stab","floor":0},{"not_picked":["Blade Dance","Escape Plan"],"picked":"Quick Slash","floor":0},{"not_picked":["Deflect","Outmaneuver"],"picked":"Deadly Poison","floor":0},{"not_picked":["Catalyst","PiercingWail"],"picked":"Bouncing Flask","floor":0},{"not_picked":["Dagger Spray","Finisher"],"picked":"Calculated Gamble","floor":0},{"not_picked":["Outmaneuver","Predator"],"picked":"Deadly Poison","floor":0},{"not_picked":["Slice","Masterful Stab"],"picked":"Skewer","floor":0},{"not_picked":["Dagger Spray","Acrobatics","Sucker Punch"],"picked":"SKIP","floor":1},{"not_picked":["Sucker Punch","Deflect","Quick Slash"],"picked":"SKIP","floor":2},{"not_picked":["Poisoned Stab","PiercingWail"],"picked":"Die Die Die","floor":3},{"not_picked":["Deflect","Quick Slash","Prepared"],"picked":"SKIP","floor":4},{"not_picked":["Flying Knee","Deflect"],"picked":"Infinite Blades","floor":7},{"not_picked":["All Out Attack","Acrobatics","Noxious Fumes"],"picked":"SKIP","floor":12},{"not_picked":["PiercingWail","Quick Slash","Finisher"],"picked":"SKIP","floor":13},{"not_picked":["Dagger Spray","Riddle With Holes","Eviscerate"],"picked":"SKIP","floor":14},{"not_picked":["A Thousand Cuts","After Image"],"picked":"Corpse Explosion","floor":16},{"not_picked":["Bane+1","Cloak And Dagger"],"picked":"Outmaneuver+1","floor":18},{"not_picked":["A Thousand Cuts","Concentrate+1","Cloak And Dagger+1"],"picked":"SKIP","floor":21},{"not_picked":["Concentrate+1","Calculated Gamble+1"],"picked":"Bane","floor":24},{"not_picked":["Sucker Punch","Terror+1","Underhanded Strike"],"picked":"SKIP","floor":25}],"player_experience":258561,"relics_obtained":[{"floor":7,"key":"Centennial Puzzle"},{"floor":9,"key":"Bag of Preparation"},{"floor":19,"key":"Toxic Egg 2"},{"floor":20,"key":"Orichalcum"},{"floor":26,"key":"Shovel"}],"event_choices":[{"event_name":"Scrap Ooze","player_choice":"success","floor":10,"damage_taken":12},{"event_name":"Forgotten Altar","player_choice":"Smashed Altar","floor":22,"damage_taken":0}],"boss_relics":[{"not_picked":["Orrery","Coffee Dripper"],"picked":"Empty Cage"}],"items_purged_floors":[5],"is_endless":false,"potions_floor_spawned":[1,3,4,7,18,24,25],"killed_by":"Sentry and Sphere","ascension_level":0}