{"gold_per_floor":[115,135,210,225,225,225,237,256,256,270,303,316,316,327,327,327],"floor_reached":16,"playtime":721,"items_purged":[],"score":106,"play_id":"46330e9d-0df1-44c8-a347-39c64ed14abf","local_time":"20180624150600","is_ascension_mode":false,"campfire_choices":[{"floor":6,"key":"REST"},{"floor":13,"key":"REST"},{"floor":15,"key":"REST"}],"neow_cost":"NONE","seed_source_timestamp":200616146720135,"circlet_count":0,"master_deck":["Strike_B","Strike_B","Strike_B","Strike_B","Defend_B","Defend_B","Defend_B","Defend_B","Zap","Dualcast","Compile Driver","Conserve Battery","Melter","Streamline","Creative AI"],"special_seed":17706,"relics":["Cracked Core","Potion Belt","Lantern","Bag of Preparation","Dodecahedron"],"potions_floor_usage":[7,12,16,16,16],"damage_taken":[{"damage":2,"enemies":"2 Louse","floor":1,"turns":3},{"damage":3,"enemies":"Jaw Worm","floor":2,"turns":3},{"damage":0,"enemies":"Small Slimes","floor":4,"turns":2},{"damage":0,"enemies":"Gremlin Gang","floor":7,"turns":4},{"damage":3,"enemies":"3 Louse","floor":8,"turns":4},{"damage":5,"enemies":"Looter","floor":10,"turns":3},{"damage":22,"enemies":"3 Sentries","floor":11,"turns":6},{"damage":10,"enemies":"Exordium Thugs","floor":12,"turns":3},{"damage":14,"enemies":"Red Slaver","floor":14,"turns":4},{"damage":39,"enemies":"Hexaghost","floor":16,"turns":9}],"seed_played":"325545440399630405","potions_obtained":[{"floor":1,"key":"Explosive Potion"},{"floor":2,"key":"Fire Potion"},{"floor":8,"key":"FocusPotion"},{"floor":11,"key":"Block Potion"},{"floor":14,"key":"Ancient Potion"}],"is_trial":false,"path_per_floor":["M","M","?","M","?","R","M","M","T","M","E","M","R","M","R"],"character_chosen":"DEFECT","items_purchased":[],"campfire_rested":3,"item_purchase_floors":[],"current_hp_per_floor":[73,70,59,59,26,48,48,45,45,40,18,8,30,16,38,0],"gold":327,"neow_bonus":"RANDOM_COMMON_RELIC","is_prod":false,"is_daily":false,"chose_seed":false,"campfire_upgraded":0,"win_rate":0.0,"timestamp":1529867160,"path_taken":["M","M","?","?","?","R","M","?","T","M","E","M","R","M","R","BOSS"],"build_version":"2018-06-21v2","purchased_purges":0,"victory":false,"max_hp_per_floor":[75,75,75,75,75,75,75,75,75,75,75,75,75,75,75,75],"card_choices":[{"not_picked":["Doom and Gloom","Loop"],"picked":"Compile Driver","floor":1},{"not_picked":["Gash","Compile Driver"],"picked":"Conserve Battery","floor":2},{"not_picked":["FTL","Coolheaded","Hello World"],"picked":"SKIP","floor":4},{"not_picked":["Reprogram","Cold Snap"],"picked":"Melter","floor":7},{"not_picked":["Rip and Tear","Fusion"],"picked":"Streamline","floor":8},{"not_picked":["Reprogram","Force Field","Compile Driver"],"picked":"SKIP","floor":10},{"not_picked":["Compile Driver","Auto Shields"],"picked":"Creative AI","floor":11},{"not_picked":["Coolheaded","Go for the Eyes","Streamline"],"picked":"SKIP","floor":12},{"not_picked":["Chaos","Cold Snap","Redo"],"picked":"SKIP","floor":14}],"player_experience":170204,"relics_obtained":[{"floor":9,"key":"Bag of Preparation"},{"floor":11,"key":"Dodecahedron"}],"event_choices":[{"event_name":"World of Goop","player_choice":"Gather Gold","floor":3,"damage_taken":0},{"event_name":"Scrap Ooze","player_choice":"success","floor":5,"damage_taken":33}],"boss_relics":[],"items_purged_floors":[],"is_endless":false,"potions_floor_spawned":[1,2,8,11,14],"killed_by":"Hexaghost","ascension_level":0}