{"gold_per_floor":[114,74,93,113,127,154,154,183,209,209,225,225,235,248,248,319,319,319,319,319,319,319,319,319,244,244,244,244,244,32,32,32,32,32,32,32,32,32,32,32,32,32,32,32,32,32,32,32,32,32],"floor_reached":51,"playtime":4221,"items_purged":["Strike_B"],"score":1203,"play_id":"26224eea-8552-4079-805c-1568efe107bd","local_time":"20190417134126","is_ascension_mode":true,"campfire_choices":[{"floor":7.0,"key":"REST"},{"data":"Defragment","floor":10.0,"key":"SMITH"},{"data":"Coolheaded","floor":12.0,"key":"SMITH"},{"data":"Dualcast","floor":15.0,"key":"SMITH"},{"data":"Fission","floor":23.0,"key":"SMITH"},{"floor":27.0,"key":"REST"},{"data":"Go for the Eyes","floor":29.0,"key":"SMITH"},{"data":"Consume","floor":32.0,"key":"SMITH"},{"floor":40,"key":"REST"},{"floor":44,"key":"REST"},{"floor":49,"key":"REST"}],"neow_cost":"NONE","seed_source_timestamp":10101587269070,"circlet_count":0,"master_deck":["AscendersBane","Strike_B","Defend_B","Defend_B+1","Zap","Dualcast+1","Coolheaded+1","Cold Snap","Defragment+1","Chill+1","Capacitor","Ball Lightning","Go for the Eyes+1","Fission+1","Compile Driver","Barrage","Leap+1","Consume+1","Core Surge","Coolheaded+1","Leap+1","Hologram+1","Machine Learning"],"special_seed":0,"relics":["Cracked Core","NeowsBlessing","Blue Candle","Blood Vial","War Paint","Ectoplasm","Bag of Preparation","Sundial","Oddly Smooth Stone","Empty Cage","FossilizedHelix","Darkstone Periapt"],"potions_floor_usage":[35,50],"damage_taken":[{"damage":0.0,"enemies":"2 Louse","floor":1.0,"turns":1.0},{"damage":0.0,"enemies":"Cultist","floor":3.0,"turns":1.0},{"damage":0.0,"enemies":"Small Slimes","floor":4.0,"turns":1.0},{"damage":8.0,"enemies":"Looter","floor":5.0,"turns":4.0},{"damage":42.0,"enemies":"Gremlin Nob","floor":6.0,"turns":6.0},{"damage":6.0,"enemies":"3 Sentries","floor":8.0,"turns":14.0},{"damage":2.0,"enemies":"Red Slaver","floor":11.0,"turns":5.0},{"damage":0.0,"enemies":"Gremlin Gang","floor":13.0,"turns":6.0},{"damage":0.0,"enemies":"Exordium Wildlife","floor":14.0,"turns":4.0},{"damage":5.0,"enemies":"Slime Boss","floor":16.0,"turns":10.0},{"damage":12.0,"enemies":"Shell Parasite","floor":18.0,"turns":7.0},{"damage":6.0,"enemies":"3 Byrds","floor":19.0,"turns":6.0},{"damage":0.0,"enemies":"Snecko","floor":20.0,"turns":6.0},{"damage":7.0,"enemies":"Sentry and Sphere","floor":21.0,"turns":7.0},{"damage":4.0,"enemies":"Centurion and Healer","floor":22.0,"turns":8.0},{"damage":34.0,"enemies":"Slavers","floor":24.0,"turns":8.0},{"damage":0.0,"enemies":"3 Cultists","floor":31.0,"turns":5.0},{"damage":43.0,"enemies":"Collector","floor":33.0,"turns":18.0},{"damage":26,"enemies":"3 Darklings","floor":35,"turns":6},{"damage":4,"enemies":"Orb Walker","floor":36,"turns":4},{"damage":0,"enemies":"3 Darklings","floor":37,"turns":6},{"damage":0,"enemies":"Maw","floor":39,"turns":9},{"damage":0,"enemies":"4 Shapes","floor":41,"turns":9},{"damage":39,"enemies":"2 Orb Walkers","floor":42,"turns":6},{"damage":0,"enemies":"Jaw Worm Horde","floor":48,"turns":6},{"damage":3,"enemies":"Time Eater","floor":50,"turns":17}],"seed_played":"-7331262136076050636","potions_obtained":[{"floor":2.0,"key":"Block Potion"},{"floor":2.0,"key":"EntropicBrew"},{"floor":8.0,"key":"Block Potion"},{"floor":19.0,"key":"FocusPotion"},{"floor":33.0,"key":"Swift Potion"},{"floor":36,"key":"FairyPotion"},{"floor":42,"key":"Poison Potion"}],"is_trial":false,"path_per_floor":["M","?","M","M","M","E","R","E","T","R","M","R","M","M","R","B",null,"M","M","M","M","M","R","E","?","T","R","?","R","$","M","R","B",null,"M","M","M","?","M","R","M","?","T","R","$","?","$","M","R","B",null],"character_chosen":"DEFECT","items_purchased":["Block Potion","Regen Potion"],"campfire_rested":5,"item_purchase_floors":[30,30],"current_hp_per_floor":[64,64,64,64,56,14,35,29,29,29,29,29,31,33,33,30,61,51,47,49,44,42,42,10,10,10,31,31,31,31,47,47,6,55,31,29,31,31,33,53,55,18,18,38,38,38,38,40,60,59],"gold":32,"neow_bonus":"THREE_ENEMY_KILL","is_prod":false,"is_daily":false,"chose_seed":false,"campfire_upgraded":6,"win_rate":0,"timestamp":1555476086,"path_taken":["M","?","M","?","M","E","R","E","T","R","M","R","M","M","R","BOSS","M","M","M","M","M","R","E","?","T","R","?","R","$","?","R","BOSS","M","M","?","?","M","R","M","?","T","R","$","?","?","M","R","BOSS"],"build_version":"2019-01-23","purchased_purges":1,"victory":true,"max_hp_per_floor":[71,71,71,71,71,71,71,71,71,71,71,71,71,71,71,71,71,71,71,71,71,71,71,71,71,71,71,71,71,71,71,71,71,71,71,71,71,67,67,67,67,67,67,67,67,67,67,67,67,67],"card_choices":[{"not_picked":["Redo","Double Energy","Streamline"],"picked":"SKIP","floor":1.0},{"not_picked":["Cold Snap","Beam Cell"],"picked":"Coolheaded","floor":3.0},{"not_picked":["Barrage","Compile Driver"],"picked":"Cold Snap","floor":4.0},{"not_picked":["Compile Driver","Sweeping Beam"],"picked":"Defragment","floor":5.0},{"not_picked":["Redo","Rebound"],"picked":"Chill","floor":6.0},{"not_picked":["Hyperbeam","Blizzard"],"picked":"Capacitor","floor":8.0},{"not_picked":["Doom and Gloom","Undo"],"picked":"Ball Lightning","floor":11.0},{"not_picked":["Rebound","Beam Cell"],"picked":"Go for the Eyes","floor":13.0},{"not_picked":["Sweeping Beam","Ball Lightning"],"picked":"Conserve Battery","floor":14.0},{"not_picked":["Hyperbeam","All For One"],"picked":"Fission","floor":16.0},{"not_picked":["Stack","Fusion","FTL"],"picked":"SKIP","floor":18.0},{"not_picked":["Gash","Sweeping Beam+1","Conserve Battery"],"picked":"SKIP","floor":19.0},{"not_picked":["Streamline","Cold Snap","Conserve Battery"],"picked":"SKIP","floor":20.0},{"not_picked":["Leap","Gash"],"picked":"Compile Driver","floor":21.0},{"not_picked":["Darkness","Stack+1"],"picked":"Barrage","floor":22.0},{"not_picked":["Scrape","Biased Cognition"],"picked":"Leap+1","floor":24.0},{"not_picked":["Rebound","Double Energy"],"picked":"Consume","floor":31.0},{"not_picked":["Biased Cognition","Thunder Strike"],"picked":"Core Surge","floor":33.0},{"not_picked":["Sweeping Beam+1","Leap","Beam Cell+1"],"picked":"SKIP","floor":35},{"not_picked":["Turbo+1","Go for the Eyes"],"picked":"Coolheaded+1","floor":36},{"not_picked":["Sunder+1","BootSequence+1"],"picked":"Leap+1","floor":37},{"not_picked":["Streamline","Rebound"],"picked":"Hologram+1","floor":39},{"not_picked":["Turbo","Redo","Cold Snap"],"picked":"SKIP","floor":41},{"not_picked":["Go for the Eyes","Static Discharge"],"picked":"Machine Learning","floor":42},{"not_picked":["Sweeping Beam","Steam+1","Go for the Eyes"],"picked":"SKIP","floor":48}],"player_experience":604215,"relics_obtained":[{"floor":6.0,"key":"Blue Candle"},{"floor":8.0,"key":"Blood Vial"},{"floor":9.0,"key":"War Paint"},{"floor":24.0,"key":"Bag of Preparation"},{"floor":26.0,"key":"Sundial"},{"floor":42,"key":"FossilizedHelix"},{"floor":43,"key":"Darkstone Periapt"}],"event_choices":[{"damage_healed":0.0,"max_hp_gain":0.0,"max_hp_loss":0.0,"gold_gain":0.0,"event_name":"The Woman in Blue","player_choice":"Bought 3 Potions","floor":2.0,"gold_loss":0.0,"damage_taken":0.0},{"cards_removed":["Strike_B"],"damage_healed":0.0,"max_hp_gain":0.0,"max_hp_loss":0.0,"gold_gain":0.0,"event_name":"Beggar","player_choice":"Gave Gold","floor":25.0,"gold_loss":75.0,"damage_taken":0.0},{"cards_removed":["Conserve Battery"],"damage_healed":0.0,"max_hp_gain":0.0,"max_hp_loss":0.0,"gold_gain":0.0,"event_name":"WeMeetAgain","player_choice":"Gave Card","floor":28.0,"gold_loss":0.0,"damage_taken":0.0,"relics_obtained":["Oddly Smooth Stone"]},{"damage_healed":0,"gold_gain":0,"player_choice":"Max HP","damage_taken":0,"max_hp_gain":0,"max_hp_loss":4,"event_name":"Winding Halls","floor":38,"gold_loss":0},{"damage_healed":0,"gold_gain":0,"player_choice":"Fight","damage_taken":0,"max_hp_gain":0,"max_hp_loss":0,"event_name":"Mysterious Sphere","floor":42,"gold_loss":0},{"cards_removed":["Defend_B"],"damage_healed":0,"gold_gain":0,"player_choice":"Removed Skill","damage_taken":0,"max_hp_gain":0,"max_hp_loss":0,"event_name":"Falling","floor":46,"gold_loss":0}],"is_beta":false,"boss_relics":[{"not_picked":["Velvet Choker","White Beast Statue"],"picked":"Ectoplasm"},{"not_picked":["Philosopher\u0027s Stone","Pandora\u0027s Box"],"picked":"Empty Cage"}],"items_purged_floors":[30],"is_endless":false,"potions_floor_spawned":[5,8,13,16,19,20,21,33,36,39,41,42],"ascension_level":18}