{"gold_per_floor":[118,138,138,138,138,138,171,184,236,251,278,278,291,291,291,391,391,405,415,515,534,233,233,246,265,265,298,311,311,323,323,323,420,470,487,587,587,587,601,629,642,225,225,243,259,259,276,286,286,286],"floor_reached":51,"playtime":3408,"items_purged":["Writhe"],"score":763,"play_id":"6acdd4b4-957d-466c-b435-c83330495105","local_time":"20190314203836","is_ascension_mode":false,"campfire_choices":[{"data":"Cloak And Dagger","floor":6,"key":"SMITH"},{"data":"Infinite Blades","floor":12,"key":"SMITH"},{"data":"Infinite Blades","floor":15,"key":"SMITH"},{"floor":23,"key":"REST"},{"data":"Corpse Explosion","floor":29,"key":"SMITH"},{"floor":32,"key":"REST"},{"floor":49,"key":"REST"}],"neow_cost":"NONE","seed_source_timestamp":85154685933366,"circlet_count":0,"master_deck":["Defend_G","Defend_G","Defend_G+1","Defend_G","Strike_G","Strike_G+1","Survivor","Neutralize","Blade Dance+1","Cloak And Dagger+1","Poisoned Stab+1","Blade Dance","Infinite Blades+1","Infinite Blades+1","Corpse Explosion+1","Calculated Gamble+1","Backflip+1","Catalyst+1","Poisoned Stab","Blade Dance","Bane","Blade Dance+1","Cloak And Dagger+1","Deadly Poison","Bouncing Flask","After Image","Bandage Up","Catalyst","Deadly Poison+1","Enlightenment","Accuracy+1","Bouncing Flask+1","Crippling Poison"],"relics":["Ring of the Snake","Orichalcum","StoneCalendar","Letter Opener","Whetstone","Meat on the Bone","Astrolabe","Happy Flower","Lantern","Pear","Boot","Blue Candle","Tiny House","Thread and Needle","Ornamental Fan","Frozen Egg 2","Molten Egg 2"],"potions_floor_usage":[11,11,16,21,28,35,36,36,40,40,41,50],"damage_taken":[{"damage":4,"enemies":"Jaw Worm","floor":1,"turns":5},{"damage":2,"enemies":"Cultist","floor":2,"turns":4},{"damage":15,"enemies":"Gremlin Nob","floor":7,"turns":5},{"damage":0,"enemies":"Small Slimes","floor":8,"turns":3},{"damage":7,"enemies":"Red Slaver","floor":10,"turns":2},{"damage":7,"enemies":"3 Sentries","floor":11,"turns":4},{"damage":1,"enemies":"2 Fungi Beasts","floor":13,"turns":3},{"damage":33,"enemies":"The Guardian","floor":16,"turns":10},{"damage":16,"enemies":"Shell Parasite","floor":18,"turns":4},{"damage":11,"enemies":"3 Byrds","floor":19,"turns":4},{"damage":16,"enemies":"3 Cultists","floor":21,"turns":4},{"damage":26,"enemies":"Snecko","floor":24,"turns":6},{"damage":26,"enemies":"Centurion and Healer","floor":25,"turns":5},{"damage":13,"enemies":"Gremlin Leader","floor":27,"turns":5},{"damage":14,"enemies":"Cultist and Chosen","floor":28,"turns":5},{"damage":4,"enemies":"Chosen and Byrds","floor":30,"turns":3},{"damage":37,"enemies":"Champ","floor":33,"turns":7},{"damage":17,"enemies":"3 Darklings","floor":35,"turns":5},{"damage":8,"enemies":"Mind Bloom Boss Battle","floor":36,"turns":5},{"damage":12,"enemies":"Orb Walker","floor":39,"turns":4},{"damage":23,"enemies":"Giant Head","floor":40,"turns":7},{"damage":1,"enemies":"3 Darklings","floor":41,"turns":2},{"damage":4,"enemies":"Jaw Worm Horde","floor":44,"turns":3},{"damage":4,"enemies":"4 Shapes","floor":45,"turns":4},{"damage":16,"enemies":"Spire Growth","floor":47,"turns":4},{"damage":30,"enemies":"3 Darklings","floor":48,"turns":4},{"damage":30,"enemies":"Donu and Deca","floor":50,"turns":6}],"seed_played":"-7986268969964672417","potions_obtained":[{"floor":1,"key":"Explosive Potion"},{"floor":7,"key":"Regen Potion"},{"floor":11,"key":"GamblersBrew"},{"floor":13,"key":"Explosive Potion"},{"floor":18,"key":"SkillPotion"},{"floor":28,"key":"Poison Potion"},{"floor":30,"key":"Fire Potion"},{"floor":33,"key":"Weak Potion"},{"floor":35,"key":"Block Potion"},{"floor":36,"key":"Energy Potion"},{"floor":39,"key":"PowerPotion"},{"floor":44,"key":"Energy Potion"},{"floor":48,"key":"PowerPotion"}],"is_trial":false,"path_per_floor":["M","M","?","$","T","R","E","M","T","M","E","R","M","$","R","B",null,"M","M","?","M","$","R","M","M","T","E","M","R","M","?","R","B",null,"M","?","?","?","M","E","M","$","T","M","M","?","M","M","R","B",null],"character_chosen":"THE_SILENT","items_purchased":["Happy Flower","Lantern","Frozen Egg 2","Enlightenment"],"campfire_rested":3,"item_purchase_floors":[22,22,42,42],"current_hp_per_floor":[66,64,64,64,64,64,49,49,49,42,44,44,43,43,43,22,70,54,43,43,39,39,60,46,32,42,41,39,39,47,47,71,46,85,68,60,60,60,48,41,52,52,52,48,48,48,48,34,59,45],"gold":286,"neow_bonus":"RANDOM_COMMON_RELIC","is_prod":false,"is_daily":false,"chose_seed":false,"campfire_upgraded":4,"win_rate":0.0,"timestamp":1552610316,"path_taken":["M","M","?","$","?","R","E","M","T","?","E","R","M","?","R","BOSS","M","M","?","M","$","R","?","M","T","E","M","R","M","?","R","BOSS","M","?","?","?","M","E","M","$","T","M","M","?","?","M","R","BOSS"],"build_version":"2019-01-23","purchased_purges":1,"victory":true,"max_hp_per_floor":[70,70,70,70,70,70,70,70,70,70,70,70,70,70,70,70,70,70,70,70,70,70,70,70,70,80,80,80,80,80,80,80,80,85,85,85,85,85,85,85,85,85,85,85,85,85,85,85,85,85],"card_choices":[{"not_picked":["Riddle With Holes","Caltrops"],"picked":"Blade Dance","floor":1},{"not_picked":["Blade Dance","Bane"],"picked":"Cloak And Dagger","floor":2},{"not_picked":["Quick Slash","Deflect"],"picked":"Poisoned Stab","floor":7},{"not_picked":["Backflip","Quick Slash"],"picked":"Blade Dance","floor":8},{"not_picked":["Bane","Choke"],"picked":"Infinite Blades","floor":10},{"not_picked":["Caltrops","Leg Sweep"],"picked":"Infinite Blades","floor":11},{"not_picked":["Escape Plan","Underhanded Strike","Dash"],"picked":"SKIP","floor":13},{"not_picked":["Malaise","Doppelganger"],"picked":"Corpse Explosion","floor":16},{"not_picked":["Prepared","Dagger Throw"],"picked":"Poisoned Stab","floor":18},{"not_picked":["Underhanded Strike","Blur"],"picked":"Blade Dance","floor":19},{"not_picked":["Slice+1","Unload"],"picked":"Bane","floor":21},{"not_picked":["Outmaneuver","Prepared"],"picked":"Blade Dance+1","floor":24},{"not_picked":["Dagger Throw","Underhanded Strike"],"picked":"Cloak And Dagger+1","floor":25},{"not_picked":["Flying Knee","Bullet Time"],"picked":"Deadly Poison","floor":27},{"not_picked":["Flechettes","Eviscerate"],"picked":"Bouncing Flask","floor":28},{"not_picked":["Dodge and Roll","Prepared","Slice"],"picked":"SKIP","floor":30},{"not_picked":["Malaise","Corpse Explosion"],"picked":"After Image","floor":33},{"not_picked":["Slice","Deflect","Backflip"],"picked":"SKIP","floor":35},{"not_picked":["Good Instincts","Impatience"],"picked":"Bandage Up","floor":37},{"not_picked":["Masterful Stab+1","Deadly Poison"],"picked":"Catalyst","floor":39},{"not_picked":["Phantasmal Killer","Cloak And Dagger","Predator+1"],"picked":"SKIP","floor":40},{"not_picked":["Backflip+1","Deflect+1"],"picked":"Deadly Poison+1","floor":41},{"not_picked":["Acrobatics+1","Backflip+1"],"picked":"Accuracy+1","floor":44},{"not_picked":["Catalyst","Slice+1"],"picked":"Bouncing Flask+1","floor":45},{"not_picked":["PiercingWail","Blade Dance+1"],"picked":"Crippling Poison","floor":47},{"not_picked":["Dagger Spray+1","Bouncing Flask+1","Escape Plan+1"],"picked":"SKIP","floor":48}],"player_experience":143198,"relics_obtained":[{"floor":5,"key":"StoneCalendar"},{"floor":7,"key":"Letter Opener"},{"floor":9,"key":"Whetstone"},{"floor":11,"key":"Meat on the Bone"},{"floor":26,"key":"Pear"},{"floor":27,"key":"Boot"},{"floor":36,"key":"Thread and Needle"},{"floor":40,"key":"Ornamental Fan"},{"floor":43,"key":"Molten Egg 2"}],"event_choices":[{"damage_healed":0,"gold_gain":0,"player_choice":"Upgraded","damage_taken":0,"max_hp_gain":0,"max_hp_loss":0,"event_name":"Upgrade Shrine","floor":3,"gold_loss":0,"cards_upgraded":["Blade Dance"]},{"damage_healed":0,"gold_gain":100,"player_choice":"Pray","damage_taken":0,"max_hp_gain":0,"max_hp_loss":0,"event_name":"Golden Shrine","floor":20,"gold_loss":0},{"damage_healed":0,"gold_gain":0,"player_choice":"Opened","damage_taken":0,"relics_obtained":["Blue Candle"],"max_hp_gain":0,"max_hp_loss":0,"event_name":"The Mausoleum","floor":31,"gold_loss":0,"cards_obtained":["Writhe"]},{"damage_healed":0,"gold_gain":0,"player_choice":"Fight","damage_taken":0,"max_hp_gain":0,"max_hp_loss":0,"event_name":"MindBloom","floor":36,"gold_loss":0},{"damage_healed":0,"gold_gain":0,"player_choice":"Memory 1","damage_taken":0,"max_hp_gain":0,"max_hp_loss":0,"event_name":"SensoryStone","floor":37,"gold_loss":0},{"damage_healed":0,"gold_gain":0,"player_choice":"Ignored","damage_taken":0,"max_hp_gain":0,"max_hp_loss":0,"event_name":"Tomb of Lord Red Mask","floor":38,"gold_loss":0},{"cards_removed":["Defend_G"],"damage_healed":0,"gold_gain":0,"player_choice":"Purged","damage_taken":0,"max_hp_gain":0,"max_hp_loss":0,"event_name":"Purifier","floor":46,"gold_loss":0}],"is_beta":false,"boss_relics":[{"not_picked":["Velvet Choker","Busted Crown"],"picked":"Astrolabe"},{"not_picked":["WristBlade","Calling Bell"],"picked":"Tiny House"}],"items_purged_floors":[42],"is_endless":false,"potions_floor_spawned":[1,7,11,13,18,28,30,33,35,36,39,44,48],"ascension_level":0}