{"gold_per_floor":[10,28,78,89,106,133,113],"floor_reached":7,"playtime":364,"items_purged":[],"score":106,"play_id":"d00a77ad-50e4-4ab6-aec9-017cce6aedbf","local_time":"20190412180940","is_ascension_mode":true,"campfire_choices":[],"neow_cost":"NO_GOLD","seed_source_timestamp":225342245569435,"circlet_count":0,"master_deck":["AscendersBane","Strike_R","Strike_R","Strike_R","Strike_R","Strike_R","Defend_R","Defend_R","Defend_R","Defend_R","Bash","Juggernaut","Pommel Strike","Feel No Pain","Clothesline","True Grit","Ghostly Armor"],"relics":["Burning Blood","Frozen Egg 2"],"potions_floor_usage":[],"damage_taken":[{"damage":10,"enemies":"Small Slimes","floor":1,"turns":5},{"damage":6,"enemies":"Cultist","floor":2,"turns":3},{"damage":8,"enemies":"2 Louse","floor":4,"turns":4},{"damage":24,"enemies":"Large Slime","floor":5,"turns":8},{"damage":41,"enemies":"Gremlin Nob","floor":6,"turns":5},{"damage":9,"enemies":"Exordium Thugs","floor":7,"turns":1}],"seed_played":"1675428191964689063","potions_obtained":[{"floor":1,"key":"BloodPotion"},{"floor":2,"key":"Strength Potion"}],"is_trial":false,"path_per_floor":["M","M","?","M","M","E","M"],"character_chosen":"IRONCLAD","items_purchased":[],"campfire_rested":0,"item_purchase_floors":[],"current_hp_per_floor":[64,64,64,62,44,9,0],"gold":113,"neow_bonus":"THREE_RARE_CARDS","is_prod":false,"is_daily":false,"chose_seed":false,"campfire_upgraded":0,"win_rate":0,"timestamp":1555117780,"path_taken":["M","M","?","M","M","E","?"],"build_version":"2019-01-23","purchased_purges":0,"victory":false,"max_hp_per_floor":[75,75,75,75,75,75,75],"card_choices":[{"not_picked":["Dark Embrace","Fiend Fire"],"picked":"Juggernaut","floor":0},{"not_picked":["Entrench","Inflame"],"picked":"Pommel Strike","floor":1},{"not_picked":["Thunderclap","Wild Strike"],"picked":"Feel No Pain","floor":2},{"not_picked":["Perfected Strike","Armaments"],"picked":"Clothesline","floor":4},{"not_picked":["Sentinel","Perfected Strike"],"picked":"True Grit","floor":5},{"not_picked":["Fire Breathing","Infernal Blade"],"picked":"Ghostly Armor","floor":6}],"player_experience":664459,"relics_obtained":[{"floor":6,"key":"Frozen Egg 2"}],"event_choices":[{"damage_healed":0,"gold_gain":50,"player_choice":"Pray","damage_taken":0,"max_hp_gain":0,"max_hp_loss":0,"event_name":"Golden Shrine","floor":3,"gold_loss":0}],"is_beta":false,"boss_relics":[],"items_purged_floors":[],"is_endless":false,"potions_floor_spawned":[1,2,6],"killed_by":"Exordium Thugs","ascension_level":20}