{"gold_per_floor":[11,25,25,25,41,41,56,6,6,24,44,44,44,55,55,155,155,173,173,186,205,220,220,233,249,320,395,29,29],"floor_reached":29,"playtime":2726,"items_purged":["Defend_B"],"score":221,"play_id":"0b317fcb-12e7-4d64-a816-44c6ecdcafc1","local_time":"20180707152719","is_ascension_mode":false,"campfire_choices":[{"data":"Seek","floor":6,"key":"SMITH"},{"floor":12,"key":"REST"},{"data":"Zap","floor":15,"key":"SMITH"},{"floor":23,"key":"REST"}],"neow_cost":"NO_GOLD","seed_source_timestamp":0,"circlet_count":0,"master_deck":["Defend_B","Defend_B","Defend_B","Zap+1","Dualcast","Steam","Skim","Lockon","Ball Lightning","Seek+1","Capacitor","Conserve Battery","Consume+1","Leap","Leap+1","Capacitor+1","Defragment"],"special_seed":17719,"relics":["Cracked Core","Ornamental Fan","Incense Burner","Inserter","Letter Opener","Matryoshka"],"potions_floor_usage":[18,21,29,29],"damage_taken":[{"damage":3,"enemies":"Jaw Worm","floor":1,"turns":4},{"damage":3,"enemies":"Small Slimes","floor":2,"turns":3},{"damage":8,"enemies":"2 Louse","floor":5,"turns":2},{"damage":6,"enemies":"Blue Slaver","floor":7,"turns":3},{"damage":4,"enemies":"2 Fungi Beasts","floor":10,"turns":3},{"damage":0,"enemies":"Looter","floor":11,"turns":3},{"damage":0,"enemies":"Large Slime","floor":14,"turns":6},{"damage":11,"enemies":"Slime Boss","floor":16,"turns":9},{"damage":8,"enemies":"2 Thieves","floor":18,"turns":4},{"damage":12,"enemies":"Spheric Guardian","floor":20,"turns":6},{"damage":29,"enemies":"Snake Plant","floor":21,"turns":3},{"damage":2,"enemies":"Chosen and Byrds","floor":22,"turns":4},{"damage":20,"enemies":"Sentry and Sphere","floor":24,"turns":5},{"damage":1,"enemies":"Snecko","floor":25,"turns":4},{"damage":17,"enemies":"Chosen and Byrds","floor":29,"turns":4}],"seed_played":"-5610983590349585426","potions_obtained":[{"floor":5,"key":"FocusPotion"},{"floor":10,"key":"Fire Potion"},{"floor":11,"key":"Explosive Potion"},{"floor":21,"key":"LiquidBronze"},{"floor":25,"key":"Fire Potion"}],"is_trial":false,"path_per_floor":["M","M","?","?","M","R","M","?","T","M","M","R","$","M","R","B",null,"M","?","M","M","M","R","M","M","T","?","$"],"character_chosen":"DEFECT","items_purchased":["Matryoshka","Defragment"],"campfire_rested":2,"item_purchase_floors":[28,28],"current_hp_per_floor":[72,69,69,57,49,49,43,43,43,39,39,61,61,61,61,50,75,67,60,48,19,17,39,19,18,18,11,11,0],"gold":29,"neow_bonus":"TRANSFORM_TWO_CARDS","is_prod":false,"is_daily":false,"chose_seed":false,"campfire_upgraded":2,"win_rate":0.0,"timestamp":1530991639,"path_taken":["M","M","?","?","M","R","M","?","T","?","M","R","$","M","R","BOSS","M","?","?","M","M","R","M","M","T","?","$","?"],"build_version":"2018-07-05","purchased_purges":1,"victory":false,"max_hp_per_floor":[75,75,75,75,75,75,75,75,75,75,75,75,75,75,75,75,75,75,75,75,75,75,75,75,75,75,75,75,75],"card_choices":[{"not_picked":["Go for the Eyes","Cold Snap"],"picked":"Lockon","floor":1},{"not_picked":["Static Discharge","Gash"],"picked":"Ball Lightning","floor":2},{"not_picked":["Glacier","Gash"],"picked":"Seek","floor":5},{"not_picked":["Auto Shields","Chill"],"picked":"Capacitor","floor":7},{"not_picked":["Gash","Cold Snap","Coolheaded"],"picked":"SKIP","floor":10},{"not_picked":["Redo","Sweeping Beam"],"picked":"Conserve Battery","floor":11},{"not_picked":["Storm","Gash","Barrage"],"picked":"SKIP","floor":14},{"not_picked":["Turbo","Hologram","Recycle"],"picked":"SKIP","floor":18},{"not_picked":["Compile Driver","Self Repair"],"picked":"Consume+1","floor":20},{"not_picked":["Steam","Storm+1","Gash"],"picked":"SKIP","floor":21},{"not_picked":["Hyperbeam","Redo"],"picked":"Leap","floor":22},{"not_picked":["Loop","Scrape"],"picked":"Leap+1","floor":24},{"not_picked":["Doom and Gloom","Compile Driver"],"picked":"Capacitor+1","floor":25}],"player_experience":202799,"relics_obtained":[{"floor":9,"key":"Incense Burner"},{"floor":26,"key":"Letter Opener"}],"event_choices":[{"event_name":"Living Wall","player_choice":"Forget","floor":3,"damage_taken":0},{"event_name":"Scrap Ooze","player_choice":"success","floor":4,"damage_taken":12},{"event_name":"The Cleric","player_choice":"Card Removal","floor":8,"damage_taken":0},{"event_name":"Knowing Skull","player_choice":"","floor":19,"damage_taken":0},{"event_name":"FaceTrader","player_choice":"Touch","floor":27,"damage_taken":0}],"boss_relics":[{"not_picked":["Tiny House","Ectoplasm"],"picked":"Inserter"}],"items_purged_floors":[28],"is_endless":false,"potions_floor_spawned":[5,10,11,21,25],"killed_by":"Chosen and Byrds","ascension_level":0}