{"gold_per_floor":[115,3,3,23,42,42,67,67,93,147,167,182,207,218,218,321,321,341,353,365,89,89],"floor_reached":22,"playtime":963,"items_purged":["Defend_G"],"score":198,"play_id":"a17193e8-7457-4ab0-8769-b493509496d8","local_time":"20190206165751","is_ascension_mode":false,"campfire_choices":[{"data":"Neutralize","floor":6,"key":"SMITH"},{"data":"Endless Agony","floor":8,"key":"SMITH"},{"data":"Finisher","floor":15,"key":"SMITH"}],"neow_cost":"NONE","seed_source_timestamp":363776242985306,"circlet_count":0,"master_deck":["Defend_G","Defend_G","Defend_G","Defend_G+1","Strike_G","Strike_G","Strike_G","Strike_G","Strike_G","Survivor","Neutralize+1","Dash","Finisher+1","Flying Knee","Blade Dance+1","Endless Agony+1","Infinite Blades","Slice","Phantasmal Killer","Accuracy"],"relics":["Eternal Feather","Ancient Tea Set","War Paint","Tiny Chest","Turnip","Lizard Tail","Medical Kit"],"potions_floor_usage":[13],"damage_taken":[{"damage":1,"enemies":"2 Louse","floor":1,"turns":3},{"damage":4,"enemies":"Jaw Worm","floor":4,"turns":4},{"damage":0,"enemies":"Cultist","floor":5,"turns":3},{"damage":18,"enemies":"Gremlin Nob","floor":7,"turns":5},{"damage":0,"enemies":"2 Fungi Beasts","floor":11,"turns":2},{"damage":10,"enemies":"Looter","floor":12,"turns":2},{"damage":20,"enemies":"3 Sentries","floor":13,"turns":6},{"damage":6,"enemies":"3 Louse","floor":14,"turns":2},{"damage":39,"enemies":"Hexaghost","floor":16,"turns":12},{"damage":6,"enemies":"Chosen","floor":18,"turns":4},{"damage":20,"enemies":"Shell Parasite","floor":19,"turns":4},{"damage":58,"enemies":"Cultist and Chosen","floor":20,"turns":7},{"damage":37,"enemies":"Sentry and Sphere","floor":22,"turns":5}],"seed_played":"-7202598881679593955","potions_obtained":[{"floor":1,"key":"Poison Potion"},{"floor":4,"key":"SteroidPotion"},{"floor":5,"key":"Regen Potion"}],"is_trial":false,"path_per_floor":["M","$","?","M","M","R","E","R","T","T","M","M","E","M","R","B",null,"M","M","M","$","M"],"character_chosen":"THE_SILENT","items_purchased":["Finisher","Accuracy","Medical Kit"],"campfire_rested":0,"item_purchase_floors":[2,21,21],"current_hp_per_floor":[69,69,74,70,70,75,57,66,66,66,66,56,48,42,51,12,75,69,49,37,37,0],"gold":89,"neow_bonus":"BOSS_RELIC","is_prod":false,"is_daily":false,"chose_seed":false,"campfire_upgraded":3,"win_rate":0,"timestamp":1549490271,"path_taken":["M","$","?","M","M","R","E","R","T","?","M","M","E","M","R","BOSS","M","?","M","$","M"],"build_version":"2019-01-23","purchased_purges":1,"victory":false,"max_hp_per_floor":[70,70,75,75,75,75,75,75,75,75,75,75,75,75,75,75,75,75,75,75,75,75],"card_choices":[{"not_picked":["Eviscerate","Expertise"],"picked":"Dash","floor":1},{"not_picked":["Backflip","Slice"],"picked":"Flying Knee","floor":4},{"not_picked":["Outmaneuver","Riddle With Holes"],"picked":"Blade Dance","floor":5},{"not_picked":["Caltrops","Underhanded Strike"],"picked":"Endless Agony","floor":7},{"not_picked":["Deflect","Poisoned Stab"],"picked":"Infinite Blades","floor":11},{"not_picked":["Footwork","Acrobatics","Noxious Fumes"],"picked":"SKIP","floor":12},{"not_picked":["Flying Knee","Calculated Gamble","Expertise"],"picked":"SKIP","floor":13},{"not_picked":["Endless Agony","Concentrate"],"picked":"Slice","floor":14},{"not_picked":["Grand Finale","Doppelganger"],"picked":"Phantasmal Killer","floor":16},{"not_picked":["PiercingWail+1","Dash+1","Acrobatics"],"picked":"SKIP","floor":18},{"not_picked":["Riddle With Holes+1","PiercingWail","Setup"],"picked":"SKIP","floor":19},{"not_picked":["Flying Knee","Sucker Punch","Escape Plan"],"picked":"SKIP","floor":20}],"player_experience":350133,"relics_obtained":[{"floor":7,"key":"Ancient Tea Set"},{"floor":9,"key":"War Paint"},{"floor":10,"key":"Tiny Chest"},{"floor":13,"key":"Turnip"}],"event_choices":[{"damage_healed":0,"gold_gain":0,"player_choice":"Donut","damage_taken":0,"max_hp_gain":5,"max_hp_loss":0,"event_name":"Big Fish","floor":3,"gold_loss":0}],"is_beta":false,"boss_relics":[{"not_picked":["Velvet Choker","Calling Bell"],"picked":"Lizard Tail"}],"items_purged_floors":[2],"is_endless":false,"potions_floor_spawned":[1,4,5],"killed_by":"Sentry and Sphere","ascension_level":0}