{"path_per_floor":["M","M","M","$","M","R","M","R","T","E","R","M","E","?","R","B",null,"M","M","$","M","?","R","M","R","T","R","M","$","E","M","R"],"character_chosen":"DEFECT","items_purchased":["Hologram","Static Discharge","Transmutation","Backstab"],"gold_per_floor":[110,124,140,89,99,99,110,110,110,136,136,153,178,178,178,281,281,293,306,43,59,59,59,78,78,78,78,95,22,57,71,71,71],"floor_reached":33,"campfire_rested":6,"playtime":3171,"item_purchase_floors":[4,20,20,29],"current_hp_per_floor":[74,74,69,69,60,75,46,68,68,42,64,64,60,60,86,29,89,89,64,64,38,38,56,62,62,62,62,50,50,22,11,29,0],"items_purged":[],"gold":71,"score":329,"play_id":"32f56fdc-cf55-49a5-98a1-2b896316a978","local_time":"20180615144715","daily_mods":["Draft","Diverse"],"is_prod":false,"is_daily":false,"chose_seed":true,"is_ascension_mode":false,"campfire_upgraded":2,"win_rate":0.0,"timestamp":1529088435,"campfire_choices":[{"floor":6,"key":"REST"},{"floor":8,"key":"REST"},{"floor":11,"key":"REST"},{"floor":15,"key":"REST"},{"floor":23,"key":"REST"},{"data":"Transmutation","floor":25,"key":"SMITH"},{"data":"Static Discharge","floor":27,"key":"SMITH"},{"floor":32,"key":"REST"}],"path_taken":["M","M","M","$","M","R","M","R","T","E","R","M","E","?","R","BOSS","M","M","$","M","?","R","M","R","T","R","M","$","E","M","R","BOSS"],"build_version":"2018-06-14v2","seed_source_timestamp":196100967488539,"purchased_purges":0,"victory":false,"master_deck":["Ball Lightning","Reprogram","Blur","Steam","Bane","Clothesline","Doom and Gloom","Heavy Blade","Hologram","Shrug It Off","Steam","Dagger Throw","Quick Slash","Streamline","Blade Dance","Tempest","Rampage","Headbutt","Hologram","Armaments+1","Outmaneuver","Wild Strike","Backstab","Injury","Demon Form","Skim+1","Bane+1","Static Discharge+1","Transmutation+1","Prepared","Bite","Bite","Bite","Bite","Bite","Backstab","Conserve Battery+1"],"max_hp_per_floor":[75,75,75,75,75,75,75,75,75,75,75,75,89,89,89,89,89,89,89,89,89,62,62,62,62,62,62,62,62,62,62,62,62],"special_seed":50471966854428,"relics":["Cracked Core","Pantograph","Happy Flower","Mango","Nuclear Battery","Mercury Hourglass","DataDisk"],"card_choices":[{"not_picked":["Iron Wave","Intimidate"],"picked":"Ball Lightning","floor":0},{"not_picked":["Twin Strike","Eviscerate"],"picked":"Reprogram","floor":0},{"not_picked":["Shrug It Off","Prepared"],"picked":"Blur","floor":0},{"not_picked":["Dagger Throw","Crippling Poison"],"picked":"Steam","floor":0},{"not_picked":["PiercingWail","Perfected Strike"],"picked":"Bane","floor":0},{"not_picked":["Hologram","PiercingWail"],"picked":"Clothesline","floor":0},{"not_picked":["Armaments","Wild Strike"],"picked":"Doom and Gloom","floor":0},{"not_picked":["Coolheaded","Searing Blow"],"picked":"Heavy Blade","floor":0},{"not_picked":["Coolheaded","Blizzard"],"picked":"Hologram","floor":0},{"not_picked":["Turbo","Disarm"],"picked":"Shrug It Off","floor":0},{"not_picked":["Beam Cell","Calculated Gamble"],"picked":"Steam","floor":0},{"not_picked":["Rip and Tear","Fusion"],"picked":"Dagger Throw","floor":0},{"not_picked":["True Grit","Caltrops"],"picked":"Quick Slash","floor":0},{"not_picked":["Sucker Punch","Spot Weakness"],"picked":"Streamline","floor":0},{"not_picked":["Calculated Gamble","Turbo"],"picked":"Blade Dance","floor":0},{"not_picked":["Fire Breathing","Rebound"],"picked":"Tempest","floor":1},{"not_picked":["Outmaneuver","Poisoned Stab"],"picked":"Rampage","floor":2},{"not_picked":["Turbo","Shrug It Off"],"picked":"Headbutt","floor":3},{"not_picked":["Turbo","Core Surge"],"picked":"Armaments","floor":5},{"not_picked":["Havoc","Compile Driver"],"picked":"Outmaneuver","floor":7},{"not_picked":["Rage","PiercingWail"],"picked":"Wild Strike","floor":10},{"not_picked":["Warcry","Twin Strike","Beam Cell"],"picked":"SKIP","floor":12},{"not_picked":["Armaments","Wild Strike"],"picked":"Backstab","floor":13},{"not_picked":["Tools of the Trade","Buffer"],"picked":"Demon Form","floor":16},{"not_picked":["Clothesline+1","Hologram+1"],"picked":"Skim+1","floor":18},{"not_picked":["Body Slam+1","Perfected Strike"],"picked":"Bane+1","floor":19},{"not_picked":["Underhanded Strike","Well Laid Plans"],"picked":"Prepared","floor":21},{"not_picked":["Pummel","Setup","Darkness+1"],"picked":"SKIP","floor":24},{"not_picked":["Flex","Seeing Red","Prepared"],"picked":"SKIP","floor":28},{"not_picked":["FTL","Heatsinks+1","Feel No Pain"],"picked":"SKIP","floor":30},{"not_picked":["Auto Shields","Dagger Spray"],"picked":"Conserve Battery+1","floor":31}],"player_experience":48720,"potions_floor_usage":[16,28,31,33,33],"damage_taken":[{"damage":1,"enemies":"Small Slimes","floor":1,"turns":2},{"damage":0,"enemies":"Cultist","floor":2,"turns":3},{"damage":5,"enemies":"2 Louse","floor":3,"turns":2},{"damage":9,"enemies":"Exordium Wildlife","floor":5,"turns":2},{"damage":29,"enemies":"Exordium Thugs","floor":7,"turns":4},{"damage":26,"enemies":"Gremlin Nob","floor":10,"turns":4},{"damage":0,"enemies":"3 Louse","floor":12,"turns":3},{"damage":18,"enemies":"3 Sentries","floor":13,"turns":4},{"damage":60,"enemies":"Hexaghost","floor":16,"turns":9},{"damage":0,"enemies":"Chosen","floor":18,"turns":2},{"damage":25,"enemies":"2 Thieves","floor":19,"turns":3},{"damage":26,"enemies":"Sentry and Sphere","floor":21,"turns":4},{"damage":1,"enemies":"Chosen and Byrds","floor":24,"turns":5},{"damage":13,"enemies":"Centurion and Healer","floor":28,"turns":4},{"damage":30,"enemies":"Book of Stabbing","floor":30,"turns":3},{"damage":13,"enemies":"Snake Plant","floor":31,"turns":2},{"damage":65,"enemies":"Automaton","floor":33,"turns":6}],"relics_obtained":[{"floor":9,"key":"Pantograph"},{"floor":10,"key":"Happy Flower"},{"floor":13,"key":"Mango"},{"floor":26,"key":"Mercury Hourglass"},{"floor":30,"key":"DataDisk"}],"event_choices":[{"event_name":"Accursed Blacksmith","player_choice":"Forge","floor":14,"damage_taken":0},{"event_name":"Vampires","player_choice":"Became a vampire","floor":22,"damage_taken":0}],"boss_relics":[{"not_picked":["Inserter","Ectoplasm"],"picked":"Nuclear Battery"}],"items_purged_floors":[],"is_endless":false,"potions_floor_spawned":[2,12,13,19,24,28,30],"seed_played":"-8206915101292363581","killed_by":"Automaton","ascension_level":0,"potions_obtained":[{"floor":2,"key":"SteroidPotion"},{"floor":12,"key":"SkillPotion"},{"floor":13,"key":"Swift Potion"},{"floor":19,"key":"GamblersBrew"},{"floor":24,"key":"Energy Potion"},{"floor":28,"key":"Energy Potion"},{"floor":30,"key":"Strength Potion"}],"is_trial":true}