{"gold_per_floor":[117,117,117,130,80,96,126,126,153,153,153,153,168,185,185,285,285,285,66,66,66,66,66,66,66],"floor_reached":25,"playtime":2658,"items_purged":["Defend_G"],"score":223,"play_id":"e64ecf4e-4167-476e-b675-2f2b4c624740","local_time":"20190313155435","is_ascension_mode":true,"campfire_choices":[{"floor":8.0,"key":"RECALL"},{"data":"Accuracy","floor":10.0,"key":"SMITH"},{"data":"Neutralize","floor":12.0,"key":"SMITH"},{"floor":15.0,"key":"REST"},{"floor":23.0,"key":"REST"}],"neow_cost":"NONE","seed_source_timestamp":0,"circlet_count":0,"master_deck":["Defend_G","Defend_G","Defend_G","Defend_G","Strike_G","Strike_G","Strike_G","Survivor","Neutralize+1","Infinite Blades","Accuracy+1","Blade Dance","Dagger Spray","Envenom","Accuracy+1","Cloak And Dagger","Terror"],"special_seed":0,"relics":["Ring of the Snake","Anchor","Blue Candle","Ectoplasm","Tiny Chest","Ancient Tea Set"],"potions_floor_usage":[],"damage_taken":[{"damage":2.0,"enemies":"Small Slimes","floor":1.0,"turns":5.0},{"damage":1.0,"enemies":"2 Louse","floor":4.0,"turns":3.0},{"damage":0.0,"enemies":"Jaw Worm","floor":6.0,"turns":4.0},{"damage":22.0,"enemies":"3 Sentries","floor":7.0,"turns":11.0},{"damage":6.0,"enemies":"Gremlin Gang","floor":13.0,"turns":7.0},{"damage":10.0,"enemies":"2 Fungi Beasts","floor":14.0,"turns":3.0},{"damage":29.0,"enemies":"Hexaghost","floor":16.0,"turns":11.0},{"damage":7.0,"enemies":"3 Byrds","floor":18.0,"turns":5.0},{"damage":4.0,"enemies":"Shell Parasite","floor":21.0,"turns":4.0},{"damage":30.0,"enemies":"Chosen and Byrds","floor":22.0,"turns":5.0},{"damage":13,"enemies":"Shelled Parasite and Fungi","floor":24,"turns":5},{"damage":43,"enemies":"Slavers","floor":25,"turns":4}],"seed_played":"-3641748566955668186","potions_obtained":[{"floor":4.0,"key":"SteroidPotion"},{"floor":6.0,"key":"Fire Potion"},{"floor":7.0,"key":"SkillPotion"},{"floor":14.0,"key":"Dexterity Potion"},{"floor":16.0,"key":"Fire Potion"},{"floor":18.0,"key":"Dexterity Potion"},{"floor":24,"key":"Ancient Potion"}],"is_trial":false,"path_per_floor":["M","?","?","M","?","M","E","R","T","R","?","R","M","M","R","B",null,"M","$","?","M","M","R","M","E"],"character_chosen":"THE_SILENT","items_purchased":["Tiny Chest"],"campfire_rested":2,"item_purchase_floors":[19],"current_hp_per_floor":[68,73,73,72,72,72,50,50,50,50,43,43,37,27,49,20,75,68,68,68,64,34,56,43,0],"gold":66,"neow_bonus":"REMOVE_CARD","is_prod":false,"is_daily":false,"chose_seed":false,"campfire_upgraded":2,"win_rate":0,"timestamp":1552488875,"path_taken":["M","?","?","M","?","M","E","R","T","R","?","R","?","?","R","BOSS","M","$","?","?","M","R","M","E"],"build_version":"2019-01-23","purchased_purges":1,"victory":false,"max_hp_per_floor":[70,75,75,75,75,75,75,75,75,75,75,75,75,75,75,75,75,75,75,75,75,75,75,75,75],"card_choices":[{"not_picked":["Outmaneuver","Finisher"],"picked":"Infinite Blades","floor":1.0},{"not_picked":["Bouncing Flask","Slice"],"picked":"Accuracy","floor":4.0},{"not_picked":["Masterful Stab","Riddle With Holes"],"picked":"Blade Dance","floor":6.0},{"not_picked":["Bullet Time","Quick Slash","Corpse Explosion"],"picked":"SKIP","floor":7.0},{"not_picked":["Sucker Punch","Poisoned Stab"],"picked":"Dagger Spray","floor":13.0},{"not_picked":["Slice","Deadly Poison","Masterful Stab"],"picked":"SKIP","floor":14.0},{"not_picked":["Tools of the Trade","Burst"],"picked":"Envenom","floor":16.0},{"not_picked":["Deadly Poison","Prepared"],"picked":"Accuracy+1","floor":18.0},{"not_picked":["Flying Knee","Deadly Poison+1"],"picked":"Cloak And Dagger","floor":21.0},{"not_picked":["Masterful Stab+1","Expertise+1","Quick Slash+1"],"picked":"SKIP","floor":22.0},{"not_picked":["Outmaneuver","Dagger Spray"],"picked":"Terror","floor":24}],"player_experience":57327,"relics_obtained":[{"floor":7.0,"key":"Anchor"},{"floor":20.0,"key":"Ancient Tea Set"}],"event_choices":[{"damage_healed":0.0,"max_hp_gain":5.0,"max_hp_loss":0.0,"gold_gain":0.0,"event_name":"Big Fish","player_choice":"Donut","floor":2.0,"gold_loss":0.0,"damage_taken":0.0},{"damage_healed":0.0,"max_hp_gain":0.0,"max_hp_loss":0.0,"gold_gain":0.0,"event_name":"Liars Game","player_choice":"Ignored","floor":3.0,"gold_loss":0.0,"damage_taken":0.0},{"cards_removed":["Strike_G"],"damage_healed":0.0,"max_hp_gain":0.0,"max_hp_loss":0.0,"gold_gain":0.0,"event_name":"The Cleric","player_choice":"Card Removal","floor":5.0,"gold_loss":50.0,"damage_taken":0.0},{"damage_healed":0.0,"max_hp_gain":0.0,"max_hp_loss":0.0,"gold_gain":0.0,"event_name":"Scrap Ooze","player_choice":"Success","floor":11.0,"gold_loss":0.0,"damage_taken":7.0,"relics_obtained":["Blue Candle"]},{"damage_healed":0.0,"max_hp_gain":0.0,"max_hp_loss":0.0,"gold_gain":0.0,"event_name":"Wheel of Change","player_choice":"Relic","floor":20.0,"gold_loss":0.0,"damage_taken":0.0}],"is_beta":false,"boss_relics":[{"not_picked":["Empty Cage","Astrolabe"],"picked":"Ectoplasm"}],"items_purged_floors":[19],"is_endless":false,"potions_floor_spawned":[4,6,7,14,16,18,24],"killed_by":"Slavers","ascension_level":2}