{"gold_per_floor":[210,28,28,28,42,69,69,43,70,70,86,104,104,124,124,225,275,294,309,309,23,34,34,54,54,54,54,72,88,113,203,203,303,303,320,320,8,108,108,133,143,0,27,40,69,84,84,84,84,84],"floor_reached":50,"playtime":9135,"items_purged":[],"score":595,"play_id":"94910e2b-b3bc-4c71-96ab-fc65efdf1c4e","local_time":"20190220003350","is_ascension_mode":false,"campfire_choices":[{"data":"Metallicize","floor":7,"key":"SMITH"},{"floor":10,"key":"REST"},{"floor":15,"key":"REST"},{"floor":23,"key":"REST"},{"floor":32,"key":"REST"},{"data":"Barricade","floor":49,"key":"SMITH"}],"neow_cost":"NONE","seed_source_timestamp":327968706425269,"circlet_count":0,"master_deck":["Strike_R+1","Strike_R+1","Strike_R+1","Strike_R+1","Defend_R+1","Defend_R+1","Defend_R+1","Defend_R+1","Bash+1","Metallicize+1","Shrug It Off","Shockwave","Impervious+1","Inflame+1","Body Slam+1","Iron Wave","Armaments+1","Iron Wave","Barricade+1","Pain"],"relics":["Black Blood","Orichalcum","Oddly Smooth Stone","Juzu Bracelet","Tiny House","MutagenicStrength","Thread and Needle","Bronze Scales","Gremlin Horn","Sundial","StoneCalendar","Torii","Bag of Marbles","Red Mask","PreservedInsect","Boot","WarpedTongs"],"potions_floor_usage":[33,50],"damage_taken":[{"damage":19,"enemies":"Jaw Worm","floor":1,"turns":6},{"damage":1,"enemies":"2 Louse","floor":5,"turns":3},{"damage":39,"enemies":"Lagavulin","floor":6,"turns":13},{"damage":0,"enemies":"Small Slimes","floor":11,"turns":3},{"damage":1,"enemies":"Looter","floor":12,"turns":3},{"damage":0,"enemies":"2 Fungi Beasts","floor":14,"turns":5},{"damage":39,"enemies":"The Guardian","floor":16,"turns":25},{"damage":74,"enemies":"3 Byrds","floor":18,"turns":15},{"damage":6,"enemies":"Chosen","floor":19,"turns":9},{"damage":0,"enemies":"Snecko","floor":22,"turns":8},{"damage":1,"enemies":"Snake Plant","floor":24,"turns":5},{"damage":0,"enemies":"Centurion and Healer","floor":28,"turns":6},{"damage":1,"enemies":"Snecko","floor":29,"turns":5},{"damage":5,"enemies":"Slavers","floor":30,"turns":7},{"damage":36,"enemies":"Collector","floor":33,"turns":10},{"damage":0,"enemies":"3 Shapes","floor":35,"turns":7},{"damage":2,"enemies":"Mind Bloom Boss Battle","floor":38,"turns":7},{"damage":0,"enemies":"Giant Head","floor":40,"turns":9},{"damage":9,"enemies":"3 Darklings","floor":41,"turns":7},{"damage":47,"enemies":"Sphere and 2 Shapes","floor":44,"turns":7},{"damage":0,"enemies":"Nemesis","floor":45,"turns":9},{"damage":36,"enemies":"Jaw Worm Horde","floor":46,"turns":6},{"damage":86,"enemies":"Awakened One","floor":50,"turns":17}],"seed_played":"-5244638104496399402","potions_obtained":[{"floor":5,"key":"Weak Potion"},{"floor":11,"key":"Poison Potion"},{"floor":12,"key":"Swift Potion"},{"floor":17,"key":"AttackPotion"},{"floor":28,"key":"PowerPotion"},{"floor":38,"key":"Energy Potion"},{"floor":40,"key":"FairyPotion"}],"is_trial":false,"path_per_floor":["M","$","?","$","M","E","R","?","T","R","M","M","?","M","R","B",null,"M","M","?","$","M","R","M","?","T","?","M","M","E","?","R","B",null,"M","T","$","?","?","E","M","?","T","M","E","M","?","?","R","B"],"character_chosen":"IRONCLAD","items_purchased":["Orichalcum","Metallicize","Thread and Needle","StoneCalendar"],"campfire_rested":4,"item_purchase_floors":[2,2,21,37],"current_hp_per_floor":[67,67,51,51,56,23,23,23,23,47,53,58,58,64,80,47,85,17,17,17,17,23,48,53,53,53,53,59,64,65,49,74,44,85,85,85,85,85,85,85,85,85,85,48,58,32,32,74,74,0],"gold":84,"neow_bonus":"HUNDRED_GOLD","is_prod":false,"is_daily":false,"chose_seed":false,"campfire_upgraded":2,"win_rate":0.0,"timestamp":1550640830,"path_taken":["M","$","?","$","M","E","R","?","T","R","M","M","?","M","R","BOSS","M","M","?","$","M","R","M","?","T","?","M","M","E","?","R","BOSS","M","?","$","?","?","E","M","?","T","M","E","M","?","?","R","BOSS"],"build_version":"2019-01-23","purchased_purges":0,"victory":false,"max_hp_per_floor":[80,80,80,80,80,80,80,80,80,80,80,80,80,80,80,80,85,85,85,85,85,85,85,85,85,85,85,85,85,85,85,85,85,85,85,85,85,85,85,85,85,85,85,85,85,85,85,74,74,74],"card_choices":[{"not_picked":["Sword Boomerang","Bloodletting","Twin Strike"],"picked":"SKIP","floor":1},{"not_picked":["Dropkick","Searing Blow","Thunderclap"],"picked":"SKIP","floor":5},{"not_picked":["Whirlwind","Hemokinesis","Havoc"],"picked":"SKIP","floor":6},{"not_picked":["Combust","Blood for Blood","Second Wind"],"picked":"SKIP","floor":11},{"not_picked":["Flex","Cleave"],"picked":"Shrug It Off","floor":12},{"not_picked":["Dark Embrace","Spot Weakness","Heavy Blade"],"picked":"SKIP","floor":14},{"not_picked":["Fiend Fire","Dark Embrace"],"picked":"Impervious","floor":16},{"not_picked":["Pommel Strike","Flex","Metallicize"],"picked":"SKIP","floor":18},{"not_picked":["Thunderclap","Second Wind"],"picked":"Inflame+1","floor":19},{"not_picked":["Perfected Strike+1","Thunderclap"],"picked":"Body Slam+1","floor":22},{"not_picked":["Rampage","Pommel Strike","Inflame"],"picked":"SKIP","floor":24},{"not_picked":["Pommel Strike","Double Tap","Sever Soul"],"picked":"SKIP","floor":28},{"not_picked":["Sentinel","Infernal Blade"],"picked":"Armaments+1","floor":29},{"not_picked":["Shrug It Off","Pommel Strike"],"picked":"Iron Wave","floor":30},{"not_picked":["Brutality","Immolate"],"picked":"Barricade","floor":33},{"not_picked":["Corruption+1","Flex","Pummel"],"picked":"SKIP","floor":35},{"not_picked":["Metallicize","Clothesline","Shockwave+1"],"picked":"SKIP","floor":40},{"not_picked":["Cleave+1","Twin Strike+1","Flex+1"],"picked":"SKIP","floor":41},{"not_picked":["Rage+1","Sentinel","Pummel"],"picked":"SKIP","floor":44},{"not_picked":["Clash","Thunderclap+1","Searing Blow"],"picked":"SKIP","floor":45},{"not_picked":["Burning Pact+1","Twin Strike","Flex"],"picked":"SKIP","floor":46}],"player_experience":35098,"relics_obtained":[{"floor":6,"key":"Oddly Smooth Stone"},{"floor":9,"key":"Juzu Bracelet"},{"floor":26,"key":"Bronze Scales"},{"floor":30,"key":"Gremlin Horn"},{"floor":36,"key":"Sundial"},{"floor":38,"key":"Torii"},{"floor":40,"key":"Bag of Marbles"},{"floor":43,"key":"PreservedInsect"},{"floor":45,"key":"Boot"}],"event_choices":[{"damage_healed":0,"gold_gain":0,"player_choice":"Entered Light","damage_taken":16,"max_hp_gain":0,"max_hp_loss":0,"event_name":"Shining Light","floor":3,"gold_loss":0,"cards_upgraded":["Defend_R","Bash"]},{"damage_healed":0,"gold_gain":0,"player_choice":"Left Gold","damage_taken":0,"max_hp_gain":0,"max_hp_loss":0,"event_name":"World of Goop","floor":8,"gold_loss":26},{"damage_healed":0,"gold_gain":0,"cards_transformed":["Strike_R"],"player_choice":"Change","damage_taken":0,"max_hp_gain":0,"max_hp_loss":0,"event_name":"Living Wall","floor":13,"gold_loss":0,"cards_obtained":["Shockwave"]},{"damage_healed":0,"gold_gain":0,"player_choice":"Inject Mutagens","damage_taken":0,"relics_obtained":["MutagenicStrength"],"max_hp_gain":0,"max_hp_loss":0,"event_name":"Drug Dealer","floor":20,"gold_loss":0},{"damage_healed":0,"gold_gain":0,"player_choice":"Simplicity","damage_taken":0,"max_hp_gain":0,"max_hp_loss":0,"event_name":"Back to Basics","floor":25,"gold_loss":0,"cards_upgraded":["Strike_R","Strike_R","Strike_R","Strike_R","Defend_R","Defend_R","Defend_R"]},{"damage_healed":0,"gold_gain":0,"player_choice":"Read","damage_taken":0,"max_hp_gain":0,"max_hp_loss":0,"event_name":"The Library","floor":27,"gold_loss":0,"cards_obtained":["Iron Wave"]},{"damage_healed":0,"gold_gain":90,"player_choice":"GOLD ","damage_taken":16,"max_hp_gain":0,"max_hp_loss":0,"event_name":"Knowing Skull","floor":31,"potions_obtained":[],"gold_loss":0,"cards_obtained":[]},{"damage_healed":0,"gold_gain":0,"player_choice":"Fight","damage_taken":0,"max_hp_gain":0,"max_hp_loss":0,"event_name":"MindBloom","floor":38,"gold_loss":0},{"damage_healed":0,"gold_gain":0,"player_choice":"Ignored","damage_taken":0,"max_hp_gain":0,"max_hp_loss":0,"event_name":"SecretPortal","floor":39,"gold_loss":0},{"damage_healed":0,"gold_gain":0,"player_choice":"Paid","damage_taken":0,"relics_obtained":["Red Mask"],"max_hp_gain":0,"max_hp_loss":0,"event_name":"Tomb of Lord Red Mask","floor":42,"gold_loss":143},{"damage_healed":0,"gold_gain":0,"player_choice":"Rummage","damage_taken":0,"relics_obtained":["WarpedTongs"],"max_hp_gain":0,"max_hp_loss":0,"event_name":"Accursed Blacksmith","floor":47,"gold_loss":0,"cards_obtained":["Pain"]},{"damage_healed":74,"gold_gain":0,"player_choice":"Heal","damage_taken":0,"max_hp_gain":0,"max_hp_loss":11,"event_name":"The Moai Head","floor":48,"gold_loss":0}],"is_beta":false,"boss_relics":[{"not_picked":["Orrery","Runic Cube"],"picked":"Tiny House"},{"not_picked":["Cursed Key","Sozu"],"picked":"Black Blood"}],"items_purged_floors":[],"is_endless":false,"potions_floor_spawned":[5,11,12,16,19,28,29,38,40,44,46],"killed_by":"Awakened One","ascension_level":0}