{"gold_per_floor":[114,114,2,2,12,43,59,72,72,72,72,72,90,90,90,194,194,207,10,10,10,38,70,70,70,70,70,70,70,70,89,89,189,189,200,200,200,0,0,0,0,0,0,15,64,76,76,4,4,4],"floor_reached":51,"playtime":997,"items_purged":["Defend_R"],"score":730,"play_id":"80a45a75-4700-4c92-9af7-700909da6d53","local_time":"20190310134305","is_ascension_mode":false,"campfire_choices":[{"data":"Headbutt","floor":12,"key":"SMITH"},{"data":"Pummel","floor":15,"key":"SMITH"},{"data":"Flex","floor":25,"key":"SMITH"},{"data":"J.A.X.","floor":27,"key":"SMITH"},{"floor":32,"key":"REST"},{"data":"Bludgeon","floor":40,"key":"SMITH"},{"data":"Inflame","floor":47,"key":"SMITH"},{"floor":49,"key":"REST"}],"neow_cost":"NONE","seed_source_timestamp":311593403166015,"circlet_count":0,"master_deck":["Strike_R","Strike_R","Strike_R","Strike_R","Strike_R","Bash","Inflame+1","Headbutt+1","Pummel+1","Heavy Blade+1","RitualDagger","Flex+1","J.A.X.+1","Bludgeon+1","Thunderclap+1","Flex+1","Metamorphosis","Inflame+1"],"relics":["Burning Blood","NeowsBlessing","Orichalcum","Juzu Bracelet","Philosopher\u0027s Stone","Sling","Enchiridion","Red Mask","Mercury Hourglass","Ornamental Fan","Runic Cube","Strange Spoon","Art of War","Omamori"],"potions_floor_usage":[18,31,33,33,33,50,50,50],"damage_taken":[{"damage":0,"enemies":"Jaw Worm","floor":1,"turns":1},{"damage":0,"enemies":"Cultist","floor":5,"turns":1},{"damage":0,"enemies":"Gremlin Nob","floor":6,"turns":1},{"damage":0,"enemies":"2 Louse","floor":7,"turns":2},{"damage":8,"enemies":"Exordium Thugs","floor":8,"turns":3},{"damage":4,"enemies":"Looter","floor":13,"turns":2},{"damage":58,"enemies":"Hexaghost","floor":16,"turns":8},{"damage":10,"enemies":"2 Thieves","floor":18,"turns":3},{"damage":9,"enemies":"Masked Bandits","floor":22,"turns":3},{"damage":11,"enemies":"Slavers","floor":23,"turns":3},{"damage":0,"enemies":"Spheric Guardian","floor":31,"turns":1},{"damage":34,"enemies":"Automaton","floor":33,"turns":6},{"damage":15,"enemies":"3 Darklings","floor":35,"turns":3},{"damage":22,"enemies":"3 Shapes","floor":44,"turns":3},{"damage":5,"enemies":"Maw","floor":46,"turns":4},{"damage":67,"enemies":"Awakened One","floor":50,"turns":5}],"seed_played":"183192100759722218","potions_obtained":[{"floor":1,"key":"Swift Potion"},{"floor":5,"key":"PowerPotion"},{"floor":7,"key":"GamblersBrew"},{"floor":22,"key":"Explosive Potion"},{"floor":31,"key":"Weak Potion"},{"floor":33,"key":"Swift Potion"},{"floor":44,"key":"Strength Potion"}],"is_trial":false,"path_per_floor":["M","?","$","?","M","E","M","M","T","?","$","R","M","?","R","B",null,"M","$","?","?","?","E","?","R","T","R","?","$","?","M","R","B",null,"M","?","?","$","?","R","$","?","T","M","T","M","R","$","R","B",null],"character_chosen":"IRONCLAD","items_purchased":["Inflame","Sling","Strange Spoon","EssenceOfSteel"],"campfire_rested":2,"item_purchase_floors":[3,19,38,48],"current_hp_per_floor":[80,80,80,80,80,80,80,78,78,78,78,78,80,85,85,33,85,81,81,65,59,56,51,51,51,51,51,51,51,51,57,82,54,85,76,76,76,76,76,76,76,76,76,60,60,61,61,61,85,24],"gold":4,"neow_bonus":"THREE_ENEMY_KILL","is_prod":false,"is_daily":false,"chose_seed":false,"campfire_upgraded":6,"win_rate":0,"timestamp":1552210985,"path_taken":["M","?","?","?","M","E","M","M","T","?","$","R","M","?","R","BOSS","M","$","?","?","?","E","?","R","T","R","?","?","?","M","R","BOSS","M","?","?","$","?","R","?","?","T","M","?","M","R","$","R","BOSS"],"build_version":"2019-01-23","purchased_purges":1,"victory":true,"max_hp_per_floor":[80,80,80,80,80,80,80,80,80,80,80,80,80,85,85,85,85,85,85,85,85,85,85,85,85,85,85,85,85,85,85,85,85,85,85,85,85,85,85,85,85,85,85,85,85,85,85,85,85,85],"card_choices":[{"not_picked":["Infernal Blade","Dropkick","Second Wind"],"picked":"SKIP","floor":1},{"not_picked":["Ghostly Armor","Sword Boomerang"],"picked":"Headbutt","floor":5},{"not_picked":["Armaments","Anger","Headbutt"],"picked":"SKIP","floor":6},{"not_picked":["Sword Boomerang","Anger","Reckless Charge"],"picked":"SKIP","floor":7},{"not_picked":["Bloodletting","Seeing Red","Searing Blow"],"picked":"SKIP","floor":8},{"not_picked":["Fire Breathing","Shrug It Off"],"picked":"Pummel","floor":13},{"not_picked":["Armaments","Thunderclap"],"picked":"Heavy Blade+1","floor":18},{"not_picked":["Infernal Blade","Corruption"],"picked":"Flex","floor":22},{"not_picked":["Searing Blow+1","Ghostly Armor+1","Intimidate+1"],"picked":"SKIP","floor":23},{"not_picked":["Hemokinesis","Spot Weakness"],"picked":"Thunderclap","floor":31},{"not_picked":["Wild Strike","Blood for Blood+1","Carnage"],"picked":"SKIP","floor":35},{"not_picked":["Bandage Up","Mayhem"],"picked":"Metamorphosis","floor":42},{"not_picked":["Anger+1","Carnage+1","Evolve+1"],"picked":"SKIP","floor":44},{"not_picked":["Twin Strike+1","Sentinel"],"picked":"Inflame","floor":46}],"player_experience":679498,"relics_obtained":[{"floor":6,"key":"Orichalcum"},{"floor":9,"key":"Juzu Bracelet"},{"floor":20,"key":"Enchiridion"},{"floor":22,"key":"Red Mask"},{"floor":23,"key":"Mercury Hourglass"},{"floor":26,"key":"Ornamental Fan"},{"floor":43,"key":"Art of War"},{"floor":45,"key":"Omamori"}],"event_choices":[{"cards_removed":["Defend_R"],"damage_healed":0,"gold_gain":0,"player_choice":"Purged","damage_taken":0,"max_hp_gain":0,"max_hp_loss":0,"event_name":"Purifier","floor":2,"gold_loss":0},{"damage_healed":0,"gold_gain":0,"player_choice":"Upgraded","damage_taken":0,"max_hp_gain":0,"max_hp_loss":0,"event_name":"Upgrade Shrine","floor":4,"gold_loss":0,"cards_upgraded":["Inflame"]},{"cards_removed":["Defend_R"],"damage_healed":0,"gold_gain":0,"player_choice":"Forget","damage_taken":0,"max_hp_gain":0,"max_hp_loss":0,"event_name":"Living Wall","floor":10,"gold_loss":0},{"damage_healed":0,"gold_gain":0,"player_choice":"Donut","damage_taken":0,"max_hp_gain":5,"max_hp_loss":0,"event_name":"Big Fish","floor":14,"gold_loss":0},{"damage_healed":0,"gold_gain":0,"player_choice":"Obtained Book","damage_taken":16,"max_hp_gain":0,"max_hp_loss":0,"event_name":"Cursed Tome","floor":20,"gold_loss":0},{"damage_healed":0,"gold_gain":0,"player_choice":"Joined the Cult","damage_taken":6,"max_hp_gain":0,"max_hp_loss":0,"event_name":"Nest","floor":21,"gold_loss":0,"cards_obtained":["RitualDagger"]},{"damage_healed":0,"gold_gain":0,"player_choice":"Fought Bandits","damage_taken":0,"max_hp_gain":0,"max_hp_loss":0,"event_name":"Masked Bandits","floor":22,"gold_loss":0},{"damage_healed":0,"gold_gain":0,"player_choice":"Obtain J.A.X.","damage_taken":0,"max_hp_gain":0,"max_hp_loss":0,"event_name":"Drug Dealer","floor":24,"gold_loss":0,"cards_obtained":["J.A.X."]},{"damage_healed":0,"gold_gain":0,"player_choice":"Ignored","damage_taken":0,"max_hp_gain":0,"max_hp_loss":0,"event_name":"Ghosts","floor":28,"gold_loss":0},{"damage_healed":0,"gold_gain":0,"cards_transformed":["Defend_R"],"player_choice":"Transformed","damage_taken":0,"max_hp_gain":0,"max_hp_loss":0,"event_name":"Transmorgrifier","floor":30,"gold_loss":0,"cards_obtained":["Bludgeon"]},{"damage_healed":0,"gold_gain":0,"player_choice":"Copied","damage_taken":0,"max_hp_gain":0,"max_hp_loss":0,"event_name":"Duplicator","floor":36,"gold_loss":0,"cards_obtained":["Flex"]},{"damage_healed":0,"gold_gain":0,"player_choice":"Ignored","damage_taken":0,"max_hp_gain":0,"max_hp_loss":0,"event_name":"NoteForYourself","floor":37,"gold_loss":0},{"damage_healed":0,"gold_gain":0,"player_choice":"Upgraded","damage_taken":0,"max_hp_gain":0,"max_hp_loss":0,"event_name":"Upgrade Shrine","floor":39,"gold_loss":0,"cards_upgraded":["Thunderclap"]},{"damage_healed":0,"gold_gain":0,"player_choice":"Memory 1","damage_taken":0,"max_hp_gain":0,"max_hp_loss":0,"event_name":"SensoryStone","floor":42,"gold_loss":0}],"is_beta":false,"boss_relics":[{"not_picked":["Pandora\u0027s Box","Orrery"],"picked":"Philosopher\u0027s Stone"},{"not_picked":["Snecko Eye","Velvet Choker"],"picked":"Runic Cube"}],"items_purged_floors":[3],"is_endless":false,"potions_floor_spawned":[1,5,7,22,31,33,44],"ascension_level":0}