{"path_per_floor":["M","M","?","M","$","M","M","R","T","M","M","?","E","M","R","B",null,"M","?","?","?","M","R"],"character_chosen":"IRONCLAD","items_purchased":[],"gold_per_floor":[115,126,126,136,61,78,93,93,93,110,121,86,111,128,128,227,227,247,170,170,170,182,182,182],"floor_reached":24,"campfire_rested":1,"playtime":1865,"item_purchase_floors":[],"current_hp_per_floor":[88,88,88,87,87,80,80,80,80,70,50,72,53,66,88,48,88,70,70,61,61,61,61,0],"items_purged":["Bash"],"gold":182,"score":225,"play_id":"fbbfd3f1-21af-4ce2-a98e-d3ef5c9d4d00","local_time":"20180621201904","is_prod":false,"is_daily":false,"chose_seed":false,"is_ascension_mode":false,"campfire_upgraded":2,"win_rate":0.0,"timestamp":1529626744,"campfire_choices":[{"data":"Perfected Strike","floor":8,"key":"SMITH"},{"floor":15,"key":"REST"},{"data":"Immolate","floor":23,"key":"SMITH"}],"path_taken":["M","M","?","M","$","M","M","R","T","M","M","?","E","M","R","BOSS","M","?","?","?","M","R","E"],"build_version":"2018-06-14v2","seed_source_timestamp":7101657936107,"purchased_purges":1,"victory":false,"master_deck":["Defend_R","Defend_R","Defend_R","Defend_R","Pommel Strike+1","Iron Wave","Perfected Strike+1","Armaments","Blood for Blood","Shrug It Off","Immolate+1","J.A.X.","Bite","Bite","Bite","Bite","Bite"],"max_hp_per_floor":[88,88,88,88,88,88,88,88,88,88,88,88,88,88,88,88,88,88,88,61,61,61,61,61],"relics":["Burning Blood","Frozen Egg 2","Blue Candle","Sozu"],"card_choices":[{"not_picked":["Clothesline","Feel No Pain","Twin Strike"],"picked":"SKIP","floor":1},{"not_picked":["Warcry","Thunderclap"],"picked":"Pommel Strike","floor":2},{"not_picked":["Combust","Warcry"],"picked":"Iron Wave","floor":4},{"not_picked":["Cleave","Clash","Anger"],"picked":"SKIP","floor":6},{"not_picked":["Anger","Sword Boomerang"],"picked":"Perfected Strike","floor":7},{"not_picked":["Sentinel","Second Wind"],"picked":"Armaments","floor":10},{"not_picked":["Evolve+1","Pummel"],"picked":"Blood for Blood","floor":11},{"not_picked":["Seeing Red","Thunderclap","Intimidate"],"picked":"SKIP","floor":13},{"not_picked":["Fire Breathing+1","Havoc"],"picked":"Shrug It Off","floor":14},{"not_picked":["Bludgeon","Exhume"],"picked":"Immolate","floor":16},{"not_picked":["Havoc","Shrug It Off","Twin Strike"],"picked":"SKIP","floor":18},{"not_picked":["Cleave","Armaments","Corruption+1"],"picked":"SKIP","floor":22}],"player_experience":163674,"potions_floor_usage":[14,16,18],"damage_taken":[{"damage":2,"enemies":"Cultist","floor":1,"turns":5},{"damage":1,"enemies":"Jaw Worm","floor":2,"turns":5},{"damage":7,"enemies":"Small Slimes","floor":4,"turns":4},{"damage":13,"enemies":"Exordium Wildlife","floor":6,"turns":4},{"damage":6,"enemies":"Blue Slaver","floor":7,"turns":5},{"damage":16,"enemies":"Lots of Slimes","floor":10,"turns":5},{"damage":26,"enemies":"Exordium Thugs","floor":11,"turns":4},{"damage":25,"enemies":"3 Sentries","floor":13,"turns":6},{"damage":1,"enemies":"2 Fungi Beasts","floor":14,"turns":3},{"damage":46,"enemies":"Slime Boss","floor":16,"turns":9},{"damage":24,"enemies":"Shell Parasite","floor":18,"turns":5},{"damage":8,"enemies":"Spheric Guardian","floor":22,"turns":3},{"damage":70,"enemies":"Book of Stabbing","floor":24,"turns":5}],"relics_obtained":[{"floor":9,"key":"Frozen Egg 2"},{"floor":13,"key":"Blue Candle"}],"event_choices":[{"event_name":"Living Wall","player_choice":"Grow","floor":3,"damage_taken":0},{"event_name":"The Cleric","player_choice":"Healed","floor":12,"damage_taken":0},{"event_name":"Drug Dealer","player_choice":"Got JAXXED","floor":19,"damage_taken":0},{"event_name":"Vampires","player_choice":"Became a vampire","floor":20,"damage_taken":0},{"event_name":"The Mausoleum","player_choice":"No","floor":21,"damage_taken":0}],"boss_relics":[{"not_picked":["Snecko Eye","Runic Dome"],"picked":"Sozu"}],"items_purged_floors":[5],"is_endless":false,"potions_floor_spawned":[2,11,13,14,16],"seed_played":"-7276164064444581363","killed_by":"Book of Stabbing","ascension_level":0,"potions_obtained":[{"floor":2,"key":"AttackPotion"},{"floor":11,"key":"BloodPotion"},{"floor":13,"key":"Block Potion"},{"floor":14,"key":"SpeedPotion"},{"floor":16,"key":"PowerPotion"}],"is_trial":false}