{"gold_per_floor":[111,111,126,4,27,27,40,40,66,91,116,134,134,158,158,282,282,307,307,307,320,26,26,40,40],"floor_reached":25,"playtime":1510,"items_purged":["Strike_G","Defend_G"],"score":197,"play_id":"c539c857-2b38-47dd-9f95-c19b60481bd7","local_time":"20180713145512","is_ascension_mode":false,"campfire_choices":[{"floor":6,"key":"REST"},{"data":"Bane","floor":8,"key":"SMITH"},{"data":"Infinite Blades","floor":13,"key":"SMITH"},{"floor":15,"key":"REST"},{"floor":23,"key":"REST"}],"neow_cost":"NONE","seed_source_timestamp":195166916643179,"circlet_count":0,"master_deck":["Defend_G","Defend_G","Defend_G","Defend_G","Strike_G","Strike_G","Strike_G","Strike_G","Survivor","Neutralize","Accuracy","Bane+1","Outmaneuver","Infinite Blades+1","Outmaneuver","Infinite Blades","Bullet Time","Dagger Throw+1","Poisoned Stab","Neutralize","Acrobatics+1"],"special_seed":17725,"relics":["Ring of the Snake","NeowsBlessing","Golden Idol","Regal Pillow","Cursed Key","TwistedFunnel"],"potions_floor_usage":[16,16,16],"damage_taken":[{"damage":0,"enemies":"2 Louse","floor":1,"turns":1},{"damage":0,"enemies":"Jaw Worm","floor":3,"turns":1},{"damage":0,"enemies":"Cultist","floor":5,"turns":1},{"damage":8,"enemies":"Large Slime","floor":7,"turns":7},{"damage":6,"enemies":"2 Fungi Beasts","floor":10,"turns":5},{"damage":7,"enemies":"Looter","floor":11,"turns":4},{"damage":8,"enemies":"3 Louse","floor":12,"turns":4},{"damage":19,"enemies":"Lots of Slimes","floor":14,"turns":5},{"damage":51,"enemies":"Hexaghost","floor":16,"turns":11},{"damage":20,"enemies":"Shell Parasite","floor":18,"turns":7},{"damage":17,"enemies":"3 Byrds","floor":21,"turns":6},{"damage":34,"enemies":"Sentry and Sphere","floor":24,"turns":5},{"damage":39,"enemies":"Gremlin Leader","floor":25,"turns":3}],"seed_played":"5986081896675769642","potions_obtained":[{"floor":1,"key":"Ancient Potion"},{"floor":3,"key":"Weak Potion"},{"floor":10,"key":"AttackPotion"},{"floor":16,"key":"Poison Potion"},{"floor":18,"key":"SkillPotion"},{"floor":21,"key":"SpeedPotion"}],"is_trial":false,"path_per_floor":["M","?","M","$","M","R","M","R","T","M","M","M","R","M","R","B",null,"M","?","?","M","$","R","M"],"character_chosen":"THE_SILENT","items_purchased":["Outmaneuver","TwistedFunnel"],"campfire_rested":3,"item_purchase_floors":[4,22],"current_hp_per_floor":[70,53,53,53,53,70,62,62,62,56,49,41,41,22,58,7,70,50,50,50,33,33,69,35,0],"gold":40,"neow_bonus":"THREE_ENEMY_KILL","is_prod":false,"is_daily":false,"chose_seed":false,"campfire_upgraded":2,"win_rate":0,"timestamp":1531508112,"path_taken":["M","?","M","$","M","R","M","R","T","?","M","M","R","M","R","BOSS","M","?","?","M","$","R","M","E"],"build_version":"2018-07-12","purchased_purges":2,"victory":false,"max_hp_per_floor":[70,70,70,70,70,70,70,70,70,70,70,70,70,70,70,70,70,70,70,70,70,70,70,70,70],"card_choices":[{"not_picked":["Dagger Spray","Expertise"],"picked":"Accuracy","floor":1},{"not_picked":["Deflect","All Out Attack"],"picked":"Bane","floor":3},{"not_picked":["Dodge and Roll","Terror","Slice"],"picked":"SKIP","floor":5},{"not_picked":["Deflect","Flechettes","Night Terror"],"picked":"SKIP","floor":7},{"not_picked":["Acrobatics","Slice"],"picked":"Infinite Blades","floor":10},{"not_picked":["Quick Slash","Endless Agony","Finisher"],"picked":"SKIP","floor":11},{"not_picked":["Tactician","Deadly Poison"],"picked":"Outmaneuver","floor":12},{"not_picked":["PiercingWail","Acrobatics"],"picked":"Infinite Blades","floor":14},{"not_picked":["Doppelganger","Unload"],"picked":"Bullet Time","floor":16},{"not_picked":["Acrobatics","Underhanded Strike"],"picked":"Dagger Throw+1","floor":18},{"not_picked":["Slice","Leg Sweep"],"picked":"Acrobatics+1","floor":21},{"not_picked":["Well Laid Plans+1","Deflect","Dagger Spray+1"],"picked":"SKIP","floor":24}],"player_experience":234470,"relics_obtained":[{"floor":9,"key":"Regal Pillow"}],"event_choices":[{"event_name":"Golden Idol","player_choice":"Take Damage","floor":2,"damage_taken":0},{"event_name":"The Library","player_choice":"Read","floor":19,"damage_taken":0},{"event_name":"Match and Keep!","player_choice":"1 cards matched","floor":20,"damage_taken":0}],"boss_relics":[{"not_picked":["Tiny House","Orrery"],"picked":"Cursed Key"}],"items_purged_floors":[4,22],"is_endless":false,"potions_floor_spawned":[1,3,10,11,16,18,21],"killed_by":"Gremlin Leader","ascension_level":0}