{"gold_per_floor":[114,42,42,42,42,86,86,150,175,175,191,191,211,246,246,374,374,393,426,426,426,73,117,117,130,130,150,150,150,150,26,26,151,151,169,169,192,213,237,237,270,270,350,366,366,391,415,121,121,121],"floor_reached":51,"playtime":3847,"items_purged":["Strike_G","Defend_G"],"score":747,"play_id":"451ce32d-5011-44ac-9043-9719db15b925","local_time":"20190312153117","is_ascension_mode":true,"campfire_choices":[{"data":"Neutralize","floor":7.0,"key":"SMITH"},{"data":"Dagger Spray","floor":10.0,"key":"SMITH"},{"data":"Bouncing Flask","floor":12.0,"key":"SMITH"},{"floor":15.0,"key":"REST"},{"floor":24.0,"key":"REST"},{"floor":28.0,"key":"REST"},{"floor":30.0,"key":"REST"},{"floor":32.0,"key":"REST"},{"floor":40.0,"key":"REST"},{"data":"Footwork","floor":42,"key":"SMITH"},{"data":"Footwork","floor":45,"key":"SMITH"},{"data":"A Thousand Cuts","floor":49,"key":"SMITH"}],"neow_cost":"NONE","seed_source_timestamp":0,"circlet_count":0,"master_deck":["Defend_G","Defend_G","Defend_G","Defend_G+1","Strike_G","Strike_G","Strike_G","Survivor","Neutralize+1","Dagger Spray+1","Infinite Blades","Blade Dance+1","Bouncing Flask+1","A Thousand Cuts+1","Escape Plan","Backflip+1","Footwork+1","Footwork+1","Backflip","After Image","Parasite","Leg Sweep+1","Skewer+1","Bane+1","Footwork"],"special_seed":0,"relics":["Ring of the Snake","NeowsBlessing","Golden Idol","Omamori","Tiny Chest","War Paint","Centennial Puzzle","Busted Crown","Red Mask","PreservedInsect","Sundial","Toolbox","Smiling Mask","Unceasing Top","Calling Bell","Dream Catcher","Meat on the Bone","Turnip","Oddly Smooth Stone","Bottled Flame","Lee\u0027s Waffle"],"potions_floor_usage":[50,50],"damage_taken":[{"damage":0.0,"enemies":"Jaw Worm","floor":1.0,"turns":1.0},{"damage":0.0,"enemies":"Gremlin Nob","floor":6.0,"turns":1.0},{"damage":0.0,"enemies":"3 Sentries","floor":8.0,"turns":1.0},{"damage":0.0,"enemies":"2 Louse","floor":11.0,"turns":2.0},{"damage":0.0,"enemies":"Small Slimes","floor":13.0,"turns":2.0},{"damage":10.0,"enemies":"Gremlin Nob","floor":14.0,"turns":3.0},{"damage":28.0,"enemies":"The Guardian","floor":16.0,"turns":10.0},{"damage":7.0,"enemies":"Shell Parasite","floor":18.0,"turns":4.0},{"damage":43.0,"enemies":"Masked Bandits","floor":19.0,"turns":7.0},{"damage":17.0,"enemies":"Gremlin Leader","floor":23.0,"turns":7.0},{"damage":0.0,"enemies":"Chosen","floor":25.0,"turns":4.0},{"damage":16.0,"enemies":"Snake Plant","floor":27.0,"turns":4.0},{"damage":14.0,"enemies":"Colosseum Slavers","floor":29.0,"turns":4.0},{"damage":26.0,"enemies":"Automaton","floor":33.0,"turns":11.0},{"damage":12.0,"enemies":"3 Shapes","floor":35.0,"turns":4.0},{"damage":0.0,"enemies":"3 Darklings","floor":37.0,"turns":6.0},{"damage":12.0,"enemies":"Transient","floor":38.0,"turns":5.0},{"damage":8.0,"enemies":"Writhing Mass","floor":39.0,"turns":9.0},{"damage":6.0,"enemies":"Giant Head","floor":41.0,"turns":10.0},{"damage":25,"enemies":"4 Shapes","floor":44,"turns":10},{"damage":0,"enemies":"Spire Growth","floor":46,"turns":6},{"damage":4,"enemies":"Transient","floor":47,"turns":5},{"damage":88,"enemies":"Awakened One","floor":50,"turns":21}],"seed_played":"-330760576504241557","potions_obtained":[{"floor":6.0,"key":"Fire Potion"},{"floor":13.0,"key":"Dexterity Potion"},{"floor":19.0,"key":"Poison Potion"},{"floor":23.0,"key":"Dexterity Potion"},{"floor":27.0,"key":"SkillPotion"},{"floor":37.0,"key":"Explosive Potion"},{"floor":38.0,"key":"Weak Potion"},{"floor":46,"key":"Regen Potion"}],"is_trial":false,"path_per_floor":["M","$","?","?","?","E","R","E","T","R","M","R","M","E","R","B",null,"M","?","T","T","$","E","R","M","T","M","R","?","R","$","R","B",null,"M","?","M","M","M","R","E","R","T","M","R","M","M","$","R","B",null],"character_chosen":"THE_SILENT","items_purchased":["Infinite Blades","Footwork","Toolbox","Footwork","Backflip","Lee\u0027s Waffle","Footwork"],"campfire_rested":6,"item_purchase_floors":[2,22,22,31,31,48,48],"current_hp_per_floor":[70,70,63,46,51,51,51,51,51,51,51,51,51,41,63,35,75,68,25,25,25,25,8,30,30,30,14,36,22,44,44,66,40,75,63,63,63,51,43,65,59,59,59,46,46,46,42,82,82,21],"gold":121,"neow_bonus":"THREE_ENEMY_KILL","is_prod":false,"is_daily":false,"chose_seed":false,"campfire_upgraded":6,"win_rate":0,"timestamp":1552401077,"path_taken":["M","$","?","?","?","E","R","E","T","R","M","R","M","E","R","BOSS","M","?","?","?","$","E","R","M","T","M","R","?","R","?","R","BOSS","M","?","?","M","M","R","E","R","T","M","R","M","?","$","R","BOSS"],"build_version":"2019-01-23","purchased_purges":2,"victory":true,"max_hp_per_floor":[70,70,70,70,75,75,75,75,75,75,75,75,75,75,75,75,75,75,75,75,75,75,75,75,75,75,75,75,75,75,75,75,75,75,75,75,75,75,75,75,75,75,75,75,75,75,75,82,82,82],"card_choices":[{"not_picked":["Heel Hook","Endless Agony"],"picked":"Dagger Spray","floor":1.0},{"not_picked":["Flying Knee","Backstab"],"picked":"Blade Dance","floor":6.0},{"not_picked":["Outmaneuver","Dagger Spray","Bane"],"picked":"SKIP","floor":8.0},{"not_picked":["Calculated Gamble","Flechettes"],"picked":"Bouncing Flask","floor":11.0},{"not_picked":["Flechettes","Backflip"],"picked":"A Thousand Cuts","floor":13.0},{"not_picked":["Skewer","Malaise"],"picked":"Escape Plan","floor":14.0},{"not_picked":[],"picked":"Backflip+1","floor":18.0},{"not_picked":["Underhanded Strike"],"picked":"SKIP","floor":23.0},{"not_picked":["Dagger Spray"],"picked":"SKIP","floor":25.0},{"not_picked":["Poisoned Stab"],"picked":"SKIP","floor":27.0},{"not_picked":[],"picked":"After Image","floor":33.0},{"not_picked":[],"picked":"Leg Sweep+1","floor":35.0},{"not_picked":[],"picked":"Skewer+1","floor":37.0},{"not_picked":["Heel Hook"],"picked":"SKIP","floor":38.0},{"not_picked":["Poisoned Stab"],"picked":"SKIP","floor":39.0},{"not_picked":["Dagger Spray"],"picked":"SKIP","floor":41.0},{"not_picked":[],"picked":"Bane+1","floor":44},{"not_picked":["Quick Slash"],"picked":"SKIP","floor":46},{"not_picked":["Predator"],"picked":"SKIP","floor":47}],"player_experience":43270,"relics_obtained":[{"floor":6.0,"key":"Omamori"},{"floor":8.0,"key":"Tiny Chest"},{"floor":9.0,"key":"War Paint"},{"floor":14.0,"key":"Centennial Puzzle"},{"floor":19.0,"key":"Red Mask"},{"floor":20.0,"key":"PreservedInsect"},{"floor":21.0,"key":"Sundial"},{"floor":23.0,"key":"Smiling Mask"},{"floor":26.0,"key":"Unceasing Top"},{"floor":34.0,"key":"Dream Catcher"},{"floor":34.0,"key":"Meat on the Bone"},{"floor":34.0,"key":"Turnip"},{"floor":41.0,"key":"Oddly Smooth Stone"},{"floor":43,"key":"Bottled Flame"}],"event_choices":[{"cards_removed":["Strike_G"],"damage_healed":0.0,"max_hp_gain":0.0,"max_hp_loss":0.0,"gold_gain":0.0,"event_name":"Golden Wing","player_choice":"Card Removal","floor":3.0,"gold_loss":0.0,"damage_taken":7.0},{"damage_healed":0.0,"max_hp_gain":0.0,"max_hp_loss":0.0,"gold_gain":0.0,"event_name":"Golden Idol","player_choice":"Take Damage","floor":4.0,"gold_loss":0.0,"damage_taken":17.0,"relics_obtained":["Golden Idol"]},{"damage_healed":0.0,"max_hp_gain":5.0,"max_hp_loss":0.0,"gold_gain":0.0,"event_name":"Big Fish","player_choice":"Donut","floor":5.0,"gold_loss":0.0,"damage_taken":0.0},{"damage_healed":0.0,"max_hp_gain":0.0,"max_hp_loss":0.0,"gold_gain":0.0,"event_name":"Masked Bandits","player_choice":"Fought Bandits","floor":19.0,"gold_loss":0.0,"damage_taken":0.0},{"damage_healed":0.0,"max_hp_gain":0.0,"max_hp_loss":0.0,"gold_gain":0.0,"event_name":"Colosseum","player_choice":"Fight","floor":29.0,"gold_loss":0.0,"damage_taken":0.0},{"damage_healed":0.0,"max_hp_gain":0.0,"max_hp_loss":0.0,"gold_gain":0.0,"event_name":"Colosseum","player_choice":"Fled From Nobs","floor":29.0,"gold_loss":0.0,"damage_taken":0.0},{"damage_healed":0.0,"max_hp_gain":0.0,"max_hp_loss":0.0,"gold_gain":0.0,"event_name":"SecretPortal","player_choice":"Ignored","floor":36.0,"gold_loss":0.0,"damage_taken":0.0}],"is_beta":false,"boss_relics":[{"not_picked":["Tiny House","White Beast Statue"],"picked":"Busted Crown"},{"not_picked":["HoveringKite","Black Star"],"picked":"Calling Bell"}],"items_purged_floors":[22,48],"is_endless":false,"potions_floor_spawned":[6,13,19,23,27,37,38,46,47],"ascension_level":1}