{"gold_per_floor":[361,141,141,156,206,239,239,289,289,357,371,371,394,414,414,414],"floor_reached":16,"playtime":625,"items_purged":["Normality"],"score":102,"play_id":"78f7eb48-2ab1-47a6-94b7-cb537e9bf796","local_time":"20180707153805","is_ascension_mode":false,"campfire_choices":[{"floor":7,"key":"REST"},{"floor":12,"key":"REST"},{"data":"Pommel Strike","floor":15,"key":"SMITH"}],"neow_cost":"CURSE","seed_source_timestamp":277436346499952,"circlet_count":0,"master_deck":["Strike_R","Strike_R","Strike_R","Strike_R","Defend_R","Defend_R","Defend_R","Defend_R","Bash","Pommel Strike+1"],"relics":["Burning Blood","Pen Nib","SsserpentHead","Singing Bowl","Golden Idol","Shuriken"],"potions_floor_usage":[6,16,16,16],"damage_taken":[{"damage":2,"enemies":"2 Louse","floor":1,"turns":3},{"damage":8,"enemies":"Cultist","floor":4,"turns":5},{"damage":36,"enemies":"3 Sentries","floor":6,"turns":10},{"damage":10,"enemies":"Jaw Worm","floor":10,"turns":4},{"damage":28,"enemies":"Exordium Wildlife","floor":11,"turns":6},{"damage":0,"enemies":"Large Slime","floor":13,"turns":5},{"damage":10,"enemies":"Looter","floor":14,"turns":3},{"damage":80,"enemies":"The Guardian","floor":16,"turns":9}],"seed_played":"-5504618852911667828","potions_obtained":[{"floor":1,"key":"Regen Potion"},{"floor":10,"key":"SteroidPotion"},{"floor":11,"key":"Weak Potion"},{"floor":13,"key":"SpeedPotion"},{"floor":14,"key":"Fire Potion"}],"is_trial":false,"path_per_floor":["M","$","?","M","?","E","R","?","T","M","M","R","M","M","R"],"character_chosen":"IRONCLAD","items_purchased":["Pen Nib"],"campfire_rested":2,"item_purchase_floors":[2],"current_hp_per_floor":[80,80,80,78,78,65,82,76,76,74,54,78,80,78,78,0],"gold":414,"neow_bonus":"TWO_FIFTY_GOLD","is_prod":false,"is_daily":false,"chose_seed":false,"campfire_upgraded":1,"win_rate":0.0,"timestamp":1530992285,"path_taken":["M","$","?","M","?","E","R","?","T","?","M","R","M","M","R","BOSS"],"build_version":"2018-07-05","purchased_purges":1,"victory":false,"max_hp_per_floor":[80,80,80,80,80,82,82,76,76,78,80,80,80,82,82,82],"card_choices":[{"not_picked":["Reckless Charge","Anger","Twin Strike"],"picked":"SKIP","floor":1},{"not_picked":["Infernal Blade","Metallicize","Twin Strike"],"picked":"SKIP","floor":4},{"not_picked":["True Grit","Cleave","Sever Soul"],"picked":"Singing Bowl","floor":6},{"not_picked":["Burning Pact","Heavy Blade","True Grit"],"picked":"Singing Bowl","floor":10},{"not_picked":["Havoc","Anger","Headbutt"],"picked":"Singing Bowl","floor":11},{"not_picked":["Wild Strike","Feed"],"picked":"Pommel Strike","floor":13},{"not_picked":["Shockwave","Uppercut","Sword Boomerang"],"picked":"Singing Bowl","floor":14}],"player_experience":205525,"relics_obtained":[{"floor":6,"key":"Singing Bowl"},{"floor":9,"key":"Shuriken"}],"event_choices":[{"event_name":"FaceTrader","player_choice":"Trade","floor":3,"damage_taken":0},{"event_name":"Living Wall","player_choice":"Forget","floor":5,"damage_taken":0},{"event_name":"Golden Idol","player_choice":"Lose Max HP","floor":8,"damage_taken":0}],"boss_relics":[],"items_purged_floors":[2],"is_endless":false,"potions_floor_spawned":[1,10,11,13,14],"killed_by":"The Guardian","ascension_level":0}