{"gold_per_floor":[112,112,112,132,146,146,170,209,209,262,262,300,300,319,319,319],"floor_reached":16,"playtime":369,"items_purged":[],"score":204,"play_id":"ce211f8c-fb2f-42c2-a4b3-e57e59b74ca9","local_time":"20190316003249","is_ascension_mode":true,"campfire_choices":[{"data":"Inflame","floor":6,"key":"SMITH"},{"data":"Bash","floor":11,"key":"SMITH"},{"data":"Inflame","floor":15,"key":"SMITH"}],"neow_cost":"NONE","seed_source_timestamp":8708223522450,"circlet_count":0,"master_deck":["AscendersBane","Strike_R","Strike_R","Strike_R","Strike_R","Strike_R","Defend_R","Defend_R+1","Defend_R+1","Defend_R","Bash+1","Thunderclap","Inflame+1","Pummel","Feed","Inflame+1"],"relics":["Burning Blood","NeowsBlessing","Golden Idol","War Paint","Lantern","Ornamental Fan"],"potions_floor_usage":[7,8],"damage_taken":[{"damage":0,"enemies":"2 Louse","floor":1,"turns":2},{"damage":0,"enemies":"Small Slimes","floor":4,"turns":2},{"damage":0,"enemies":"Cultist","floor":5,"turns":1},{"damage":16,"enemies":"Exordium Wildlife","floor":7,"turns":4},{"damage":30,"enemies":"Lagavulin","floor":8,"turns":5},{"damage":29,"enemies":"3 Sentries","floor":12,"turns":7},{"damage":4,"enemies":"Looter","floor":14,"turns":3},{"damage":52,"enemies":"Slime Boss","floor":16,"turns":7}],"seed_played":"-5321870297761682507","potions_obtained":[{"floor":1,"key":"FearPotion"},{"floor":4,"key":"PowerPotion"},{"floor":14,"key":"FairyPotion"}],"is_trial":false,"path_per_floor":["M","?","?","M","M","R","M","E","T","?","R","E","?","M","R","B"],"character_chosen":"IRONCLAD","items_purchased":[],"campfire_rested":0,"item_purchase_floors":[],"current_hp_per_floor":[74,48,75,75,75,75,65,41,41,41,41,18,18,20,20,0],"gold":319,"neow_bonus":"THREE_ENEMY_KILL","is_prod":false,"is_daily":false,"chose_seed":false,"campfire_upgraded":3,"win_rate":0,"timestamp":1552681969,"path_taken":["M","?","?","M","?","R","M","E","T","?","R","E","?","M","R","BOSS"],"build_version":"2019-01-23","purchased_purges":0,"victory":false,"max_hp_per_floor":[75,75,75,75,75,75,75,75,75,75,75,75,75,75,75,75],"card_choices":[{"not_picked":["Seeing Red","Armaments","Flex"],"picked":"SKIP","floor":1},{"not_picked":["Body Slam","Heavy Blade"],"picked":"Thunderclap","floor":4},{"not_picked":["Armaments","Pommel Strike"],"picked":"Inflame","floor":5},{"not_picked":["Cleave","Entrench"],"picked":"Pummel","floor":7},{"not_picked":["Thunderclap","Body Slam"],"picked":"Feed","floor":8},{"not_picked":["Havoc","Body Slam","Dark Embrace"],"picked":"SKIP","floor":12},{"not_picked":["Heavy Blade","Cleave"],"picked":"Inflame","floor":14}],"player_experience":729258,"relics_obtained":[{"floor":8,"key":"War Paint"},{"floor":9,"key":"Lantern"},{"floor":12,"key":"Ornamental Fan"}],"event_choices":[{"damage_healed":0,"gold_gain":0,"player_choice":"Take Damage","damage_taken":26,"relics_obtained":["Golden Idol"],"max_hp_gain":0,"max_hp_loss":0,"event_name":"Golden Idol","floor":2,"gold_loss":0},{"damage_healed":27,"gold_gain":0,"player_choice":"Full Heal","damage_taken":0,"max_hp_gain":0,"max_hp_loss":0,"event_name":"Wheel of Change","floor":3,"gold_loss":0},{"damage_healed":0,"gold_gain":53,"player_choice":"Gained Gold","damage_taken":0,"max_hp_gain":0,"max_hp_loss":0,"event_name":"Golden Wing","floor":10,"gold_loss":0},{"damage_healed":0,"gold_gain":0,"player_choice":"Ignored","damage_taken":0,"max_hp_gain":0,"max_hp_loss":0,"event_name":"Liars Game","floor":13,"gold_loss":0}],"is_beta":false,"boss_relics":[],"items_purged_floors":[],"is_endless":false,"potions_floor_spawned":[1,4,14],"killed_by":"Slime Boss","ascension_level":17}