{"gold_per_floor":[19,33,43,58,58,86,86,86,86,86,106,31,31,31,31,105,105,121,147,147,147,147,147,147,159,235,235,249,15,35,69,69,148,148,161,161,175,186,186,186,218,218,218,238,250,250,250,264,264,264],"floor_reached":51,"playtime":3843,"items_purged":["Strike_B"],"score":1206,"play_id":"3afc663d-f2ad-4cd6-af3c-e8f43ed1af95","local_time":"20190416145709","is_ascension_mode":true,"campfire_choices":[{"floor":8.0,"key":"REST"},{"data":"Conserve Battery","floor":10.0,"key":"SMITH"},{"data":"Dualcast","floor":13.0,"key":"SMITH"},{"data":"Fission","floor":15.0,"key":"SMITH"},{"data":"White Noise","floor":23.0,"key":"SMITH"},{"data":"Defragment","floor":27.0,"key":"SMITH"},{"floor":32.0,"key":"REST"},{"data":"Zap","floor":40.0,"key":"SMITH"},{"data":"Coolheaded","floor":42.0,"key":"SMITH"},{"data":"Seek","floor":49.0,"key":"SMITH"}],"neow_cost":"NO_GOLD","seed_source_timestamp":14655090561701,"circlet_count":0,"master_deck":["AscendersBane","Zap+1","Dualcast+1","Conserve Battery+1","Melter+1","Fission+1","Glacier","White Noise+1","Seek+1","Glacier+1","Rebound+1","Hello World+1","Coolheaded+1","Defragment+1","Darkness","Undo","Machine Learning","Self Repair+1","Buffer+1","Ball Lightning","Compile Driver+1","Master of Strategy","Cold Snap"],"special_seed":0,"relics":["Cracked Core","Whetstone","Symbiotic Virus","Potion Belt","Astrolabe","Vajra","Prayer Wheel","Dodecahedron","Regal Pillow","Frozen Egg 2","Sozu","Smiling Mask","Kunai"],"potions_floor_usage":[50,50,50],"damage_taken":[{"damage":0.0,"enemies":"Small Slimes","floor":1.0,"turns":3.0},{"damage":0.0,"enemies":"Cultist","floor":2.0,"turns":4.0},{"damage":1.0,"enemies":"2 Louse","floor":3.0,"turns":2.0},{"damage":11.0,"enemies":"Large Slime","floor":4.0,"turns":8.0},{"damage":27.0,"enemies":"Lagavulin","floor":6.0,"turns":8.0},{"damage":1.0,"enemies":"2 Fungi Beasts","floor":11.0,"turns":2.0},{"damage":20.0,"enemies":"Hexaghost","floor":16.0,"turns":15.0},{"damage":0.0,"enemies":"3 Byrds","floor":18.0,"turns":6.0},{"damage":0.0,"enemies":"Spheric Guardian","floor":25.0,"turns":3.0},{"damage":9.0,"enemies":"Shelled Parasite and Fungi","floor":28.0,"turns":6.0},{"damage":0.0,"enemies":"Centurion and Healer","floor":30.0,"turns":4.0},{"damage":39.0,"enemies":"Gremlin Leader","floor":31.0,"turns":9.0},{"damage":3.0,"enemies":"Champ","floor":33.0,"turns":21.0},{"damage":14.0,"enemies":"Orb Walker","floor":35.0,"turns":4.0},{"damage":0.0,"enemies":"3 Darklings","floor":37.0,"turns":5.0},{"damage":0.0,"enemies":"Writhing Mass","floor":38.0,"turns":10.0},{"damage":0.0,"enemies":"Nemesis","floor":41.0,"turns":15.0},{"damage":1.0,"enemies":"Spire Growth","floor":44.0,"turns":7.0},{"damage":0.0,"enemies":"Jaw Worm Horde","floor":45.0,"turns":5.0},{"damage":0.0,"enemies":"Sphere and 2 Shapes","floor":48.0,"turns":6.0},{"damage":53,"enemies":"Awakened One","floor":50,"turns":34}],"seed_played":"-3013014546291745869","potions_obtained":[{"floor":4.0,"key":"SpeedPotion"},{"floor":16.0,"key":"EssenceOfSteel"},{"floor":18.0,"key":"Dexterity Potion"},{"floor":28.0,"key":"FearPotion"},{"floor":31.0,"key":"SkillPotion"}],"is_trial":false,"path_per_floor":["M","M","M","M","?","E","?","R","T","R","M","$","R","?","R","B",null,"M","T","?","?","?","R","?","M","T","R","M","$","M","E","R","B",null,"M","$","M","M","?","R","E","R","T","M","M","?","?","M","R","B",null],"character_chosen":"DEFECT","items_purchased":["Regal Pillow","Undo"],"campfire_rested":2,"item_purchase_floors":[29,29],"current_hp_per_floor":[64,64,63,52,57,30,25,47,47,47,46,46,46,46,46,26,64,64,64,64,64,64,64,64,64,64,64,55,55,55,16,53,60,72,68,68,76,76,76,76,76,76,76,76,76,76,76,76,76,33],"gold":264,"neow_bonus":"REMOVE_TWO","is_prod":false,"is_daily":false,"chose_seed":false,"campfire_upgraded":8,"win_rate":0,"timestamp":1555394229,"path_taken":["M","M","M","M","?","E","?","R","T","R","M","$","R","?","R","BOSS","M","?","?","?","?","R","?","M","T","R","?","$","M","E","R","BOSS","M","$","M","M","?","R","E","R","T","M","?","?","?","M","R","BOSS"],"build_version":"2019-01-23","purchased_purges":1,"victory":true,"max_hp_per_floor":[71,71,71,71,76,76,76,76,76,76,76,76,76,76,76,76,76,76,76,76,76,76,76,76,76,76,76,76,76,76,76,76,76,76,76,76,76,76,76,76,76,76,76,76,76,76,76,76,76,76],"card_choices":[{"not_picked":["Beam Cell","Go for the Eyes"],"picked":"Conserve Battery","floor":1.0},{"not_picked":["Steam Power","Rebound"],"picked":"Melter","floor":2.0},{"not_picked":["Stack","Beam Cell"],"picked":"Cold Snap","floor":3.0},{"not_picked":["Beam Cell","Force Field"],"picked":"Fission","floor":4.0},{"not_picked":["Beam Cell","Cold Snap"],"picked":"Glacier","floor":6.0},{"not_picked":["Tempest","Lockon"],"picked":"White Noise","floor":11.0},{"not_picked":["Reboot","Amplify"],"picked":"Seek","floor":16.0},{"not_picked":["Redo+1","Genetic Algorithm"],"picked":"Coolheaded","floor":18.0},{"not_picked":["Glacier","Heatsinks"],"picked":"Defragment","floor":25.0},{"not_picked":["Force Field","Beam Cell","Chaos"],"picked":"SKIP","floor":25.0},{"not_picked":["White Noise","Skim"],"picked":"Darkness","floor":28.0},{"not_picked":["Streamline+1","Hologram","Force Field+1"],"picked":"SKIP","floor":28.0},{"not_picked":["Rebound","Heatsinks"],"picked":"Machine Learning","floor":30.0},{"not_picked":["Barrage","Sunder","Cold Snap"],"picked":"SKIP","floor":30.0},{"not_picked":["Conserve Battery","Coolheaded+1"],"picked":"Self Repair","floor":31.0},{"not_picked":["Reboot","Rainbow"],"picked":"Buffer+1","floor":33.0},{"not_picked":["Beam Cell","Chill","Glacier"],"picked":"SKIP","floor":35.0},{"not_picked":["Hologram","Barrage","Chaos"],"picked":"SKIP","floor":35.0},{"not_picked":["Leap","Turbo","Static Discharge+1"],"picked":"SKIP","floor":37.0},{"not_picked":["Conserve Battery","Barrage+1","Sunder"],"picked":"SKIP","floor":37.0},{"not_picked":["Barrage","Sunder+1","Self Repair+1"],"picked":"SKIP","floor":38.0},{"not_picked":["Turbo+1","Compile Driver","Stack"],"picked":"SKIP","floor":38.0},{"not_picked":["Force Field","Sunder"],"picked":"Ball Lightning","floor":41.0},{"not_picked":["Buffer+1","Stack"],"picked":"Compile Driver+1","floor":44.0},{"not_picked":["Gash","Conserve Battery","Rebound"],"picked":"SKIP","floor":44.0},{"not_picked":["Conserve Battery","Genetic Algorithm","Leap"],"picked":"SKIP","floor":45.0},{"not_picked":["Rainbow","Compile Driver+1","Gash"],"picked":"SKIP","floor":45.0},{"not_picked":["Enlightenment","Mind Blast"],"picked":"Master of Strategy","floor":46.0},{"not_picked":["Sweeping Beam","Steam+1"],"picked":"Cold Snap","floor":48.0},{"not_picked":["Steam","Gash","Compile Driver"],"picked":"SKIP","floor":48.0}],"player_experience":594477,"relics_obtained":[{"floor":6.0,"key":"Whetstone"},{"floor":9.0,"key":"Potion Belt"},{"floor":19.0,"key":"Vajra"},{"floor":26.0,"key":"Dodecahedron"},{"floor":31.0,"key":"Frozen Egg 2"},{"floor":41.0,"key":"Smiling Mask"},{"floor":43.0,"key":"Kunai"}],"event_choices":[{"damage_healed":0.0,"max_hp_gain":5.0,"max_hp_loss":0.0,"gold_gain":0.0,"event_name":"Big Fish","player_choice":"Donut","floor":5.0,"gold_loss":0.0,"damage_taken":0.0},{"damage_healed":0.0,"max_hp_gain":0.0,"max_hp_loss":0.0,"gold_gain":0.0,"event_name":"Scrap Ooze","player_choice":"Success","floor":7.0,"gold_loss":0.0,"damage_taken":5.0,"relics_obtained":["Symbiotic Virus"]},{"cards_removed":["Defend_B"],"damage_healed":0.0,"max_hp_gain":0.0,"max_hp_loss":0.0,"gold_gain":0.0,"event_name":"Purifier","player_choice":"Purged","floor":14.0,"gold_loss":0.0,"damage_taken":0.0},{"damage_healed":0.0,"max_hp_gain":0.0,"max_hp_loss":0.0,"gold_gain":0.0,"event_name":"Beggar","player_choice":"Ignored","floor":20.0,"gold_loss":0.0,"damage_taken":0.0},{"damage_healed":0.0,"max_hp_gain":0.0,"max_hp_loss":0.0,"gold_gain":0.0,"event_name":"The Mausoleum","player_choice":"Opened","floor":21.0,"gold_loss":0.0,"damage_taken":0.0,"relics_obtained":["Prayer Wheel"],"cards_obtained":["Writhe"]},{"damage_healed":0.0,"max_hp_gain":0.0,"max_hp_loss":0.0,"gold_gain":0.0,"event_name":"Ghosts","player_choice":"Ignored","floor":22.0,"gold_loss":0.0,"damage_taken":0.0},{"cards_removed":["Writhe"],"damage_healed":0.0,"max_hp_gain":0.0,"max_hp_loss":0.0,"gold_gain":0.0,"event_name":"Fountain of Cleansing","player_choice":"Removed Curses","floor":24.0,"gold_loss":0.0,"damage_taken":0.0},{"cards_removed":["Strike_B"],"damage_healed":0.0,"max_hp_gain":0.0,"max_hp_loss":0.0,"gold_gain":0.0,"event_name":"Bonfire Elementals","player_choice":"Offered Basic","floor":39.0,"gold_loss":0.0,"damage_taken":0.0},{"damage_healed":0.0,"max_hp_gain":0.0,"max_hp_loss":0.0,"gold_gain":0.0,"event_name":"SensoryStone","player_choice":"Memory 1","floor":46.0,"gold_loss":0.0,"damage_taken":0.0},{"cards_removed":["Cold Snap"],"damage_healed":0.0,"max_hp_gain":0.0,"max_hp_loss":0.0,"gold_gain":0.0,"event_name":"Falling","player_choice":"Removed Attack","floor":47.0,"gold_loss":0.0,"damage_taken":0.0}],"is_beta":false,"boss_relics":[{"not_picked":["Black Star","Fusion Hammer"],"picked":"Astrolabe"},{"not_picked":["Velvet Choker","Nuclear Battery"],"picked":"Sozu"}],"items_purged_floors":[12],"is_endless":false,"potions_floor_spawned":[4,16,18,28,31,35,37,38,48],"ascension_level":16}