{"gold_per_floor":[109,121,46,46,46,81,95,95,95,95,113,113,140,155,155,250,250,263,279,179,191,201,201,76,76,155,155,155],"floor_reached":28,"playtime":1598,"items_purged":["Entrench","Iron Wave","Clothesline"],"score":278,"play_id":"4ee4af1c-48ac-490d-b691-eb269e868a72","local_time":"20190210225245","daily_mods":["Insanity"],"is_ascension_mode":false,"campfire_choices":[{"floor":8,"key":"REST"},{"data":"Perfected Strike","floor":10,"key":"SMITH"},{"data":"Iron Wave","floor":12,"key":"SMITH"},{"data":"Infernal Blade","floor":15,"key":"SMITH"},{"data":"Perfected Strike","floor":23,"key":"SMITH"},{"data":"Infernal Blade","floor":27,"key":"SMITH"}],"neow_cost":"","seed_source_timestamp":47406677383805,"circlet_count":0,"master_deck":["Perfected Strike+1","Spot Weakness","Rampage","Headbutt","Clothesline","Iron Wave+1","Cleave","Thunderclap","Carnage","Cleave","Armaments","Infernal Blade+1","Whirlwind","Cleave","Havoc","Clothesline","Flame Barrier","Armaments","Feel No Pain","Warcry","Iron Wave","Sword Boomerang","Flame Barrier","Corruption","Iron Wave","Fire Breathing","Body Slam","True Grit","Perfected Strike+1","Perfected Strike","Infernal Blade+1","Headbutt","Headbutt","Rampage","Headbutt","Anger","Second Wind","Sever Soul","Anger","Twin Strike","Feel No Pain","Havoc","Wild Strike","Burning Pact","Havoc","Clash"],"relics":["Burning Blood","Meat on the Bone","Art of War","Pen Nib","Lizard Tail","Pantograph"],"potions_floor_usage":[6,16,21],"damage_taken":[{"damage":6,"enemies":"Jaw Worm","floor":1,"turns":3},{"damage":0,"enemies":"2 Louse","floor":2,"turns":1},{"damage":31,"enemies":"Lagavulin","floor":6,"turns":5},{"damage":6,"enemies":"Cultist","floor":7,"turns":3},{"damage":5,"enemies":"Gremlin Gang","floor":11,"turns":3},{"damage":20,"enemies":"Gremlin Nob","floor":13,"turns":4},{"damage":0,"enemies":"3 Louse","floor":14,"turns":3},{"damage":42,"enemies":"Hexaghost","floor":16,"turns":8},{"damage":39,"enemies":"Shell Parasite","floor":18,"turns":5},{"damage":10,"enemies":"Spheric Guardian","floor":19,"turns":3},{"damage":17,"enemies":"Snecko","floor":21,"turns":4},{"damage":68,"enemies":"Shelled Parasite and Fungi","floor":22,"turns":7},{"damage":46,"enemies":"Snake Plant","floor":28,"turns":5}],"seed_played":"-891437718956655165","potions_obtained":[{"floor":2,"key":"AttackPotion"},{"floor":6,"key":"Weak Potion"},{"floor":7,"key":"Weak Potion"},{"floor":16,"key":"Swift Potion"},{"floor":18,"key":"EssenceOfSteel"},{"floor":21,"key":"Energy Potion"}],"is_trial":true,"path_per_floor":["M","M","$","?","?","E","M","R","T","R","M","R","E","M","R","B",null,"M","M","$","M","M","R","$","?","T","R","M"],"character_chosen":"IRONCLAD","items_purchased":[],"campfire_rested":1,"item_purchase_floors":[],"current_hp_per_floor":[80,80,80,73,78,53,53,78,78,78,79,79,65,71,71,47,85,52,60,60,49,41,41,41,41,41,41,0],"gold":155,"neow_bonus":"","is_prod":false,"is_daily":false,"chose_seed":false,"campfire_upgraded":5,"win_rate":0,"timestamp":1549857165,"path_taken":["M","M","$","?","?","E","M","R","T","R","M","R","E","M","R","BOSS","M","M","$","M","M","R","$","?","T","R","M"],"build_version":"2019-01-23","purchased_purges":3,"victory":false,"max_hp_per_floor":[80,80,80,80,85,85,85,85,85,85,85,85,85,85,85,85,85,85,85,85,85,85,85,85,85,85,85,85],"card_choices":[{"not_picked":["Spot Weakness","Entrench","True Grit"],"picked":"SKIP","floor":1},{"not_picked":["Body Slam","Fire Breathing","Headbutt"],"picked":"SKIP","floor":2},{"not_picked":["Battle Trance","Iron Wave","Cleave"],"picked":"SKIP","floor":6},{"not_picked":["Wild Strike","Pommel Strike","Feel No Pain"],"picked":"SKIP","floor":7},{"not_picked":["Inflame","Blood for Blood","Anger"],"picked":"SKIP","floor":11},{"not_picked":["Burning Pact","Carnage","Sword Boomerang"],"picked":"SKIP","floor":13},{"not_picked":["Sword Boomerang","Shrug It Off","Iron Wave"],"picked":"SKIP","floor":14},{"not_picked":["Pommel Strike+1","Wild Strike","Clash"],"picked":"SKIP","floor":18},{"not_picked":["Second Wind","Intimidate","Twin Strike"],"picked":"SKIP","floor":19},{"not_picked":["Warcry","Rampage+1","Carnage"],"picked":"SKIP","floor":21},{"not_picked":["Wild Strike","Heavy Blade","Body Slam"],"picked":"SKIP","floor":22}],"player_experience":381315,"relics_obtained":[{"floor":6,"key":"Meat on the Bone"},{"floor":9,"key":"Art of War"},{"floor":13,"key":"Pen Nib"},{"floor":26,"key":"Pantograph"}],"event_choices":[{"cards_removed":["Clothesline"],"damage_healed":0,"gold_gain":0,"player_choice":"Card Removal","damage_taken":7,"max_hp_gain":0,"max_hp_loss":0,"event_name":"Golden Wing","floor":4,"gold_loss":0},{"damage_healed":0,"gold_gain":0,"player_choice":"Donut","damage_taken":0,"max_hp_gain":5,"max_hp_loss":0,"event_name":"Big Fish","floor":5,"gold_loss":0},{"damage_healed":0,"gold_gain":0,"player_choice":"Ignored","damage_taken":0,"max_hp_gain":0,"max_hp_loss":0,"event_name":"Vampires","floor":25,"gold_loss":0}],"is_beta":false,"boss_relics":[{"not_picked":["Ectoplasm","Runic Pyramid"],"picked":"Lizard Tail"}],"items_purged_floors":[3,20,24],"is_endless":false,"potions_floor_spawned":[2,6,7,16,18,21],"killed_by":"Snake Plant","ascension_level":0}