{"gold_per_floor":[359,246,262,274,98,98,98,130,130,80,80,94,94,104,104,203,203,215,215,90,90,90,90,116,135,135,135,151,151,171,171,171,271,321,337,362,376,389,389,423,423,523,523,29,29,42,42,60,60,60],"floor_reached":51,"playtime":2711,"items_purged":["Strike_R","Defend_R","Strike_R","Strike_R"],"score":768,"play_id":"2cfadb88-53d7-4e5d-a8a1-48c02ee5565f","local_time":"20190414172541","is_ascension_mode":false,"campfire_choices":[{"data":"Whirlwind","floor":6,"key":"SMITH"},{"data":"Uppercut","floor":13,"key":"SMITH"},{"data":"Spot Weakness","floor":15,"key":"SMITH"},{"data":"Bash","floor":23,"key":"SMITH"},{"data":"Battle Trance","floor":27,"key":"SMITH"},{"data":"Defend_R","floor":29,"key":"SMITH"},{"data":"Flex","floor":32,"key":"SMITH"},{"data":"Limit Break","floor":41,"key":"SMITH"},{"data":"Inflame","floor":47,"key":"SMITH"},{"floor":49,"key":"REST"}],"neow_cost":"PERCENT_DAMAGE","seed_source_timestamp":3081103992005,"circlet_count":0,"master_deck":["Defend_R+1","Defend_R","Defend_R+1","Bash+1","Spot Weakness+1","Battle Trance+1","Whirlwind+1","Whirlwind+1","Uppercut+1","Flex+1","Limit Break+1","Heavy Blade+1","Metallicize+1","Flame Barrier+1","Offering","Inflame+1","Metallicize+1"],"relics":["Burning Blood","Turnip","Singing Bowl","FaceOfCleric","Runic Dome","Question Card","Blue Candle","Meat on the Bone","Tiny House","Bag of Preparation","Mango","Calipers","Ginger","Bottled Flame","Brimstone"],"potions_floor_usage":[40,40,40,42,50,50],"damage_taken":[{"damage":1,"enemies":"Cultist","floor":1,"turns":3},{"damage":0,"enemies":"Small Slimes","floor":3,"turns":5},{"damage":0,"enemies":"2 Louse","floor":4,"turns":1},{"damage":31,"enemies":"Lagavulin","floor":8,"turns":5},{"damage":0,"enemies":"Large Slime","floor":12,"turns":3},{"damage":0,"enemies":"Lots of Slimes","floor":14,"turns":1},{"damage":31,"enemies":"Slime Boss","floor":16,"turns":8},{"damage":1,"enemies":"Chosen","floor":18,"turns":3},{"damage":26,"enemies":"Book of Stabbing","floor":24,"turns":5},{"damage":0,"enemies":"Spheric Guardian","floor":25,"turns":3},{"damage":4,"enemies":"Centurion and Healer","floor":28,"turns":3},{"damage":5,"enemies":"Chosen and Byrds","floor":30,"turns":4},{"damage":66,"enemies":"Champ","floor":33,"turns":9},{"damage":7,"enemies":"3 Shapes","floor":35,"turns":4},{"damage":0,"enemies":"Orb Walker","floor":37,"turns":2},{"damage":7,"enemies":"Maw","floor":38,"turns":6},{"damage":59,"enemies":"Nemesis","floor":40,"turns":7},{"damage":12,"enemies":"Mind Bloom Boss Battle","floor":42,"turns":4},{"damage":6,"enemies":"Transient","floor":46,"turns":4},{"damage":6,"enemies":"Spire Growth","floor":48,"turns":2},{"damage":40,"enemies":"Time Eater","floor":50,"turns":4}],"seed_played":"7224358023845031037","potions_obtained":[{"floor":3,"key":"Dexterity Potion"},{"floor":4,"key":"FearPotion"},{"floor":12,"key":"Swift Potion"},{"floor":22,"key":"Regen Potion"},{"floor":22,"key":"EssenceOfSteel"},{"floor":34,"key":"EntropicBrew"},{"floor":40,"key":"PowerPotion"},{"floor":42,"key":"Fruit Juice"},{"floor":48,"key":"SkillPotion"}],"is_trial":false,"path_per_floor":["M","$","M","M","$","R","?","E","T","?","?","M","R","M","R","B",null,"M","?","$","?","?","R","E","M","T","R","M","R","M","?","R","B",null,"M","T","M","M","T","E","R","?","T","$","$","M","R","M","R","B",null],"character_chosen":"IRONCLAD","items_purchased":["Battle Trance","Whirlwind","Brimstone","Offering","Inflame"],"campfire_rested":1,"item_purchase_floors":[2,5,44,44,44],"current_hp_per_floor":[61,61,67,73,73,73,73,48,48,48,48,57,57,66,66,44,89,92,92,92,92,92,92,75,84,84,84,89,89,91,91,91,44,110,112,112,116,116,130,78,78,90,90,90,90,91,91,94,136,103],"gold":60,"neow_bonus":"TWO_FIFTY_GOLD","is_prod":false,"is_daily":false,"chose_seed":false,"campfire_upgraded":9,"win_rate":0,"timestamp":1555284341,"path_taken":["M","$","?","M","$","R","?","E","T","?","?","?","R","M","R","BOSS","M","?","$","?","?","R","E","?","T","R","M","R","M","?","R","BOSS","M","?","?","M","?","E","R","?","T","?","$","M","R","M","R","BOSS"],"build_version":"2019-01-23","purchased_purges":4,"victory":true,"max_hp_per_floor":[80,80,80,80,80,80,80,80,80,80,80,83,83,86,86,89,89,92,92,92,92,92,92,95,98,98,98,101,101,102,102,102,103,110,113,113,116,117,131,132,132,138,138,138,138,139,139,142,142,143],"card_choices":[{"not_picked":["Cleave","Iron Wave"],"picked":"Spot Weakness","floor":1},{"not_picked":["Body Slam","Thunderclap"],"picked":"Whirlwind","floor":3},{"not_picked":["Iron Wave","Burning Pact","True Grit"],"picked":"SKIP","floor":4},{"not_picked":["Cleave","Armaments"],"picked":"Uppercut","floor":8},{"not_picked":["Shrug It Off","Iron Wave","Rage"],"picked":"Singing Bowl","floor":12},{"not_picked":["Evolve","Sword Boomerang","Pummel"],"picked":"Singing Bowl","floor":14},{"not_picked":["Exhume","Fiend Fire","Juggernaut"],"picked":"Singing Bowl","floor":16},{"not_picked":["Anger+1","Body Slam","Hemokinesis"],"picked":"Singing Bowl","floor":18},{"not_picked":["Cleave+1","Havoc+1","Thunderclap"],"picked":"Singing Bowl","floor":24},{"not_picked":["Brutality","Shrug It Off","Clothesline","Wild Strike"],"picked":"Singing Bowl","floor":25},{"not_picked":["Cleave+1","Iron Wave","Thunderclap+1","Havoc"],"picked":"Singing Bowl","floor":28},{"not_picked":["Battle Trance","Dropkick+1","Bludgeon"],"picked":"Flex","floor":30},{"not_picked":["Barricade","Offering","Double Tap"],"picked":"Limit Break","floor":33},{"not_picked":["Perfected Strike+1","Dropkick","Anger","Warcry"],"picked":"Singing Bowl","floor":34},{"not_picked":["Pummel+1","Ghostly Armor+1","Headbutt","Sever Soul+1"],"picked":"Singing Bowl","floor":35},{"not_picked":["Clothesline+1","Flex","Headbutt","Shrug It Off"],"picked":"Singing Bowl","floor":37},{"not_picked":["Sentinel+1","Combust+1","Fire Breathing+1"],"picked":"Heavy Blade+1","floor":38},{"not_picked":["Sword Boomerang","Havoc+1","Iron Wave+1"],"picked":"Metallicize+1","floor":40},{"not_picked":["Headbutt+1","Reckless Charge","Flex"],"picked":"Flame Barrier+1","floor":42},{"not_picked":["Wild Strike","Headbutt","Seeing Red+1"],"picked":"Metallicize+1","floor":46},{"not_picked":["Havoc+1","Metallicize","Sword Boomerang+1","Blood for Blood"],"picked":"Singing Bowl","floor":48}],"player_experience":1214539,"relics_obtained":[{"floor":8,"key":"Turnip"},{"floor":9,"key":"Singing Bowl"},{"floor":24,"key":"Question Card"},{"floor":26,"key":"Blue Candle"},{"floor":31,"key":"Meat on the Bone"},{"floor":36,"key":"Bag of Preparation"},{"floor":39,"key":"Mango"},{"floor":40,"key":"Calipers"},{"floor":42,"key":"Ginger"},{"floor":43,"key":"Bottled Flame"}],"event_choices":[{"damage_healed":0,"gold_gain":0,"player_choice":"Grow","damage_taken":0,"max_hp_gain":0,"max_hp_loss":0,"event_name":"Living Wall","floor":7,"gold_loss":0,"cards_upgraded":["Whirlwind"]},{"cards_removed":["Strike_R"],"damage_healed":0,"gold_gain":0,"player_choice":"Card Removal","damage_taken":0,"max_hp_gain":0,"max_hp_loss":0,"event_name":"The Cleric","floor":10,"gold_loss":50},{"damage_healed":0,"gold_gain":0,"player_choice":"Trade","damage_taken":0,"relics_obtained":["FaceOfCleric"],"max_hp_gain":0,"max_hp_loss":0,"event_name":"FaceTrader","floor":11,"gold_loss":0},{"cards_removed":["Strike_R"],"damage_healed":0,"gold_gain":0,"player_choice":"Elegance","damage_taken":0,"max_hp_gain":0,"max_hp_loss":0,"event_name":"Back to Basics","floor":19,"gold_loss":0},{"damage_healed":0,"gold_gain":0,"player_choice":"Ignored","damage_taken":0,"max_hp_gain":0,"max_hp_loss":0,"event_name":"Ghosts","floor":21,"gold_loss":0},{"damage_healed":0,"gold_gain":0,"player_choice":"Got Potions","damage_taken":0,"max_hp_gain":0,"max_hp_loss":0,"event_name":"Lab","floor":22,"gold_loss":0},{"damage_healed":0,"gold_gain":0,"player_choice":"Relic","damage_taken":0,"max_hp_gain":0,"max_hp_loss":0,"event_name":"Wheel of Change","floor":31,"gold_loss":0},{"damage_healed":0,"gold_gain":0,"player_choice":"Fight","damage_taken":0,"max_hp_gain":0,"max_hp_loss":0,"event_name":"MindBloom","floor":42,"gold_loss":0}],"is_beta":false,"boss_relics":[{"not_picked":["Black Star","Snecko Eye"],"picked":"Runic Dome"},{"not_picked":["Pandora\u0027s Box","Black Blood"],"picked":"Tiny House"}],"items_purged_floors":[2,5,20,44],"is_endless":false,"potions_floor_spawned":[3,4,12,14,18,24,25,40,42,48],"ascension_level":0}