{"gold_per_floor":[110,110,127,138,150,150,178,178,230,241,253,253,253,287,287,384,384,400,490,501,501,501,530,530,564,589,589,609,625,170,182,182,277,277,293,293,46,46,63,88,88,98,124,143,143,143,143,159,159,159,159,159,11,42,42],"floor_reached":55,"playtime":4652,"items_purged":["Strike_G"],"score":874,"play_id":"69524947-0321-4e0a-86e2-41055ef3695a","local_time":"20190314111009","is_ascension_mode":true,"campfire_choices":[{"data":"Neutralize","floor":6.0,"key":"SMITH"},{"data":"Leg Sweep","floor":8.0,"key":"SMITH"},{"floor":13.0,"key":"REST"},{"floor":15.0,"key":"REST"},{"data":"Eviscerate","floor":24.0,"key":"SMITH"},{"floor":32.0,"key":"REST"},{"floor":41,"key":"REST"},{"floor":45,"key":"RECALL"},{"data":"A Thousand Cuts","floor":47,"key":"SMITH"},{"floor":49,"key":"REST"},{"data":"Eviscerate","floor":52,"key":"SMITH"}],"neow_cost":"NONE","seed_source_timestamp":0,"circlet_count":0,"master_deck":["Defend_G","Defend_G","Defend_G","Defend_G","Defend_G","Strike_G","Strike_G","Survivor","Neutralize+1","Dash","Backflip","Leg Sweep+1","Terror","Dagger Spray","PiercingWail","Predator","Eviscerate+1","Noxious Fumes","Adrenaline","Backflip","Dash","Cloak And Dagger+1","Cloak And Dagger","Eviscerate+1","Dash","Heel Hook","A Thousand Cuts+1","Cloak And Dagger+1","Backflip","Bouncing Flask","Crippling Poison","Panache","Metamorphosis","Mind Blast","Underhanded Strike+1"],"special_seed":0,"relics":["Snecko Eye","Bottled Lightning","Bronze Scales","Boot","Orrery","Enchiridion","Pear","Happy Flower","Turnip","HoveringKite","Sling","Mercury Hourglass","Omamori","Snake Skull","Kunai"],"potions_floor_usage":[33,33,50,50,50,50,50,55],"damage_taken":[{"damage":9.0,"enemies":"2 Louse","floor":1.0,"turns":4.0},{"damage":0.0,"enemies":"Cultist","floor":3.0,"turns":3.0},{"damage":0.0,"enemies":"Jaw Worm","floor":4.0,"turns":4.0},{"damage":14.0,"enemies":"Exordium Wildlife","floor":5.0,"turns":11.0},{"damage":4.0,"enemies":"3 Sentries","floor":7.0,"turns":6.0},{"damage":7.0,"enemies":"Lots of Slimes","floor":10.0,"turns":2.0},{"damage":5.0,"enemies":"3 Louse","floor":11.0,"turns":3.0},{"damage":15.0,"enemies":"Lagavulin","floor":14.0,"turns":5.0},{"damage":0.0,"enemies":"The Guardian","floor":16.0,"turns":8.0},{"damage":2.0,"enemies":"Chosen","floor":18.0,"turns":4.0},{"damage":9.0,"enemies":"2 Thieves","floor":20.0,"turns":4.0},{"damage":0.0,"enemies":"Book of Stabbing","floor":23.0,"turns":5.0},{"damage":21.0,"enemies":"Gremlin Leader","floor":25.0,"turns":4.0},{"damage":0.0,"enemies":"Colosseum Slavers","floor":27.0,"turns":3.0},{"damage":2.0,"enemies":"Centurion and Healer","floor":28.0,"turns":4.0},{"damage":0.0,"enemies":"3 Cultists","floor":29.0,"turns":4.0},{"damage":0.0,"enemies":"Cultist and Chosen","floor":31.0,"turns":5.0},{"damage":32,"enemies":"Automaton","floor":33,"turns":12},{"damage":0,"enemies":"Orb Walker","floor":35,"turns":2},{"damage":30,"enemies":"3 Shapes","floor":39,"turns":3},{"damage":10,"enemies":"Nemesis","floor":40,"turns":5},{"damage":6,"enemies":"Sphere and 2 Shapes","floor":42,"turns":4},{"damage":9,"enemies":"Maw","floor":44,"turns":6},{"damage":0,"enemies":"Transient","floor":48,"turns":5},{"damage":58,"enemies":"Awakened One","floor":50,"turns":11},{"damage":31,"enemies":"Shield and Spear","floor":54,"turns":7},{"damage":49,"enemies":"The Heart","floor":55,"turns":4}],"seed_played":"8262784680912316033","potions_obtained":[{"floor":1.0,"key":"Explosive Potion"},{"floor":5.0,"key":"Ancient Potion"},{"floor":14.0,"key":"Block Potion"},{"floor":20.0,"key":"LiquidBronze"},{"floor":33,"key":"EssenceOfSteel"},{"floor":35,"key":"EntropicBrew"},{"floor":39,"key":"AttackPotion"},{"floor":54,"key":"Poison Potion"}],"is_trial":false,"path_per_floor":["M","?","M","M","M","R","E","R","T","M","M","?","R","E","R","B",null,"M","?","M","?","?","E","R","E","T","?","M","M","$","M","R","B",null,"M","?","$","?","M","E","R","M","T","M","R","?","R","M","R","B",null,"R","$","E","B"],"character_chosen":"THE_SILENT","items_purchased":["Dash","Turnip","Sling","Backflip","Snake Skull"],"campfire_rested":5,"item_purchase_floors":[30,30,37,37,53],"current_hp_per_floor":[61,61,61,61,47,47,43,43,43,36,31,31,52,37,58,58,70,68,54,45,29,29,39,39,18,18,18,16,16,16,16,40,8,80,80,80,80,80,50,40,64,58,58,49,49,39,39,39,63,5,80,80,80,49,0],"gold":42,"neow_bonus":"BOSS_RELIC","is_prod":false,"is_daily":false,"chose_seed":false,"campfire_upgraded":5,"win_rate":0,"timestamp":1552558209,"path_taken":["M","?","M","M","?","R","E","R","T","M","M","?","R","E","R","BOSS","M","?","?","?","?","E","R","E","T","?","M","M","$","M","R","BOSS","M","?","$","?","M","E","R","M","T","?","R","?","R","M","R","BOSS","R","$","E","BOSS"],"build_version":"2019-01-23","purchased_purges":1,"victory":false,"max_hp_per_floor":[70,70,70,70,70,70,70,70,70,70,70,70,70,70,70,70,70,70,70,70,70,70,80,80,80,80,80,80,80,80,80,80,80,80,80,80,80,80,80,80,80,80,80,80,80,80,80,80,80,80,80,80,80,80,80],"card_choices":[{"not_picked":["Crippling Poison","Blade Dance"],"picked":"Dash","floor":1.0},{"not_picked":["Quick Slash","Escape Plan"],"picked":"Leg Sweep","floor":3.0},{"not_picked":["Quick Slash","Underhanded Strike"],"picked":"Terror","floor":4.0},{"not_picked":["Flying Knee","Underhanded Strike"],"picked":"Dagger Spray","floor":5.0},{"not_picked":["Quick Slash","Cloak And Dagger"],"picked":"PiercingWail","floor":7.0},{"not_picked":["Predator","Tactician","Expertise"],"picked":"SKIP","floor":10.0},{"not_picked":["Tactician","Expertise"],"picked":"Predator","floor":10.0},{"not_picked":["Endless Agony","Malaise"],"picked":"Eviscerate","floor":11.0},{"not_picked":["Calculated Gamble","Cloak And Dagger"],"picked":"Noxious Fumes","floor":14.0},{"not_picked":["Storm of Steel","Tools of the Trade"],"picked":"Adrenaline","floor":16.0},{"not_picked":["Deflect","Dagger Spray"],"picked":"Backflip","floor":17.0},{"not_picked":["Noxious Fumes","Reflex"],"picked":"Dash","floor":17.0},{"not_picked":["Underhanded Strike+1","Sucker Punch"],"picked":"Cloak And Dagger+1","floor":18.0},{"not_picked":["Blade Dance","Infinite Blades","Sucker Punch"],"picked":"SKIP","floor":20.0},{"not_picked":["Blur","Prepared","Bane"],"picked":"SKIP","floor":23.0},{"not_picked":["Backstab+1","Sucker Punch+1"],"picked":"Cloak And Dagger","floor":25.0},{"not_picked":["Prepared","Dagger Spray","Flechettes"],"picked":"SKIP","floor":28.0},{"not_picked":["Acrobatics","Outmaneuver"],"picked":"Eviscerate","floor":29.0},{"not_picked":["Burst","Distraction"],"picked":"Heel Hook","floor":31.0},{"not_picked":["Unload","Phantasmal Killer"],"picked":"A Thousand Cuts","floor":33},{"not_picked":["Deflect+1","Dagger Throw+1"],"picked":"Cloak And Dagger+1","floor":35},{"not_picked":["Calculated Gamble","Slice","Expertise"],"picked":"SKIP","floor":39},{"not_picked":["Night Terror","Poisoned Stab"],"picked":"Bouncing Flask","floor":40},{"not_picked":["Riddle With Holes","Expertise+1"],"picked":"Crippling Poison","floor":42},{"not_picked":["Slice","Dagger Throw+1","Outmaneuver+1"],"picked":"SKIP","floor":44},{"not_picked":["Jack Of All Trades","Transmutation"],"picked":"Panache","floor":46},{"not_picked":["Secret Weapon","Thinking Ahead"],"picked":"Metamorphosis","floor":46},{"not_picked":["Enlightenment","Deep Breath"],"picked":"Mind Blast","floor":46},{"not_picked":["Dagger Throw+1","Endless Agony+1","Underhanded Strike"],"picked":"SKIP","floor":48},{"not_picked":["Infinite Blades+1","Terror"],"picked":"Underhanded Strike+1","floor":54}],"player_experience":67374,"relics_obtained":[{"floor":7.0,"key":"Bottled Lightning"},{"floor":9.0,"key":"Bronze Scales"},{"floor":14.0,"key":"Boot"},{"floor":21.0,"key":"Enchiridion"},{"floor":23.0,"key":"Pear"},{"floor":25.0,"key":"Happy Flower"},{"floor":40,"key":"Mercury Hourglass"},{"floor":43,"key":"Omamori"},{"floor":54,"key":"Kunai"}],"event_choices":[{"damage_healed":0.0,"max_hp_gain":0.0,"max_hp_loss":0.0,"gold_gain":0.0,"event_name":"Match and Keep!","player_choice":"1 cards matched","floor":2.0,"gold_loss":0.0,"damage_taken":0.0,"cards_obtained":["Backflip"]},{"damage_healed":0.0,"max_hp_gain":0.0,"max_hp_loss":0.0,"gold_gain":0.0,"event_name":"Golden Idol","player_choice":"Ignored","floor":12.0,"gold_loss":0.0,"damage_taken":0.0},{"damage_healed":0.0,"max_hp_gain":0.0,"max_hp_loss":0.0,"gold_gain":90.0,"event_name":"Knowing Skull","player_choice":"GOLD ","floor":19.0,"potions_obtained":[],"gold_loss":0.0,"damage_taken":14.0,"cards_obtained":[]},{"damage_healed":0.0,"max_hp_gain":0.0,"max_hp_loss":0.0,"gold_gain":0.0,"event_name":"Cursed Tome","player_choice":"Obtained Book","floor":21.0,"gold_loss":0.0,"damage_taken":16.0},{"cards_removed":["Strike_G"],"damage_healed":0.0,"max_hp_gain":0.0,"max_hp_loss":0.0,"gold_gain":0.0,"event_name":"Back to Basics","player_choice":"Elegance","floor":22.0,"gold_loss":0.0,"damage_taken":0.0},{"damage_healed":0.0,"max_hp_gain":0.0,"max_hp_loss":0.0,"gold_gain":0.0,"event_name":"Colosseum","player_choice":"Fight","floor":27.0,"gold_loss":0.0,"damage_taken":0.0},{"damage_healed":0.0,"max_hp_gain":0.0,"max_hp_loss":0.0,"gold_gain":0.0,"event_name":"Colosseum","player_choice":"Fled From Nobs","floor":27.0,"gold_loss":0.0,"damage_taken":0.0},{"damage_healed":0,"gold_gain":0,"player_choice":"Ignored","damage_taken":0,"max_hp_gain":0,"max_hp_loss":0,"event_name":"Tomb of Lord Red Mask","floor":36,"gold_loss":0},{"cards_removed":["Strike_G"],"damage_healed":0,"gold_gain":0,"player_choice":"Purged","damage_taken":0,"max_hp_gain":0,"max_hp_loss":0,"event_name":"Purifier","floor":38,"gold_loss":0},{"damage_healed":0,"gold_gain":0,"player_choice":"Memory 3","damage_taken":10,"max_hp_gain":0,"max_hp_loss":0,"event_name":"SensoryStone","floor":46,"gold_loss":0}],"is_beta":false,"boss_relics":[{"not_picked":["Tiny House","Busted Crown"],"picked":"Orrery"},{"not_picked":["Velvet Choker","Empty Cage"],"picked":"HoveringKite"}],"items_purged_floors":[30],"is_endless":false,"potions_floor_spawned":[1,5,14,16,18,20,25,31,33,35,39,44,48,54],"killed_by":"The Heart","ascension_level":2}