{"gold_per_floor":[116,116,127,40,40,72,87,107,107,171,171,183,200,49,49,49],"floor_reached":16,"playtime":751,"items_purged":[],"score":122,"play_id":"e9930011-f3a3-4db9-b614-719cbe30664f","local_time":"20190331200639","is_ascension_mode":true,"campfire_choices":[{"data":"Discovery","floor":15,"key":"SMITH"}],"neow_cost":"NONE","seed_source_timestamp":513152471896234,"circlet_count":0,"master_deck":["Strike_R","Strike_R","Strike_R","Defend_R","Defend_R","Defend_R","Defend_R","Bash","Shrug It Off","Thunderclap","Discovery+1","Shockwave+1","Feel No Pain","Reckless Charge","Intimidate","Shockwave"],"relics":["Burning Blood","Mercury Hourglass","Blue Candle","Frozen Egg 2","Darkstone Periapt","Bag of Marbles"],"potions_floor_usage":[12,16,16],"damage_taken":[{"damage":8,"enemies":"2 Louse","floor":1,"turns":2},{"damage":6,"enemies":"Jaw Worm","floor":3,"turns":4},{"damage":30,"enemies":"Gremlin Nob","floor":6,"turns":5},{"damage":0,"enemies":"Cultist","floor":7,"turns":5},{"damage":2,"enemies":"2 Fungi Beasts","floor":8,"turns":3},{"damage":10,"enemies":"3 Sentries","floor":10,"turns":6},{"damage":9,"enemies":"3 Louse","floor":12,"turns":3},{"damage":11,"enemies":"Looter","floor":13,"turns":2},{"damage":50,"enemies":"Slime Boss","floor":16,"turns":9}],"seed_played":"5594624579169090419","potions_obtained":[{"floor":3,"key":"SpeedPotion"},{"floor":6,"key":"AttackPotion"},{"floor":7,"key":"Poison Potion"},{"floor":8,"key":"Poison Potion"},{"floor":10,"key":"BloodPotion"}],"is_trial":false,"path_per_floor":["M","?","M","$","?","E","M","M","T","?","?","M","M","$","R","B"],"character_chosen":"IRONCLAD","items_purchased":["Discovery","Bag of Marbles"],"campfire_rested":0,"item_purchase_floors":[4,14],"current_hp_per_floor":[78,66,66,66,59,35,41,45,45,41,41,46,41,41,41,0],"gold":49,"neow_bonus":"REMOVE_CARD","is_prod":false,"is_daily":false,"chose_seed":false,"campfire_upgraded":1,"win_rate":0,"timestamp":1554077199,"path_taken":["M","?","M","$","?","E","?","M","T","?","?","M","M","?","R","BOSS"],"build_version":"2019-01-23","purchased_purges":0,"victory":false,"max_hp_per_floor":[80,80,80,80,80,80,80,80,80,80,80,80,80,80,80,80],"card_choices":[{"not_picked":["Pommel Strike","Burning Pact"],"picked":"Shrug It Off","floor":1},{"not_picked":["Cleave","True Grit"],"picked":"Thunderclap","floor":3},{"not_picked":["Clothesline","Blood for Blood"],"picked":"Shockwave","floor":6},{"not_picked":["Bloodletting","Sentinel"],"picked":"Feel No Pain","floor":7},{"not_picked":["Flex","Iron Wave"],"picked":"Reckless Charge","floor":8},{"not_picked":["True Grit","Burning Pact"],"picked":"Intimidate","floor":10},{"not_picked":["Flex","Sword Boomerang","True Grit"],"picked":"SKIP","floor":12},{"not_picked":["Clash","Rampage"],"picked":"Shockwave","floor":13}],"player_experience":199897,"relics_obtained":[{"floor":6,"key":"Blue Candle"},{"floor":9,"key":"Frozen Egg 2"}],"event_choices":[{"damage_healed":0,"gold_gain":0,"player_choice":"Success","damage_taken":12,"relics_obtained":["Mercury Hourglass"],"max_hp_gain":0,"max_hp_loss":0,"event_name":"Scrap Ooze","floor":2,"gold_loss":0},{"cards_removed":["Strike_R"],"damage_healed":0,"gold_gain":0,"player_choice":"Card Removal","damage_taken":7,"max_hp_gain":0,"max_hp_loss":0,"event_name":"Golden Wing","floor":5,"gold_loss":0},{"damage_healed":0,"gold_gain":0,"player_choice":"Searched \u00273\u0027 times","damage_taken":0,"relics_obtained":["Darkstone Periapt"],"max_hp_gain":0,"max_hp_loss":0,"event_name":"Dead Adventurer","floor":10,"gold_loss":0},{"damage_healed":0,"gold_gain":0,"player_choice":"Grow","damage_taken":0,"max_hp_gain":0,"max_hp_loss":0,"event_name":"Living Wall","floor":11,"gold_loss":0,"cards_upgraded":["Shockwave"]}],"is_beta":false,"boss_relics":[],"items_purged_floors":[],"is_endless":false,"potions_floor_spawned":[3,6,7,8,10],"killed_by":"Slime Boss","ascension_level":4}