{"gold_per_floor":[113,113,131,144,164,164,198,198,198,198,216,232,232,21,21,99,99,99,99,99,99,99,99,99,99,99,99,99,99,99,99,99,99,99,99,99,79,79,79,79,79,79,79,79,79,79,79,79,79,79,79],"floor_reached":52,"playtime":3332,"items_purged":[],"score":2117,"play_id":"9337d297-f311-4a64-a59a-e98846470315","local_time":"20190103032929","is_ascension_mode":true,"campfire_choices":[{"data":"True Grit","floor":6.0,"key":"SMITH"},{"data":"Perfected Strike","floor":8.0,"key":"SMITH"},{"data":"Perfected Strike","floor":10.0,"key":"SMITH"},{"data":"Perfected Strike","floor":15.0,"key":"SMITH"},{"data":"Perfected Strike","floor":24.0,"key":"SMITH"},{"data":"Uppercut","floor":28.0,"key":"SMITH"},{"data":"Metallicize","floor":30.0,"key":"SMITH"},{"data":"Perfected Strike","floor":32.0,"key":"SMITH"},{"floor":40.0,"key":"RECALL"},{"data":"Armaments","floor":45.0,"key":"SMITH"},{"data":"Perfected Strike","floor":47.0,"key":"SMITH"},{"data":"Pommel Strike","floor":49.0,"key":"SMITH"}],"neow_cost":"TEN_PERCENT_HP_LOSS","seed_source_timestamp":5705569178682900,"circlet_count":0,"master_deck":["AscendersBane","Strike_R","Strike_R","Strike_R","Strike_R","Strike_R","Defend_R","Defend_R","Defend_R","Defend_R","Bash","Perfected Strike+1","Perfected Strike+1","Shrug It Off","Perfected Strike+1","Power Through","Spot Weakness","True Grit+1","Perfected Strike+1","Perfected Strike+1","Uppercut+1","Thunderclap","Metallicize+1","Feed","Iron Wave","Pommel Strike+1","Warcry+1","Iron Wave+1","Pommel Strike","Seeing Red+1","Exhume","Twin Strike","Impervious","Perfected Strike+1","Inflame+1","Armaments+1","Thunderclap+1","Shockwave+1","Decay","Shrug It Off"],"special_seed":0,"relics":["Burning Blood","Prayer Wheel","GremlinMask","Paper Frog","Pantograph","Sundial","HandDrill","Ectoplasm","FossilizedHelix","The Courier","Mango","Bottled Tornado","Juzu Bracelet","Mummified Hand","Red Mask","Cursed Key","Nunchaku","Molten Egg 2","Ornamental Fan","Unceasing Top","Bottled Lightning"],"potions_floor_usage":[],"damage_taken":[{"damage":4.0,"enemies":"Small Slimes","floor":1.0,"turns":3.0},{"damage":1.0,"enemies":"Cultist","floor":3.0,"turns":3.0},{"damage":0.0,"enemies":"2 Louse","floor":4.0,"turns":2.0},{"damage":18.0,"enemies":"Exordium Wildlife","floor":5.0,"turns":5.0},{"damage":16.0,"enemies":"Lagavulin","floor":7.0,"turns":6.0},{"damage":0.0,"enemies":"3 Louse","floor":11.0,"turns":3.0},{"damage":10.0,"enemies":"Lots of Slimes","floor":12.0,"turns":5.0},{"damage":37.0,"enemies":"The Guardian","floor":16.0,"turns":7.0},{"damage":18.0,"enemies":"Chosen","floor":18.0,"turns":4.0},{"damage":17.0,"enemies":"Shell Parasite","floor":20.0,"turns":4.0},{"damage":12.0,"enemies":"Colosseum Slavers","floor":21.0,"turns":3.0},{"damage":14.0,"enemies":"Colosseum Nobs","floor":21.0,"turns":4.0},{"damage":0.0,"enemies":"Gremlin Leader","floor":23.0,"turns":5.0},{"damage":9.0,"enemies":"Slavers","floor":25.0,"turns":4.0},{"damage":8.0,"enemies":"Gremlin Leader","floor":27.0,"turns":3.0},{"damage":20.0,"enemies":"Masked Bandits","floor":29.0,"turns":4.0},{"damage":0.0,"enemies":"Cultist and Chosen","floor":31.0,"turns":2.0},{"damage":31.0,"enemies":"Champ","floor":33.0,"turns":7.0},{"damage":0.0,"enemies":"Orb Walker","floor":35.0,"turns":2.0},{"damage":0.0,"enemies":"3 Darklings","floor":36.0,"turns":4.0},{"damage":0.0,"enemies":"Mind Bloom Boss Battle","floor":38.0,"turns":5.0},{"damage":5.0,"enemies":"Nemesis","floor":41.0,"turns":5.0},{"damage":0.0,"enemies":"4 Shapes","floor":42.0,"turns":2.0},{"damage":17.0,"enemies":"Sphere and 2 Shapes","floor":44.0,"turns":6.0},{"damage":0.0,"enemies":"Reptomancer","floor":46.0,"turns":3.0},{"damage":38.0,"enemies":"Giant Head","floor":48.0,"turns":7.0},{"damage":68.0,"enemies":"Awakened One","floor":50.0,"turns":10.0},{"damage":12,"enemies":"Time Eater","floor":51,"turns":5}],"seed_played":"6575813990777968638","potions_obtained":[{"floor":1.0,"key":"EntropicBrew"},{"floor":16.0,"key":"Dexterity Potion"},{"floor":21.0,"key":"Explosive Potion"},{"floor":27.0,"key":"Weak Potion"},{"floor":33.0,"key":"SpeedPotion"},{"floor":37.0,"key":"SneckoOil"},{"floor":44.0,"key":"FearPotion"},{"floor":48.0,"key":"Explosive Potion"}],"is_trial":false,"path_per_floor":["M","?","M","M","M","R","E","R","T","R","M","M","?","$","R","B",null,"M","?","M","?","?","E","R","E","T","E","R","?","R","M","R","B",null,"M","M","?","?","?","R","E","M","T","M","R","E","R","E","R","B","B",null],"character_chosen":"IRONCLAD","items_purchased":["HandDrill"],"campfire_rested":0,"item_purchase_floors":[14],"current_hp_per_floor":[68,68,68,68,56,56,46,46,46,46,52,48,37,37,37,31,59,47,47,36,25,25,45,45,42,42,40,40,29,29,35,35,35,75,81,87,87,88,88,88,88,88,88,77,77,83,83,51,51,14,33],"gold":79,"neow_bonus":"ONE_RARE_RELIC","is_prod":false,"is_daily":false,"chose_seed":false,"campfire_upgraded":11,"win_rate":0,"timestamp":1546514969,"path_taken":["M","?","M","M","M","R","E","R","T","R","M","?","?","$","R","BOSS","M","?","M","?","?","E","R","E","T","E","R","?","R","M","R","BOSS","M","M","?","?","?","R","E","M","T","M","R","E","R","E","R","BOSS","BOSS"],"build_version":"2019-01-02","purchased_purges":0,"victory":true,"max_hp_per_floor":[68,68,68,68,68,68,68,68,68,68,68,68,68,68,68,68,68,68,68,68,71,71,85,85,85,85,85,85,88,88,88,88,88,88,88,88,88,88,88,88,88,88,88,88,88,88,88,88,88,88,88],"card_choices":[{"not_picked":["Carnage","Intimidate"],"picked":"Perfected Strike","floor":1.0},{"not_picked":["Armaments","Iron Wave"],"picked":"Perfected Strike","floor":1.0},{"not_picked":["Flex","Seeing Red"],"picked":"Shrug It Off","floor":3.0},{"not_picked":["Sever Soul","Body Slam"],"picked":"Perfected Strike","floor":3.0},{"not_picked":["Fire Breathing","Flex"],"picked":"Power Through","floor":4.0},{"not_picked":["Anger","Clothesline"],"picked":"Spot Weakness","floor":4.0},{"not_picked":["Seeing Red","Fiend Fire"],"picked":"True Grit","floor":5.0},{"not_picked":["Headbutt","Perfected Strike","Heavy Blade"],"picked":"SKIP","floor":5.0},{"not_picked":["Headbutt","Heavy Blade"],"picked":"Perfected Strike","floor":5.0},{"not_picked":["Cleave","Fiend Fire","Rampage"],"picked":"SKIP","floor":7.0},{"not_picked":["Warcry","Shrug It Off"],"picked":"Perfected Strike","floor":11.0},{"not_picked":["Heavy Blade","Flex"],"picked":"Uppercut","floor":11.0},{"not_picked":["Clash","Havoc"],"picked":"Thunderclap","floor":12.0},{"not_picked":["Whirlwind","Anger"],"picked":"Metallicize","floor":12.0},{"not_picked":["Limit Break","Brutality"],"picked":"Feed","floor":16.0},{"not_picked":["Sword Boomerang","Infernal Blade","Second Wind"],"picked":"SKIP","floor":18.0},{"not_picked":["Hemokinesis","Burning Pact","Anger"],"picked":"SKIP","floor":18.0},{"not_picked":["Twin Strike","Wild Strike"],"picked":"Iron Wave","floor":20.0},{"not_picked":["Twin Strike","Headbutt","Pommel Strike"],"picked":"SKIP","floor":20.0},{"not_picked":["Twin Strike","Headbutt"],"picked":"Pommel Strike","floor":20.0},{"not_picked":["Iron Wave","Cleave"],"picked":"Warcry+1","floor":21.0},{"not_picked":["Bloodletting+1","Warcry"],"picked":"Iron Wave+1","floor":23.0},{"not_picked":["Iron Wave","Burning Pact"],"picked":"Pommel Strike","floor":25.0},{"not_picked":["Intimidate","Flex"],"picked":"Seeing Red+1","floor":27.0},{"not_picked":["Pommel Strike","Iron Wave"],"picked":"Exhume","floor":31.0},{"not_picked":["Clothesline","Sword Boomerang"],"picked":"Twin Strike","floor":31.0},{"not_picked":["Limit Break","Immolate"],"picked":"Impervious","floor":33.0},{"not_picked":["Heavy Blade+1","Pommel Strike"],"picked":"Perfected Strike","floor":35.0},{"not_picked":["Headbutt","Inflame+1","Twin Strike+1"],"picked":"SKIP","floor":35.0},{"not_picked":["Headbutt","Twin Strike+1"],"picked":"Inflame+1","floor":35.0},{"not_picked":["Entrench","Twin Strike","Headbutt+1"],"picked":"SKIP","floor":36.0},{"not_picked":["Wild Strike+1","Combust","Dark Embrace"],"picked":"SKIP","floor":36.0},{"not_picked":["Flex","Heavy Blade"],"picked":"Armaments","floor":38.0},{"not_picked":["Wild Strike","Headbutt"],"picked":"Thunderclap","floor":41.0},{"not_picked":["Corruption","Thunderclap+1"],"picked":"Shockwave+1","floor":42.0},{"not_picked":["Warcry","Cleave+1","Flex"],"picked":"SKIP","floor":42.0},{"not_picked":["Pommel Strike+1","Hemokinesis+1"],"picked":"Shrug It Off","floor":44.0},{"not_picked":["Twin Strike+1","Juggernaut","Sword Boomerang+1"],"picked":"SKIP","floor":44.0},{"not_picked":["Clothesline+1","Heavy Blade+1","Sword Boomerang+1"],"picked":"SKIP","floor":46.0},{"not_picked":["Flex","Heavy Blade+1","Cleave+1"],"picked":"SKIP","floor":48.0}],"player_experience":3182928,"relics_obtained":[{"floor":7.0,"key":"Paper Frog"},{"floor":9.0,"key":"Pantograph"},{"floor":21.0,"key":"FossilizedHelix"},{"floor":21.0,"key":"The Courier"},{"floor":23.0,"key":"Mango"},{"floor":25.0,"key":"Bottled Tornado"},{"floor":26.0,"key":"Juzu Bracelet"},{"floor":27.0,"key":"Mummified Hand"},{"floor":29.0,"key":"Red Mask"},{"floor":38.0,"key":"Nunchaku"},{"floor":41.0,"key":"Molten Egg 2"},{"floor":43.0,"key":"Ornamental Fan"},{"floor":46.0,"key":"Unceasing Top"},{"floor":48.0,"key":"Bottled Lightning"}],"event_choices":[{"damage_healed":0.0,"max_hp_gain":0.0,"max_hp_loss":0.0,"gold_gain":0.0,"event_name":"FaceTrader","player_choice":"Trade","floor":2.0,"gold_loss":0.0,"damage_taken":0.0,"relics_obtained":["GremlinMask"]},{"damage_healed":0.0,"max_hp_gain":0.0,"max_hp_loss":0.0,"gold_gain":0.0,"event_name":"Scrap Ooze","player_choice":"Success","floor":13.0,"gold_loss":0.0,"damage_taken":11.0,"relics_obtained":["Sundial"]},{"damage_healed":0.0,"max_hp_gain":0.0,"max_hp_loss":0.0,"gold_gain":0.0,"event_name":"Vampires","player_choice":"Ignored","floor":19.0,"gold_loss":0.0,"damage_taken":0.0},{"damage_healed":0.0,"max_hp_gain":0.0,"max_hp_loss":0.0,"gold_gain":0.0,"event_name":"Colosseum","player_choice":"Fight","floor":21.0,"gold_loss":0.0,"damage_taken":0.0},{"damage_healed":0.0,"max_hp_gain":0.0,"max_hp_loss":0.0,"gold_gain":0.0,"event_name":"Colosseum","player_choice":"Fought Nobs","floor":21.0,"gold_loss":0.0,"damage_taken":0.0},{"damage_healed":0.0,"max_hp_gain":0.0,"max_hp_loss":0.0,"gold_gain":50.0,"event_name":"Nest","player_choice":"Stole From Cult","floor":22.0,"gold_loss":0.0,"damage_taken":0.0},{"damage_healed":0.0,"max_hp_gain":0.0,"max_hp_loss":0.0,"gold_gain":0.0,"event_name":"Masked Bandits","player_choice":"Fought Bandits","floor":29.0,"gold_loss":0.0,"damage_taken":0.0},{"damage_healed":0.0,"max_hp_gain":0.0,"max_hp_loss":0.0,"gold_gain":0.0,"event_name":"The Woman in Blue","player_choice":"Bought 1 Potion","floor":37.0,"gold_loss":0.0,"damage_taken":0.0},{"damage_healed":0.0,"max_hp_gain":0.0,"max_hp_loss":0.0,"gold_gain":0.0,"event_name":"MindBloom","player_choice":"Fight","floor":38.0,"gold_loss":0.0,"damage_taken":0.0},{"damage_healed":0.0,"max_hp_gain":0.0,"max_hp_loss":0.0,"gold_gain":0.0,"event_name":"SecretPortal","player_choice":"Ignored","floor":39.0,"gold_loss":0.0,"damage_taken":0.0}],"is_beta":true,"boss_relics":[{"not_picked":["Eternal Feather","Fusion Hammer"],"picked":"Ectoplasm"},{"not_picked":["Empty Cage","Runic Dome"],"picked":"Cursed Key"}],"items_purged_floors":[],"is_endless":false,"potions_floor_spawned":[1,16,21,21,27,33,38,44,48],"ascension_level":20}