{"gold_per_floor":[114,129,30,45,60,75,105,120,120,120,144,144,144,8,8,8],"floor_reached":16,"playtime":653,"items_purged":["Defend_G","Defend_G"],"score":152,"play_id":"cd13a653-d3db-4d41-b4a3-ee5cd9621f78","local_time":"20190313214432","daily_mods":["Specialized","Diverse","Lethality"],"is_ascension_mode":false,"campfire_choices":[{"floor":10,"key":"REST"},{"floor":12,"key":"REST"},{"data":"Searing Blow","floor":15,"key":"SMITH"}],"neow_cost":"","seed_source_timestamp":0,"circlet_count":0,"master_deck":["Defend_G","Defend_G","Defend_G","Strike_G","Strike_G","Strike_G","Strike_G","Strike_G","Survivor","Neutralize","Buffer","Buffer","Buffer","Buffer","Beam Cell","Quick Slash","Pommel Strike","Searing Blow+1"],"special_seed":17968,"relics":["Ring of the Snake","Singing Bowl","The Courier","Odd Mushroom"],"potions_floor_usage":[],"damage_taken":[{"damage":0.0,"enemies":"Jaw Worm","floor":1.0,"turns":4.0},{"damage":0.0,"enemies":"2 Louse","floor":2.0,"turns":4.0},{"damage":0.0,"enemies":"Cultist","floor":4.0,"turns":5.0},{"damage":0,"enemies":"Blue Slaver","floor":5,"turns":3},{"damage":37,"enemies":"Lots of Slimes","floor":6,"turns":6},{"damage":0,"enemies":"Gremlin Nob","floor":7,"turns":6},{"damage":13,"enemies":"Looter","floor":8,"turns":2},{"damage":21,"enemies":"The Mushroom Lair","floor":11,"turns":6},{"damage":87,"enemies":"Hexaghost","floor":16,"turns":7}],"seed_played":"7689138155634222229","potions_obtained":[{"floor":4,"key":"Dexterity Potion"},{"floor":6,"key":"GhostInAJar"},{"floor":7,"key":"EssenceOfSteel"},{"floor":11,"key":"Poison Potion"}],"is_trial":false,"path_per_floor":["M","M","$","M","M","M","E","M","T","R","?","R","?","$","R","B"],"character_chosen":"THE_SILENT","items_purchased":["Beam Cell","Searing Blow"],"campfire_rested":2,"item_purchase_floors":[3,14],"current_hp_per_floor":[70,70,70,70,70,33,33,22,22,43,24,46,84,84,84,0],"gold":8,"neow_bonus":"","is_prod":false,"is_daily":true,"chose_seed":false,"campfire_upgraded":1,"win_rate":0,"timestamp":1552527872,"path_taken":["M","M","$","M","M","M","E","M","T","R","?","R","?","$","R","BOSS"],"build_version":"2019-01-23","purchased_purges":2,"victory":false,"max_hp_per_floor":[70,70,70,70,70,70,70,72,72,72,74,74,84,84,84,84],"card_choices":[{"not_picked":["Sword Boomerang","Compile Driver","Blur"],"picked":"SKIP","floor":1.0},{"not_picked":["Cleave","Evolve","White Noise"],"picked":"SKIP","floor":2.0},{"not_picked":["Clash","Sword Boomerang","Compile Driver"],"picked":"SKIP","floor":4},{"not_picked":["Force Field","Dagger Throw","Thunder Strike"],"picked":"SKIP","floor":5},{"not_picked":["Dagger Spray","Coolheaded"],"picked":"Quick Slash","floor":6},{"not_picked":["Loop","Corruption"],"picked":"Pommel Strike","floor":7},{"not_picked":["Burning Pact","Bane","Poisoned Stab"],"picked":"Singing Bowl","floor":8},{"not_picked":["Skim","Redo","Exhume"],"picked":"Singing Bowl","floor":11}],"player_experience":411624,"relics_obtained":[{"floor":7,"key":"Singing Bowl"},{"floor":9,"key":"The Courier"},{"floor":11,"key":"Odd Mushroom"}],"event_choices":[{"damage_healed":0,"gold_gain":0,"player_choice":"Fought Mushrooms","damage_taken":0,"max_hp_gain":0,"max_hp_loss":0,"event_name":"Mushrooms","floor":11,"gold_loss":0},{"cards_removed":["Buffer"],"damage_healed":28,"gold_gain":0,"player_choice":"Offered Rare","damage_taken":0,"max_hp_gain":10,"max_hp_loss":0,"event_name":"Bonfire Elementals","floor":13,"gold_loss":0}],"is_beta":false,"boss_relics":[],"items_purged_floors":[3,14],"is_endless":false,"potions_floor_spawned":[4,6,7,8,11],"killed_by":"Hexaghost","ascension_level":0}