{"gold_per_floor":[110,110,123,52,52,90,90,111,111,181,181,206,220,233,233,359,359,374,413,413,60,260,286,296,296,296,57,57,76,76,88,88,88],"floor_reached":33,"playtime":4020,"items_purged":[],"score":265,"play_id":"4d52efc9-627b-42a5-85fc-5dcb09044d7a","local_time":"20190417200554","is_ascension_mode":false,"campfire_choices":[{"data":"Deadly Poison","floor":7.0,"key":"SMITH"},{"data":"1","floor":11.0,"key":"LIFT"},{"floor":15,"key":"REST"},{"data":"2","floor":25,"key":"LIFT"},{"data":"3","floor":28,"key":"LIFT"},{"data":"Tactician","floor":32,"key":"SMITH"}],"neow_cost":"NONE","seed_source_timestamp":0,"circlet_count":0,"master_deck":["Defend_G","Defend_G","Defend_G","Defend_G","Defend_G","Strike_G","Strike_G","Strike_G","Strike_G","Strike_G","Survivor","Neutralize","Leg Sweep+1","Deadly Poison+1","Well Laid Plans","Dodge and Roll","Flying Knee","Caltrops","Dagger Throw","Heel Hook","Glass Knife","Unload","Poisoned Stab","Tactician+1","Noxious Fumes","Sucker Punch","Deadly Poison","Expertise","Riddle With Holes","Iron Wave","Escape Plan"],"special_seed":0,"relics":["Ring of the Snake","Bloody Idol","StoneCalendar","Girya","WingedGreaves","Black Star","Red Mask","Lee\u0027s Waffle","Bottled Flame","Meat on the Bone","Ancient Tea Set","Mummified Hand"],"potions_floor_usage":[29],"damage_taken":[{"damage":0.0,"enemies":"Small Slimes","floor":1.0,"turns":3.0},{"damage":0.0,"enemies":"Jaw Worm","floor":3.0,"turns":7.0},{"damage":8.0,"enemies":"Lagavulin","floor":6.0,"turns":10.0},{"damage":0.0,"enemies":"2 Louse","floor":8.0,"turns":3.0},{"damage":7.0,"enemies":"Lagavulin Event","floor":10.0,"turns":7.0},{"damage":0.0,"enemies":"Blue Slaver","floor":12.0,"turns":4.0},{"damage":10.0,"enemies":"Gremlin Gang","floor":13.0,"turns":4.0},{"damage":8.0,"enemies":"Lots of Slimes","floor":14.0,"turns":4.0},{"damage":14,"enemies":"Slime Boss","floor":16,"turns":7},{"damage":16,"enemies":"3 Byrds","floor":18,"turns":4},{"damage":55,"enemies":"Masked Bandits","floor":19,"turns":7},{"damage":65,"enemies":"Gremlin Leader","floor":23,"turns":7},{"damage":10,"enemies":"Shell Parasite","floor":24,"turns":5},{"damage":13,"enemies":"Snecko","floor":29,"turns":4},{"damage":11,"enemies":"Chosen and Byrds","floor":31,"turns":6},{"damage":55,"enemies":"Champ","floor":33,"turns":7}],"seed_played":"-1686018837259204281","potions_obtained":[{"floor":1.0,"key":"GhostInAJar"},{"floor":8.0,"key":"Explosive Potion"},{"floor":13.0,"key":"Strength Potion"},{"floor":14,"key":"Regen Potion"},{"floor":29,"key":"Strength Potion"},{"floor":31,"key":"Block Potion"}],"is_trial":false,"path_per_floor":["M","?","M","$","?","E","R","M","T","?","R","M","M","M","R","B",null,"M","?","?","$","?","E","M","R","T","$","R","M","?","M","R","B"],"character_chosen":"THE_SILENT","items_purchased":["Well Laid Plans","Noxious Fumes","Lee\u0027s Waffle","Sucker Punch","Deadly Poison","Mummified Hand"],"campfire_rested":1,"item_purchase_floors":[4,21,21,21,21,27],"current_hp_per_floor":[77,77,77,77,58,50,50,50,50,43,43,43,33,25,48,34,77,61,6,6,84,84,24,31,31,31,31,31,49,49,55,55,0],"gold":88,"neow_bonus":"TEN_PERCENT_HP_BONUS","is_prod":false,"is_daily":false,"chose_seed":false,"campfire_upgraded":2,"win_rate":0.0,"timestamp":1555549554,"path_taken":["M","?","M","$","?","E","R","?","T","?","R","M","M","M","R","BOSS","M","?","?","$","?","E","M","R","T","$","R","?","?","?","R","BOSS"],"build_version":"2019-01-23","purchased_purges":0,"victory":false,"max_hp_per_floor":[77,77,77,77,77,77,77,77,77,77,77,77,77,77,77,77,77,77,77,77,84,84,84,84,84,84,84,84,84,84,84,84,84],"card_choices":[{"not_picked":["Reflex","Underhanded Strike"],"picked":"Leg Sweep","floor":1.0},{"not_picked":["PiercingWail","Acrobatics"],"picked":"Deadly Poison","floor":3.0},{"not_picked":["Tactician","Leg Sweep"],"picked":"Dodge and Roll","floor":6.0},{"not_picked":["Dagger Spray","Well Laid Plans"],"picked":"Flying Knee","floor":8.0},{"not_picked":["PiercingWail","Acrobatics"],"picked":"Caltrops","floor":10.0},{"not_picked":["Leg Sweep","Dodge and Roll"],"picked":"Dagger Throw","floor":12.0},{"not_picked":["All Out Attack","Riddle With Holes"],"picked":"Heel Hook","floor":13.0},{"not_picked":["Dodge and Roll","Masterful Stab"],"picked":"Glass Knife","floor":14},{"not_picked":["Tools of the Trade","Night Terror"],"picked":"Unload","floor":16},{"not_picked":["Deadly Poison+1","Sucker Punch"],"picked":"Poisoned Stab","floor":18},{"not_picked":["Blade Dance","Leg Sweep"],"picked":"Tactician","floor":19},{"not_picked":["Deflect","Terror"],"picked":"Expertise","floor":23},{"not_picked":["Calculated Gamble","Deadly Poison"],"picked":"Riddle With Holes","floor":24},{"not_picked":["Sucker Punch","Deadly Poison"],"picked":"Unload","floor":29},{"not_picked":["Quick Slash","Deadly Poison"],"picked":"Escape Plan","floor":31}],"player_experience":4355,"relics_obtained":[{"floor":6.0,"key":"StoneCalendar"},{"floor":9.0,"key":"Girya"},{"floor":10.0,"key":"WingedGreaves"},{"floor":19,"key":"Red Mask"},{"floor":23,"key":"Bottled Flame"},{"floor":23,"key":"Meat on the Bone"},{"floor":26,"key":"Ancient Tea Set"}],"event_choices":[{"damage_healed":0.0,"max_hp_gain":0.0,"max_hp_loss":0.0,"gold_gain":0.0,"event_name":"Living Wall","player_choice":"Grow","floor":2.0,"gold_loss":0.0,"damage_taken":0.0,"cards_upgraded":["Leg Sweep"]},{"damage_healed":0.0,"max_hp_gain":0.0,"max_hp_loss":0.0,"gold_gain":0.0,"event_name":"Golden Idol","player_choice":"Take Damage","floor":5.0,"gold_loss":0.0,"damage_taken":19.0,"relics_obtained":["Golden Idol"]},{"damage_healed":0.0,"max_hp_gain":0.0,"max_hp_loss":0.0,"gold_gain":30.0,"event_name":"Dead Adventurer","player_choice":"Searched \u00272\u0027 times","floor":10.0,"gold_loss":0.0,"damage_taken":0.0},{"damage_healed":0,"gold_gain":0,"player_choice":"Fought Bandits","damage_taken":0,"max_hp_gain":0,"max_hp_loss":0,"event_name":"Masked Bandits","floor":19,"gold_loss":0},{"damage_healed":0,"gold_gain":0,"player_choice":"Gave Idol","damage_taken":0,"relics_obtained":["Bloody Idol"],"max_hp_gain":0,"max_hp_loss":0,"event_name":"Forgotten Altar","floor":20,"relics_lost":["Golden Idol"],"gold_loss":0},{"damage_healed":0,"gold_gain":200,"player_choice":"Gold","damage_taken":0,"max_hp_gain":0,"max_hp_loss":0,"event_name":"Wheel of Change","floor":22,"gold_loss":0},{"cards_removed":["Unload"],"damage_healed":0,"gold_gain":0,"player_choice":"Took Card","damage_taken":0,"max_hp_gain":0,"max_hp_loss":0,"event_name":"NoteForYourself","floor":30,"gold_loss":0,"cards_obtained":["Iron Wave"]}],"is_beta":false,"boss_relics":[{"not_picked":["Runic Dome","Ectoplasm"],"picked":"Black Star"}],"items_purged_floors":[],"is_endless":false,"potions_floor_spawned":[1,8,13,14,24,29,31],"killed_by":"Champ","ascension_level":0}