{"gold_per_floor":[11,11,28,28,39,74,74,94,118,118,134,234,234,245,245,345,345,345,260,260,260,260,260,260,260,260,260,260,260,260,260,260,260],"floor_reached":33,"playtime":960,"items_purged":[],"score":249,"play_id":"49cdf7b7-f44b-4dd2-b6df-bcf425a649ec","local_time":"20180713074810","is_ascension_mode":false,"campfire_choices":[{"floor":7.0,"key":"REST"},{"floor":10.0,"key":"REST"},{"floor":13.0,"key":"REST"},{"data":"Biased Cognition","floor":15.0,"key":"SMITH"},{"floor":23,"key":"REST"},{"data":"Streamline","floor":25,"key":"SMITH"},{"data":"Hologram","floor":30,"key":"SMITH"},{"floor":32,"key":"REST"}],"neow_cost":"NO_GOLD","seed_source_timestamp":0,"circlet_count":0,"master_deck":["Strike_B","Strike_B","Strike_B","Strike_B","Defend_B","Defend_B","Defend_B","Defend_B","Zap+1","Dualcast","Biased Cognition+1","Stack","Leap","Hologram+1","Tempest","Streamline+1","Thunder Strike+1","Ball Lightning+1","Injury","Streamline+1","Rebound","Darkness+1"],"special_seed":0,"relics":["Cracked Core","Pen Nib","Strawberry","Ectoplasm","Oddly Smooth Stone","Turnip","Ancient Tea Set"],"potions_floor_usage":[33],"damage_taken":[{"damage":1.0,"enemies":"2 Louse","floor":1.0,"turns":2.0},{"damage":3.0,"enemies":"Small Slimes","floor":3.0,"turns":3.0},{"damage":6.0,"enemies":"Jaw Worm","floor":5.0,"turns":3.0},{"damage":41.0,"enemies":"Lagavulin","floor":6.0,"turns":7.0},{"damage":15.0,"enemies":"2 Fungi Beasts","floor":8.0,"turns":3.0},{"damage":23.0,"enemies":"Lots of Slimes","floor":11.0,"turns":4.0},{"damage":2.0,"enemies":"Blue Slaver","floor":14.0,"turns":2.0},{"damage":57.0,"enemies":"The Guardian","floor":16.0,"turns":9.0},{"damage":19,"enemies":"Spheric Guardian","floor":18,"turns":5},{"damage":10,"enemies":"Chosen","floor":21,"turns":3},{"damage":18,"enemies":"Centurion and Healer","floor":27,"turns":4},{"damage":18,"enemies":"Sentry and Sphere","floor":28,"turns":4},{"damage":0,"enemies":"Chosen and Byrds","floor":29,"turns":3},{"damage":12,"enemies":"Centurion and Healer","floor":31,"turns":3},{"damage":59,"enemies":"Collector","floor":33,"turns":4}],"seed_played":"7652060497648868170","potions_obtained":[{"floor":3.0,"key":"Strength Potion"},{"floor":5.0,"key":"SpeedPotion"},{"floor":6.0,"key":"FocusPotion"},{"floor":18,"key":"Poison Potion"},{"floor":21,"key":"SpeedPotion"},{"floor":27,"key":"EssenceOfSteel"}],"is_trial":false,"path_per_floor":["M","?","M","$","M","E","R","M","T","R","M","?","R","M","R","B",null,"M","?","?","M","?","R","T","R","T","M","M","M","R","M","R"],"character_chosen":"DEFECT","items_purchased":[],"campfire_rested":5,"item_purchase_floors":[],"current_hp_per_floor":[74,74,71,71,65,24,46,31,38,62,39,39,63,61,61,4,82,63,63,63,53,53,77,77,77,77,59,41,41,41,29,53,0],"gold":260,"neow_bonus":"THREE_RARE_CARDS","is_prod":false,"is_daily":false,"chose_seed":false,"campfire_upgraded":3,"win_rate":0.0,"timestamp":1531482490,"path_taken":["M","?","M","$","M","E","R","M","T","R","M","?","R","M","R","BOSS","M","?","?","M","?","R","?","R","T","M","M","M","R","M","R","BOSS"],"build_version":"2018-07-12","purchased_purges":0,"victory":false,"max_hp_per_floor":[75,75,75,75,75,75,75,75,82,82,82,82,82,82,82,82,82,82,82,82,82,82,82,82,82,82,82,82,82,82,82,82,82],"card_choices":[{"not_picked":["Rainbow","All For One"],"picked":"Biased Cognition","floor":0.0},{"not_picked":["Cold Snap","Double Energy"],"picked":"Stack","floor":1.0},{"not_picked":["Sweeping Beam","Streamline"],"picked":"Leap","floor":3.0},{"not_picked":["Cold Snap","Leap"],"picked":"Hologram","floor":5.0},{"not_picked":["Rip and Tear","Seek"],"picked":"Tempest","floor":6.0},{"not_picked":["Steam Power","Genetic Algorithm","Turbo"],"picked":"SKIP","floor":8.0},{"not_picked":["Genetic Algorithm","Doom and Gloom","Stack"],"picked":"SKIP","floor":11.0},{"not_picked":["Steam","Genetic Algorithm"],"picked":"Streamline","floor":14.0},{"not_picked":["Amplify","Machine Learning"],"picked":"Thunder Strike","floor":16.0},{"not_picked":["Steam","Coolheaded+1"],"picked":"Ball Lightning+1","floor":18},{"not_picked":["Barrage","Reprogram+1","Beam Cell"],"picked":"SKIP","floor":21},{"not_picked":["Coolheaded","Cold Snap"],"picked":"Streamline+1","floor":27},{"not_picked":["Chill","Doom and Gloom+1","Reprogram"],"picked":"SKIP","floor":28},{"not_picked":["Coolheaded","Beam Cell+1"],"picked":"Rebound","floor":29},{"not_picked":["Ball Lightning","Machine Learning"],"picked":"Darkness+1","floor":31}],"player_experience":230418,"relics_obtained":[{"floor":6.0,"key":"Pen Nib"},{"floor":9.0,"key":"Strawberry"},{"floor":24,"key":"Turnip"},{"floor":26,"key":"Ancient Tea Set"}],"event_choices":[{"event_name":"Living Wall","player_choice":"Grow","floor":2.0,"damage_taken":0.0},{"event_name":"Golden Shrine","player_choice":"Pray","floor":12.0,"damage_taken":0.0},{"event_name":"Addict","player_choice":"Obtained Relic","floor":19,"damage_taken":0},{"event_name":"Accursed Blacksmith","player_choice":"Forge","floor":20,"damage_taken":0},{"event_name":"Golden Shrine","player_choice":"Pray","floor":22,"damage_taken":0}],"boss_relics":[{"not_picked":["Runic Dome","FrozenCore"],"picked":"Ectoplasm"}],"items_purged_floors":[],"is_endless":false,"potions_floor_spawned":[3,5,6,14,18,21,27,29,31],"killed_by":"Collector","ascension_level":0}