{"path_per_floor":["M","M","M","M","M","R","M","R","T","R","M","T","M","M","R","B",null,"M","?","M","$","M","?","M","?","T","M","M"],"character_chosen":"IRONCLAD","items_purchased":["Mind Blast","Carnage","Ghostly Armor","Seeing Red"],"gold_per_floor":[119,138,157,170,185,185,201,201,201,201,216,216,233,252,252,355,355,369,369,379,17,35,35,49,49,76,95,115,115],"floor_reached":29,"campfire_rested":2,"playtime":1644,"item_purchase_floors":[21,21,21,21],"current_hp_per_floor":[81,83,86,74,79,89,74,74,74,74,72,72,80,80,97,22,101,77,61,59,59,44,44,24,24,24,34,12,0],"items_purged":["Strike_R"],"gold":115,"score":275,"play_id":"bc4fed7f-d64e-4b94-b213-48bda26581eb","local_time":"20180618221110","is_prod":false,"is_daily":false,"chose_seed":false,"is_ascension_mode":false,"campfire_upgraded":2,"win_rate":0.0,"timestamp":1529374270,"campfire_choices":[{"floor":6,"key":"REST"},{"data":"Feed","floor":8,"key":"SMITH"},{"data":"Wild Strike","floor":10,"key":"SMITH"},{"floor":15,"key":"REST"}],"path_taken":["M","M","M","M","M","R","M","R","T","R","M","?","M","M","R","BOSS","M","?","M","$","M","?","M","?","T","M","M","E"],"build_version":"2018-06-14v2","seed_source_timestamp":264379541106402,"purchased_purges":1,"victory":false,"master_deck":["Strike_R","Strike_R","Strike_R","Strike_R","Defend_R","Defend_R","Defend_R","Defend_R","Bash","Feed+1","Anger","Headbutt","Carnage","Clothesline","Wild Strike+1","Pommel Strike","Searing Blow","Reaper","Infernal Blade+1","Mind Blast","Carnage","Ghostly Armor","Seeing Red"],"max_hp_per_floor":[83,83,86,89,89,89,89,89,89,89,89,89,93,97,97,101,101,105,105,109,109,113,113,113,113,113,117,117,117],"relics":["Burning Blood","Girya","Mercury Hourglass","White Beast Statue","Enchiridion","Dream Catcher"],"card_choices":[{"not_picked":["Body Slam","Heavy Blade"],"picked":"Anger","floor":1},{"not_picked":["Sword Boomerang","Clash"],"picked":"Headbutt","floor":2},{"not_picked":["Feel No Pain","Clothesline"],"picked":"Carnage","floor":3},{"not_picked":["Shockwave","Twin Strike","Headbutt"],"picked":"SKIP","floor":4},{"not_picked":["Body Slam","Searing Blow"],"picked":"Clothesline","floor":5},{"not_picked":["Iron Wave","Metallicize"],"picked":"Wild Strike","floor":7},{"not_picked":["Body Slam","Dual Wield"],"picked":"Pommel Strike","floor":11},{"not_picked":["Sever Soul","Rage"],"picked":"Searing Blow","floor":13},{"not_picked":["Thunderclap","Iron Wave","Intimidate"],"picked":"SKIP","floor":14},{"not_picked":["Dark Embrace","Offering"],"picked":"Reaper","floor":16},{"not_picked":["Disarm","Metallicize"],"picked":"Infernal Blade+1","floor":18},{"not_picked":["Dropkick+1","Second Wind","Power Through"],"picked":"SKIP","floor":20},{"not_picked":["Power Through+1","Armaments","Body Slam+1"],"picked":"SKIP","floor":22},{"not_picked":["Burning Pact+1","Clash+1","Rampage"],"picked":"SKIP","floor":24},{"not_picked":["True Grit","Flex+1","Twin Strike"],"picked":"SKIP","floor":27},{"not_picked":["Barricade","True Grit","Rupture"],"picked":"SKIP","floor":28}],"player_experience":108874,"potions_floor_usage":[16,16,22,24,24,28],"damage_taken":[{"damage":8,"enemies":"Cultist","floor":1,"turns":5},{"damage":0,"enemies":"2 Louse","floor":2,"turns":3},{"damage":0,"enemies":"Small Slimes","floor":3,"turns":2},{"damage":21,"enemies":"3 Louse","floor":4,"turns":3},{"damage":1,"enemies":"Large Slime","floor":5,"turns":4},{"damage":21,"enemies":"Lots of Slimes","floor":7,"turns":4},{"damage":8,"enemies":"Exordium Wildlife","floor":11,"turns":3},{"damage":2,"enemies":"Blue Slaver","floor":13,"turns":2},{"damage":10,"enemies":"3 Louse","floor":14,"turns":2},{"damage":85,"enemies":"The Guardian","floor":16,"turns":8},{"damage":35,"enemies":"3 Byrds","floor":18,"turns":5},{"damage":12,"enemies":"Spheric Guardian","floor":20,"turns":3},{"damage":29,"enemies":"Snecko","floor":22,"turns":5},{"damage":42,"enemies":"Snake Plant","floor":24,"turns":5},{"damage":0,"enemies":"Sentry and Sphere","floor":27,"turns":3},{"damage":28,"enemies":"Centurion and Healer","floor":28,"turns":5},{"damage":12,"enemies":"Book of Stabbing","floor":29,"turns":1}],"relics_obtained":[{"floor":9,"key":"Girya"},{"floor":12,"key":"Mercury Hourglass"},{"floor":19,"key":"Enchiridion"},{"floor":26,"key":"Dream Catcher"}],"event_choices":[{"event_name":"Cursed Tome","player_choice":"Obtained Book","floor":19,"damage_taken":0},{"event_name":"Drug Dealer","player_choice":"Ignored","floor":23,"damage_taken":0},{"event_name":"Match and Keep!","player_choice":"0 cards matched","floor":25,"damage_taken":0}],"boss_relics":[{"not_picked":["Eternal Feather","Ectoplasm"],"picked":"White Beast Statue"}],"items_purged_floors":[21],"is_endless":false,"potions_floor_spawned":[2,4,14,16,18,20,22,24,27,28],"seed_played":"-1854415899839024203","killed_by":"Book of Stabbing","ascension_level":0,"potions_obtained":[{"floor":2,"key":"Ancient Potion"},{"floor":4,"key":"Fire Potion"},{"floor":14,"key":"Energy Potion"},{"floor":16,"key":"EssenceOfSteel"},{"floor":18,"key":"Explosive Potion"},{"floor":22,"key":"Regen Potion"},{"floor":24,"key":"Strength Potion"},{"floor":27,"key":"SpeedPotion"},{"floor":28,"key":"Strength Potion"}],"is_trial":false}