{"gold_per_floor":[114,189,114,114,133,133,233,233,233,233,253,276,288,304,304,304],"floor_reached":16,"playtime":380,"items_purged":["Strike_B"],"score":90,"play_id":"2c22d8e8-7a1c-43fe-bd65-1d05046756a6","local_time":"20180717220001","is_ascension_mode":false,"campfire_choices":[{"data":"Zap","floor":6,"key":"SMITH"},{"floor":8,"key":"REST"},{"data":"Streamline","floor":10,"key":"SMITH"},{"floor":15,"key":"REST"}],"neow_cost":"NONE","seed_source_timestamp":55012842180818,"circlet_count":0,"master_deck":["Strike_B","Strike_B","Strike_B","Defend_B","Defend_B","Defend_B","Defend_B","Zap+1","Dualcast","Streamline+1","Leap"],"relics":["Philosopher\u0027s Stone","Emotion Chip","Oddly Smooth Stone"],"potions_floor_usage":[14],"damage_taken":[{"damage":1,"enemies":"Jaw Worm","floor":1,"turns":3},{"damage":2,"enemies":"Small Slimes","floor":5,"turns":2},{"damage":0,"enemies":"2 Louse","floor":11,"turns":1},{"damage":22,"enemies":"Gremlin Gang","floor":13,"turns":3},{"damage":15,"enemies":"Exordium Thugs","floor":14,"turns":4},{"damage":60,"enemies":"Hexaghost","floor":16,"turns":7}],"seed_played":"-8038131791868969426","potions_obtained":[{"floor":4,"key":"GamblersBrew"},{"floor":4,"key":"GamblersBrew"},{"floor":4,"key":"Block Potion"},{"floor":14,"key":"Poison Potion"}],"is_trial":false,"path_per_floor":["M","?","$","?","M","R","?","R","T","R","M","T","M","M","R"],"character_chosen":"DEFECT","items_purchased":[],"campfire_rested":2,"item_purchase_floors":[],"current_hp_per_floor":[74,63,63,63,61,61,61,75,75,75,75,75,53,38,60,0],"gold":304,"neow_bonus":"BOSS_RELIC","is_prod":false,"is_daily":false,"chose_seed":false,"campfire_upgraded":2,"win_rate":0.0,"timestamp":1531879201,"path_taken":["M","?","$","?","M","R","?","R","T","R","M","?","M","M","R","BOSS"],"build_version":"2018-07-12","purchased_purges":1,"victory":false,"max_hp_per_floor":[75,75,75,75,75,75,75,75,75,75,75,75,75,75,75,75],"card_choices":[{"not_picked":["Rebound","Steam"],"picked":"Streamline","floor":1},{"not_picked":["Conserve Battery","Turbo","Gash"],"picked":"SKIP","floor":5},{"not_picked":["Scrape","Rebound","Thunder Strike"],"picked":"SKIP","floor":11},{"not_picked":["Compile Driver","Hologram"],"picked":"Leap","floor":13},{"not_picked":["Steam","Stack","Sweeping Beam"],"picked":"SKIP","floor":14}],"player_experience":267344,"relics_obtained":[{"floor":9,"key":"Emotion Chip"},{"floor":12,"key":"Oddly Smooth Stone"}],"event_choices":[{"event_name":"World of Goop","player_choice":"Gather Gold","floor":2,"damage_taken":0},{"event_name":"The Lab","player_choice":"Got Potions","floor":4,"damage_taken":0},{"event_name":"Wheel of Change","player_choice":"Gold","floor":7,"damage_taken":0}],"boss_relics":[],"items_purged_floors":[3],"is_endless":false,"potions_floor_spawned":[11,13,14],"killed_by":"Hexaghost","ascension_level":0}