{"gold_per_floor":[13,13,13,33,33,59,69,69,92,92,92,92,105,123,123,219,219,237,22,26,26,26],"floor_reached":22,"playtime":664,"items_purged":["Strike_R"],"score":214,"play_id":"26e1141d-123d-428e-922a-3c591f725faa","local_time":"20190310180628","is_ascension_mode":true,"campfire_choices":[{"data":"Juggernaut","floor":10,"key":"SMITH"},{"data":"Metallicize","floor":15,"key":"SMITH"}],"neow_cost":"NO_GOLD","seed_source_timestamp":64719983334829,"circlet_count":0,"master_deck":["Strike_R+1","Strike_R","Strike_R","Strike_R","Defend_R+1","Defend_R","Defend_R","Defend_R","Bash","Juggernaut+1","Metallicize+1","Flex","Parasite","Spot Weakness","Barricade","Metallicize","Shrug It Off","Good Instincts"],"relics":["Question Card","PreservedInsect","Bronze Scales","Nloth\u0027s Gift"],"potions_floor_usage":[12,14,22,22],"damage_taken":[{"damage":5,"enemies":"Cultist","floor":1,"turns":4},{"damage":5,"enemies":"2 Louse","floor":4,"turns":4},{"damage":52,"enemies":"Lagavulin","floor":6,"turns":7},{"damage":1,"enemies":"Small Slimes","floor":7,"turns":4},{"damage":0,"enemies":"2 Fungi Beasts","floor":12,"turns":1},{"damage":15,"enemies":"3 Louse","floor":13,"turns":4},{"damage":6,"enemies":"Exordium Wildlife","floor":14,"turns":4},{"damage":45,"enemies":"The Guardian","floor":16,"turns":11},{"damage":19,"enemies":"3 Byrds","floor":18,"turns":3},{"damage":32,"enemies":"2 Thieves","floor":20,"turns":5},{"damage":73,"enemies":"Cultist and Chosen","floor":22,"turns":8}],"seed_played":"-2063981505318129432","potions_obtained":[{"floor":4,"key":"BloodPotion"},{"floor":7,"key":"SmokeBomb"},{"floor":13,"key":"Fruit Juice"},{"floor":16,"key":"Strength Potion"},{"floor":20,"key":"LiquidBronze"}],"is_trial":false,"path_per_floor":["M","T","?","M","?","E","M","?","T","R","?","M","M","M","R","B",null,"M","$","M","?","M"],"character_chosen":"IRONCLAD","items_purchased":["Shrug It Off","Good Instincts"],"campfire_rested":0,"item_purchase_floors":[19,19],"current_hp_per_floor":[80,80,80,80,64,18,23,49,49,49,69,75,66,71,71,32,85,76,76,54,54,0],"gold":26,"neow_bonus":"THREE_RARE_CARDS","is_prod":false,"is_daily":false,"chose_seed":false,"campfire_upgraded":2,"win_rate":0,"timestamp":1552255588,"path_taken":["M","?","?","?","?","E","M","?","T","R","?","M","M","M","R","BOSS","M","$","M","?","?"],"build_version":"2019-01-23","purchased_purges":1,"victory":false,"max_hp_per_floor":[80,80,80,80,80,80,80,80,80,80,80,80,80,85,85,85,85,85,85,85,85,85],"card_choices":[{"not_picked":["Immolate","Dark Embrace"],"picked":"Juggernaut","floor":0},{"not_picked":["Cleave","Wild Strike","Blood for Blood"],"picked":"SKIP","floor":1},{"not_picked":["Iron Wave","Clash","Thunderclap"],"picked":"Metallicize","floor":4},{"not_picked":["Warcry","Immolate","Dual Wield","Pommel Strike"],"picked":"SKIP","floor":6},{"not_picked":["Thunderclap","Perfected Strike","Anger"],"picked":"Flex","floor":7},{"not_picked":["Anger","Clothesline","Immolate","Rage"],"picked":"SKIP","floor":13},{"not_picked":["True Grit","Fire Breathing","Heavy Blade"],"picked":"Spot Weakness","floor":14},{"not_picked":["Exhume","Fiend Fire","Brutality"],"picked":"Barricade","floor":16},{"not_picked":["Thunderclap","Twin Strike","Havoc+1"],"picked":"Metallicize","floor":18},{"not_picked":["Cleave","Dual Wield+1","Dropkick","Power Through+1"],"picked":"SKIP","floor":20}],"player_experience":118633,"relics_obtained":[{"floor":2,"key":"Question Card"},{"floor":6,"key":"PreservedInsect"},{"floor":9,"key":"Bronze Scales"}],"event_choices":[{"damage_healed":0,"gold_gain":0,"player_choice":"Ignored","damage_taken":0,"max_hp_gain":0,"max_hp_loss":0,"event_name":"WeMeetAgain","floor":3,"gold_loss":0},{"damage_healed":0,"gold_gain":0,"player_choice":"Entered Light","damage_taken":16,"max_hp_gain":0,"max_hp_loss":0,"event_name":"Shining Light","floor":5,"gold_loss":0,"cards_upgraded":["Defend_R","Strike_R"]},{"damage_healed":26,"gold_gain":0,"player_choice":"Banana","damage_taken":0,"max_hp_gain":0,"max_hp_loss":0,"event_name":"Big Fish","floor":8,"gold_loss":0},{"damage_healed":20,"gold_gain":0,"player_choice":"Healed and dodged fight","damage_taken":0,"max_hp_gain":0,"max_hp_loss":0,"event_name":"Mushrooms","floor":11,"gold_loss":0,"cards_obtained":["Parasite"]},{"damage_healed":0,"gold_gain":0,"player_choice":"Traded Relic","damage_taken":0,"relics_obtained":["Nloth\u0027s Gift"],"max_hp_gain":0,"max_hp_loss":0,"event_name":"N\u0027loth","floor":21,"relics_lost":["Black Blood"],"gold_loss":0}],"is_beta":false,"boss_relics":[{"not_picked":["Snecko Eye","Fusion Hammer"],"picked":"Black Blood"}],"items_purged_floors":[19],"is_endless":false,"potions_floor_spawned":[4,7,13,16,20],"killed_by":"Cultist and Chosen","ascension_level":3}