{"gold_per_floor":[119,169,6,81,95,95,127,146,171,171,205,205,217,217,217,217],"floor_reached":16,"playtime":303,"items_purged":[],"score":216,"play_id":"c8e8cb9b-e1e5-4376-8fd0-91300378309d","local_time":"20190316221912","is_ascension_mode":true,"campfire_choices":[{"data":"Inflame","floor":6,"key":"SMITH"},{"data":"Spot Weakness","floor":10,"key":"SMITH"},{"data":"Pommel Strike","floor":12,"key":"SMITH"},{"floor":15,"key":"REST"}],"neow_cost":"NONE","seed_source_timestamp":87156927532617,"circlet_count":0,"master_deck":["AscendersBane","Strike_R+1","Strike_R+1","Strike_R","Strike_R","Strike_R","Defend_R","Defend_R","Defend_R","Defend_R","Bash","Double Tap","Dropkick","Inflame+1","Cleave","Pommel Strike+1","Dropkick","Spot Weakness+1","Shockwave"],"relics":["Burning Blood","Anchor","Strawberry","Mummified Hand"],"potions_floor_usage":[11,11,13],"damage_taken":[{"damage":14,"enemies":"Jaw Worm","floor":1,"turns":5},{"damage":7,"enemies":"Cultist","floor":5,"turns":4},{"damage":20,"enemies":"Lagavulin","floor":7,"turns":3},{"damage":0,"enemies":"Small Slimes","floor":8,"turns":2},{"damage":15,"enemies":"3 Sentries","floor":11,"turns":5},{"damage":0,"enemies":"3 Louse","floor":13,"turns":2},{"damage":52,"enemies":"The Guardian","floor":16,"turns":6}],"seed_played":"6880389427499381031","potions_obtained":[{"floor":7,"key":"Regen Potion"},{"floor":8,"key":"Swift Potion"},{"floor":11,"key":"Explosive Potion"}],"is_trial":false,"path_per_floor":["M","?","$","?","M","R","E","M","T","R","E","R","M","?","R","B"],"character_chosen":"IRONCLAD","items_purchased":["Inflame","Cleave","Pommel Strike"],"campfire_rested":1,"item_purchase_floors":[3,3,3],"current_hp_per_floor":[60,53,53,42,41,41,27,33,40,40,45,45,51,26,50,0],"gold":217,"neow_bonus":"ONE_RANDOM_RARE_CARD","is_prod":false,"is_daily":false,"chose_seed":false,"campfire_upgraded":3,"win_rate":0,"timestamp":1552760352,"path_taken":["M","?","?","?","M","R","E","M","T","R","E","R","M","?","R","BOSS"],"build_version":"2019-01-23","purchased_purges":0,"victory":false,"max_hp_per_floor":[75,75,75,75,75,75,75,75,82,82,82,82,82,82,82,82],"card_choices":[{"not_picked":["Anger","Warcry"],"picked":"Dropkick","floor":1},{"not_picked":["Corruption","Dual Wield"],"picked":"Dropkick","floor":5},{"not_picked":["Sword Boomerang","Armaments"],"picked":"Spot Weakness","floor":7},{"not_picked":["Flame Barrier","Corruption","Armaments"],"picked":"SKIP","floor":8},{"not_picked":["Havoc","Anger","Dark Embrace"],"picked":"SKIP","floor":11},{"not_picked":["Pommel Strike","Hemokinesis"],"picked":"Shockwave","floor":13}],"player_experience":751262,"relics_obtained":[{"floor":7,"key":"Anchor"},{"floor":9,"key":"Strawberry"},{"floor":11,"key":"Mummified Hand"}],"event_choices":[{"damage_healed":0,"gold_gain":50,"player_choice":"Touch","damage_taken":7,"max_hp_gain":0,"max_hp_loss":0,"event_name":"FaceTrader","floor":2,"gold_loss":0},{"damage_healed":0,"gold_gain":75,"player_choice":"Gather Gold","damage_taken":11,"max_hp_gain":0,"max_hp_loss":0,"event_name":"World of Goop","floor":4,"gold_loss":0},{"damage_healed":0,"gold_gain":0,"player_choice":"Entered Light","damage_taken":25,"max_hp_gain":0,"max_hp_loss":0,"event_name":"Shining Light","floor":14,"gold_loss":0,"cards_upgraded":["Strike_R","Strike_R"]}],"is_beta":false,"boss_relics":[],"items_purged_floors":[],"is_endless":false,"potions_floor_spawned":[7,8,11],"killed_by":"The Guardian","ascension_level":20}