{"gold_per_floor":[13,24,24,24,39,39,56,4,4,17,17,35,51,51,51,149,179,190,190,203,220,230,230,230,246,270,270],"floor_reached":27,"playtime":946,"items_purged":[],"score":234,"play_id":"14c0889e-35af-4927-be10-c535b6523b66","local_time":"20180715195607","is_ascension_mode":false,"campfire_choices":[{"data":"Zap","floor":6.0,"key":"SMITH"},{"floor":15.0,"key":"REST"},{"floor":23,"key":"REST"}],"neow_cost":"NO_GOLD","seed_source_timestamp":0,"circlet_count":0,"master_deck":["Strike_B+1","Strike_B+1","Strike_B+1","Strike_B+1","Defend_B+1","Defend_B+1","Defend_B+1","Zap+1","Dualcast","Barrage","Ball Lightning+1","Streamline","Conserve Battery","Scrape+1","Barrage+1","Electrodynamics","Ghostly","Ghostly","Ghostly","Ghostly","Ghostly","Auto Shields","Ball Lightning+1","Defragment"],"special_seed":0,"relics":["Cracked Core","Letter Opener","Molten Egg 2","Tiny House","Ancient Tea Set"],"potions_floor_usage":[],"damage_taken":[{"damage":1.0,"enemies":"Cultist","floor":1.0,"turns":4.0},{"damage":3.0,"enemies":"Small Slimes","floor":2.0,"turns":3.0},{"damage":0.0,"enemies":"2 Louse","floor":5.0,"turns":2.0},{"damage":18.0,"enemies":"Large Slime","floor":7.0,"turns":4.0},{"damage":8.0,"enemies":"Red Slaver","floor":10.0,"turns":2.0},{"damage":0.0,"enemies":"2 Fungi Beasts","floor":12.0,"turns":3.0},{"damage":6.0,"enemies":"Exordium Wildlife","floor":13.0,"turns":4.0},{"damage":40.0,"enemies":"Hexaghost","floor":16.0,"turns":8.0},{"damage":25.0,"enemies":"Shell Parasite","floor":18.0,"turns":4.0},{"damage":21,"enemies":"3 Byrds","floor":20,"turns":5},{"damage":6,"enemies":"Snake Plant","floor":21,"turns":5},{"damage":16,"enemies":"Cultist and Chosen","floor":22,"turns":6},{"damage":1,"enemies":"Snecko","floor":25,"turns":5},{"damage":18,"enemies":"Chosen and Byrds","floor":27,"turns":4}],"seed_played":"-3630876185304004198","potions_obtained":[{"floor":7.0,"key":"SpeedPotion"},{"floor":10.0,"key":"Block Potion"},{"floor":12.0,"key":"GamblersBrew"},{"floor":17.0,"key":"AttackPotion"}],"is_trial":false,"path_per_floor":["M","M","?","?","M","R","M","$","T","M","T","M","M","?","R","B",null,"M","?","M","M","M","R","?","M","T"],"character_chosen":"DEFECT","items_purchased":["Conserve Battery"],"campfire_rested":2,"item_purchase_floors":[8],"current_hp_per_floor":[88,85,85,85,85,85,67,67,67,59,59,59,53,35,61,21,94,69,47,26,20,4,18,18,17,17,0],"gold":270,"neow_bonus":"TWENTY_PERCENT_HP_BONUS","is_prod":false,"is_daily":false,"chose_seed":false,"campfire_upgraded":1,"win_rate":0.0,"timestamp":1531698967,"path_taken":["M","M","?","?","M","R","M","?","T","?","?","M","M","?","R","BOSS","M","?","M","M","M","R","?","M","T","M"],"build_version":"2018-07-12","purchased_purges":0,"victory":false,"max_hp_per_floor":[89,89,89,89,89,89,89,89,89,89,89,89,89,89,89,89,94,94,47,47,47,47,47,47,47,47,47],"card_choices":[{"not_picked":["Hologram","Leap"],"picked":"Barrage","floor":1.0},{"not_picked":["Blizzard","Compile Driver","Reprogram"],"picked":"SKIP","floor":2.0},{"not_picked":["Redo","Sweeping Beam"],"picked":"Ball Lightning","floor":5.0},{"not_picked":["White Noise","Turbo"],"picked":"Streamline","floor":7.0},{"not_picked":["Hologram","Coolheaded","Turbo"],"picked":"SKIP","floor":10.0},{"not_picked":["Conserve Battery","Gash+1"],"picked":"Scrape+1","floor":12.0},{"not_picked":["Beam Cell+1","Tempest"],"picked":"Barrage+1","floor":13.0},{"not_picked":["Amplify","Echo Form"],"picked":"Electrodynamics","floor":16.0},{"not_picked":["Beam Cell+1","Conserve Battery","Barrage+1"],"picked":"SKIP","floor":18},{"not_picked":["Go for the Eyes+1","Barrage+1"],"picked":"Auto Shields","floor":20},{"not_picked":["Seek","Redo+1"],"picked":"Ball Lightning+1","floor":21},{"not_picked":["Gash+1","Beam Cell+1"],"picked":"Defragment","floor":22},{"not_picked":["Glacier","Go for the Eyes+1","Chaos+1"],"picked":"SKIP","floor":25}],"player_experience":253064,"relics_obtained":[{"floor":9.0,"key":"Letter Opener"},{"floor":11.0,"key":"Molten Egg 2"},{"floor":26,"key":"Ancient Tea Set"}],"event_choices":[{"event_name":"The Cleric","player_choice":"Leave","floor":3.0,"damage_taken":0.0},{"event_name":"Purifier","player_choice":"One Purge","floor":4.0,"damage_taken":0.0},{"event_name":"Shining Light","player_choice":"Entered Light","floor":14.0,"damage_taken":0.0},{"event_name":"Ghosts","player_choice":"Became a Ghost","floor":19,"damage_taken":0},{"event_name":"Back to Basics","player_choice":"Simplicity","floor":24,"damage_taken":0}],"boss_relics":[{"not_picked":["Cursed Key","Black Star"],"picked":"Tiny House"}],"items_purged_floors":[],"is_endless":false,"potions_floor_spawned":[7,10,12,13,20,25],"killed_by":"Chosen and Byrds","ascension_level":0}