{"gold_per_floor":[11,31,31,46,56,81,99,99,181,181,256,291,301,329,329,406,406,425,24,39,39,39,67,67,92,139,173,88,8,8,22,22,96,96,114,114,214,54,66,101,101,131,131,131,131,131,158,213,213,213,213],"floor_reached":52,"playtime":3834,"items_purged":[],"score":1974,"play_id":"4c91e748-04a0-4615-9e43-c9dfa4156d58","local_time":"20190416215337","is_ascension_mode":true,"campfire_choices":[{"floor":8,"key":"REST"},{"data":"Armaments","floor":10,"key":"SMITH"},{"floor":15,"key":"REST"},{"floor":24,"key":"REST"},{"floor":30,"key":"REST"},{"floor":32,"key":"REST"},{"floor":44,"key":"REST"},{"data":"Limit Break","floor":46,"key":"SMITH"},{"data":"Corruption","floor":49,"key":"SMITH"}],"neow_cost":"NO_GOLD","seed_source_timestamp":343444325128327,"circlet_count":0,"master_deck":["AscendersBane","Strike_R+1","Strike_R+1","Strike_R+1","Strike_R+1","Defend_R+1","Defend_R+1","Defend_R+1","Bash","Cleave","Sentinel","Disarm","Thunderclap","Offering","True Grit","Armaments+1","Inflame","Pummel","Rage","Limit Break+1","Corruption+1","Flame Barrier","Headbutt","Second Wind","Feel No Pain+1","Exhume","Fiend Fire","Madness","Madness","Pommel Strike","Heavy Blade"],"relics":["Burning Blood","Regal Pillow","Blue Candle","Dead Branch","Anchor","Runic Pyramid","Letter Opener","Prayer Wheel","Frozen Egg 2","Lantern","Bronze Scales","Smiling Mask","Busted Crown","Ice Cream","Vajra","Singing Bowl","Happy Flower","Mercury Hourglass","Red Skull","Calipers"],"potions_floor_usage":[5,27,27,33,42,50],"damage_taken":[{"damage":16,"enemies":"Jaw Worm","floor":1,"turns":4},{"damage":6,"enemies":"2 Louse","floor":2,"turns":3},{"damage":0,"enemies":"Small Slimes","floor":4,"turns":2},{"damage":13,"enemies":"Blue Slaver","floor":5,"turns":4},{"damage":27,"enemies":"Lagavulin","floor":6,"turns":7},{"damage":14,"enemies":"Large Slime","floor":7,"turns":7},{"damage":26,"enemies":"3 Sentries","floor":12,"turns":7},{"damage":5,"enemies":"2 Fungi Beasts","floor":13,"turns":3},{"damage":11,"enemies":"Lagavulin","floor":14,"turns":7},{"damage":64,"enemies":"The Guardian","floor":16,"turns":9},{"damage":27,"enemies":"Spheric Guardian","floor":18,"turns":5},{"damage":0,"enemies":"3 Byrds","floor":20,"turns":3},{"damage":31,"enemies":"Slavers","floor":23,"turns":4},{"damage":28,"enemies":"Gremlin Leader","floor":25,"turns":4},{"damage":47,"enemies":"Book of Stabbing","floor":27,"turns":6},{"damage":3,"enemies":"Snecko","floor":31,"turns":6},{"damage":70,"enemies":"Collector","floor":33,"turns":9},{"damage":0,"enemies":"3 Shapes","floor":35,"turns":3},{"damage":0,"enemies":"Mind Bloom Boss Battle","floor":37,"turns":5},{"damage":0,"enemies":"3 Darklings","floor":39,"turns":3},{"damage":11,"enemies":"Nemesis","floor":40,"turns":3},{"damage":19,"enemies":"Reptomancer","floor":42,"turns":3},{"damage":5,"enemies":"Giant Head","floor":47,"turns":5},{"damage":7,"enemies":"2 Orb Walkers","floor":48,"turns":2},{"damage":45,"enemies":"Time Eater","floor":50,"turns":7},{"damage":19,"enemies":"Awakened One","floor":51,"turns":4}],"seed_played":"-2963775813777192315","potions_obtained":[{"floor":1,"key":"Ancient Potion"},{"floor":5,"key":"Fruit Juice"},{"floor":6,"key":"BloodPotion"},{"floor":16,"key":"Swift Potion"},{"floor":35,"key":"LiquidBronze"},{"floor":37,"key":"Fire Potion"}],"is_trial":false,"path_per_floor":["M","M","?","M","M","E","M","R","T","R","?","E","M","E","R","B",null,"M","$","M","?","?","E","R","E","T","E","?","$","R","M","R","B",null,"M","?","?","$","M","E","?","E","T","R","?","R","E","?","R","B","B",null],"character_chosen":"IRONCLAD","items_purchased":["Corruption","Letter Opener","Flame Barrier","BloodPotion","Vajra"],"campfire_rested":6,"item_purchase_floors":[19,19,19,29,38],"current_hp_per_floor":[58,58,58,64,62,41,33,72,72,72,61,41,42,37,76,18,65,44,44,50,50,50,25,64,42,42,9,9,9,48,51,80,24,66,72,58,64,64,70,67,67,56,56,84,86,86,88,89,89,50,37],"gold":213,"neow_bonus":"TRANSFORM_TWO_CARDS","is_prod":false,"is_daily":false,"chose_seed":false,"campfire_upgraded":3,"win_rate":0,"timestamp":1555476817,"path_taken":["M","M","?","M","M","E","M","R","T","R","?","E","M","E","R","BOSS","M","$","M","?","?","E","R","E","T","E","?","$","R","M","R","BOSS","M","?","?","$","M","E","?","E","T","R","?","R","E","?","R","BOSS","BOSS"],"build_version":"2019-01-23","purchased_purges":0,"victory":true,"max_hp_per_floor":[75,75,75,75,80,80,80,80,80,80,80,80,80,80,80,80,80,80,80,80,80,80,80,80,80,80,80,80,80,80,80,80,80,80,80,80,80,80,80,82,82,84,84,84,86,86,88,90,90,90,90],"card_choices":[{"not_picked":["Havoc","Armaments"],"picked":"Disarm","floor":1},{"not_picked":["Warcry","Infernal Blade"],"picked":"Thunderclap","floor":2},{"not_picked":["Clash","Twin Strike"],"picked":"Offering","floor":4},{"not_picked":["Anger","Clash"],"picked":"Blood for Blood","floor":5},{"not_picked":["Clash","Wild Strike"],"picked":"True Grit","floor":6},{"not_picked":["Seeing Red","Thunderclap"],"picked":"Armaments","floor":7},{"not_picked":["Offering","Perfected Strike"],"picked":"Inflame","floor":12},{"not_picked":["Iron Wave","Fire Breathing"],"picked":"Pummel","floor":13},{"not_picked":["Immolate","Infernal Blade"],"picked":"Rage","floor":14},{"not_picked":["Offering","Demon Form"],"picked":"Limit Break","floor":16},{"not_picked":["Iron Wave","Perfected Strike","Hemokinesis"],"picked":"SKIP","floor":18},{"not_picked":["Thunderclap","Anger","Rupture"],"picked":"SKIP","floor":20},{"not_picked":["Armaments","Dual Wield+1","Anger"],"picked":"SKIP","floor":23},{"not_picked":["Sever Soul","Sentinel"],"picked":"Headbutt","floor":25},{"not_picked":["Clash","Seeing Red"],"picked":"Second Wind","floor":27},{"not_picked":["Clothesline","Pummel"],"picked":"Feel No Pain+1","floor":31},{"not_picked":["Feel No Pain+1","Pommel Strike"],"picked":"Exhume","floor":31},{"not_picked":["Demon Form+1","Reaper"],"picked":"Fiend Fire","floor":33},{"not_picked":["Iron Wave"],"picked":"SKIP","floor":35},{"not_picked":["Clash"],"picked":"SKIP","floor":35},{"not_picked":[],"picked":"Pommel Strike","floor":37},{"not_picked":[],"picked":"Heavy Blade","floor":39},{"not_picked":["Wild Strike"],"picked":"SKIP","floor":39},{"not_picked":["Infernal Blade"],"picked":"Singing Bowl","floor":40},{"not_picked":["Clothesline"],"picked":"Singing Bowl","floor":42},{"not_picked":["Madness"],"picked":"Singing Bowl","floor":45},{"not_picked":["Iron Wave"],"picked":"Singing Bowl","floor":47},{"not_picked":["Ghostly Armor"],"picked":"Singing Bowl","floor":48}],"player_experience":672259,"relics_obtained":[{"floor":6,"key":"Regal Pillow"},{"floor":9,"key":"Blue Candle"},{"floor":12,"key":"Dead Branch"},{"floor":14,"key":"Anchor"},{"floor":23,"key":"Prayer Wheel"},{"floor":25,"key":"Frozen Egg 2"},{"floor":26,"key":"Lantern"},{"floor":27,"key":"Bronze Scales"},{"floor":37,"key":"Ice Cream"},{"floor":40,"key":"Singing Bowl"},{"floor":42,"key":"Happy Flower"},{"floor":43,"key":"Mercury Hourglass"},{"floor":47,"key":"Red Skull"},{"floor":48,"key":"Calipers"}],"event_choices":[{"damage_healed":0,"gold_gain":0,"player_choice":"Ignored","damage_taken":0,"max_hp_gain":0,"max_hp_loss":0,"event_name":"Golden Wing","floor":3,"gold_loss":0},{"damage_healed":0,"gold_gain":75,"player_choice":"Gather Gold","damage_taken":11,"max_hp_gain":0,"max_hp_loss":0,"event_name":"World of Goop","floor":11,"gold_loss":0},{"damage_healed":0,"gold_gain":0,"player_choice":"Ignored","damage_taken":0,"max_hp_gain":0,"max_hp_loss":0,"event_name":"Cursed Tome","floor":21,"gold_loss":0},{"damage_healed":0,"gold_gain":0,"player_choice":"Simplicity","damage_taken":0,"max_hp_gain":0,"max_hp_loss":0,"event_name":"Back to Basics","floor":22,"gold_loss":0,"cards_upgraded":["Strike_R","Strike_R","Strike_R","Strike_R","Defend_R","Defend_R","Defend_R"]},{"damage_healed":0,"gold_gain":0,"player_choice":"Obtained Relic","damage_taken":0,"relics_obtained":["Smiling Mask"],"max_hp_gain":0,"max_hp_loss":0,"event_name":"Addict","floor":28,"gold_loss":85},{"damage_healed":0,"gold_gain":0,"player_choice":"Embrace Madness","damage_taken":14,"max_hp_gain":0,"max_hp_loss":0,"event_name":"Winding Halls","floor":36,"gold_loss":0,"cards_obtained":["Madness","Madness"]},{"damage_healed":0,"gold_gain":0,"player_choice":"Fight","damage_taken":0,"max_hp_gain":0,"max_hp_loss":0,"event_name":"MindBloom","floor":37,"gold_loss":0},{"cards_removed":["Blood for Blood"],"damage_healed":0,"gold_gain":0,"player_choice":"Removed Attack","damage_taken":0,"max_hp_gain":0,"max_hp_loss":0,"event_name":"Falling","floor":41,"gold_loss":0},{"damage_healed":0,"gold_gain":0,"player_choice":"Memory 1","damage_taken":0,"max_hp_gain":0,"max_hp_loss":0,"event_name":"SensoryStone","floor":45,"gold_loss":0},{"damage_healed":0,"gold_gain":0,"player_choice":"Fight","damage_taken":0,"max_hp_gain":0,"max_hp_loss":0,"event_name":"Mysterious Sphere","floor":48,"gold_loss":0}],"is_beta":false,"boss_relics":[{"not_picked":["Velvet Choker","Orrery"],"picked":"Runic Pyramid"},{"not_picked":["Calling Bell","Pandora\u0027s Box"],"picked":"Busted Crown"}],"items_purged_floors":[],"is_endless":false,"potions_floor_spawned":[1,5,6,12,16,20,23,25,35,37,40],"ascension_level":20}