{"gold_per_floor":[111,129,129,145,32,32,66,66,89,117,117,48,66,82,82,180,180,192,210,125,141,154,154,179,89,115,115,44,44,64,75,75,173,173,185,203,24,24,34,34,34,34,34,34,34,54,54],"floor_reached":47,"playtime":1764,"items_purged":["Strike_R","Strike_R"],"score":541,"play_id":"8f7704fa-a9f3-4861-a4a7-b403f9c28c9f","local_time":"20190314174032","is_ascension_mode":true,"campfire_choices":[{"data":"Metallicize","floor":6,"key":"SMITH"},{"data":"Spot Weakness","floor":8,"key":"SMITH"},{"floor":15,"key":"REST"},{"floor":23,"key":"REST"},{"data":"Heavy Blade","floor":27,"key":"SMITH"},{"data":"Metallicize","floor":29,"key":"SMITH"},{"data":"Limit Break","floor":32,"key":"SMITH"},{"data":"Juggernaut","floor":40,"key":"SMITH"},{"floor":42,"key":"REST"}],"neow_cost":"NONE","seed_source_timestamp":76125564662374,"circlet_count":0,"master_deck":["Strike_R","Defend_R","Defend_R","Defend_R","Defend_R","Bash","Seeing Red+1","Spot Weakness+1","Headbutt+1","Metallicize+1","Pommel Strike","Flex","Heavy Blade+1","Shrug It Off+1","Cleave+1","Warcry","Metallicize+1","Limit Break+1","Juggernaut+1","Battle Trance+1","Inflame","Shrug It Off+1"],"relics":["Black Blood","NeowsBlessing","Regal Pillow","PreservedInsect","Odd Mushroom","Velvet Choker","Bag of Preparation","Dodecahedron","Blood Vial","Gambling Chip"],"potions_floor_usage":[16,33,33,46,47,47],"damage_taken":[{"damage":0,"enemies":"Jaw Worm","floor":1,"turns":1},{"damage":0,"enemies":"Cultist","floor":2,"turns":1},{"damage":0,"enemies":"Small Slimes","floor":4,"turns":1},{"damage":28,"enemies":"Gremlin Nob","floor":7,"turns":5},{"damage":30,"enemies":"The Mushroom Lair","floor":10,"turns":5},{"damage":13,"enemies":"Blue Slaver","floor":13,"turns":2},{"damage":4,"enemies":"Large Slime","floor":14,"turns":6},{"damage":19,"enemies":"Slime Boss","floor":16,"turns":8},{"damage":2,"enemies":"Chosen","floor":18,"turns":3},{"damage":11,"enemies":"3 Byrds","floor":19,"turns":6},{"damage":29,"enemies":"Snake Plant","floor":21,"turns":3},{"damage":18,"enemies":"Centurion and Healer","floor":22,"turns":5},{"damage":7,"enemies":"Slavers","floor":24,"turns":2},{"damage":0,"enemies":"Snecko","floor":30,"turns":4},{"damage":16,"enemies":"Cultist and Chosen","floor":31,"turns":5},{"damage":66,"enemies":"Collector","floor":33,"turns":9},{"damage":27,"enemies":"3 Darklings","floor":35,"turns":5},{"damage":21,"enemies":"Orb Walker","floor":36,"turns":4},{"damage":29,"enemies":"3 Darklings","floor":39,"turns":6},{"damage":37,"enemies":"Maw","floor":46,"turns":6},{"damage":56,"enemies":"2 Orb Walkers","floor":47,"turns":3}],"seed_played":"-8306378148617655516","potions_obtained":[{"floor":1,"key":"AttackPotion"},{"floor":2,"key":"SpeedPotion"},{"floor":10,"key":"Fire Potion"},{"floor":21,"key":"Energy Potion"},{"floor":30,"key":"Weak Potion"},{"floor":31,"key":"BloodPotion"},{"floor":33,"key":"Weak Potion"},{"floor":35,"key":"EssenceOfSteel"}],"is_trial":false,"path_per_floor":["M","M","?","M","$","R","E","R","T","?","?","$","M","M","R","B",null,"M","M","?","M","M","R","E","?","T","R","$","R","M","M","R","B",null,"M","M","$","?","M","R","?","R","T","?","?","M","?"],"character_chosen":"IRONCLAD","items_purchased":["Metallicize","Flex","Heavy Blade","Metallicize","Inflame"],"campfire_rested":3,"item_purchase_floors":[5,12,12,28,37],"current_hp_per_floor":[80,80,80,80,80,80,58,58,58,34,39,39,32,34,74,61,85,85,80,80,57,45,85,84,84,84,84,84,84,85,75,75,25,85,68,59,59,59,42,42,42,81,81,81,73,48,0],"gold":54,"neow_bonus":"THREE_ENEMY_KILL","is_prod":false,"is_daily":false,"chose_seed":false,"campfire_upgraded":6,"win_rate":0,"timestamp":1552599632,"path_taken":["M","M","?","?","$","R","E","R","T","?","?","$","M","M","R","BOSS","M","M","?","M","M","R","E","?","T","R","$","R","M","?","R","BOSS","M","?","$","?","M","R","?","R","T","?","?","?","?"],"build_version":"2019-01-23","purchased_purges":2,"victory":false,"max_hp_per_floor":[80,80,80,80,80,80,80,80,80,80,85,85,85,85,85,85,85,85,85,85,85,85,85,85,85,85,85,85,85,85,85,85,85,85,85,85,85,85,85,85,81,81,81,81,81,81,81],"card_choices":[{"not_picked":["Dual Wield","Infernal Blade"],"picked":"Seeing Red","floor":1},{"not_picked":["Heavy Blade","Wild Strike"],"picked":"Spot Weakness","floor":2},{"not_picked":["Heavy Blade","Flex"],"picked":"Headbutt","floor":4},{"not_picked":["Searing Blow","Wild Strike","Intimidate"],"picked":"SKIP","floor":7},{"not_picked":["Thunderclap","Sentinel"],"picked":"Pommel Strike","floor":10},{"not_picked":["Carnage","Warcry","Hemokinesis"],"picked":"SKIP","floor":13},{"not_picked":["Rage","Infernal Blade","Heavy Blade"],"picked":"SKIP","floor":14},{"not_picked":["Sentinel","Whirlwind+1"],"picked":"Shrug It Off+1","floor":18},{"not_picked":["Body Slam","Seeing Red"],"picked":"Cleave+1","floor":19},{"not_picked":["Pummel+1","Searing Blow","Heavy Blade"],"picked":"SKIP","floor":21},{"not_picked":["Iron Wave+1","Perfected Strike+1"],"picked":"Warcry","floor":22},{"not_picked":["Reckless Charge","Sever Soul","Pummel"],"picked":"SKIP","floor":24},{"not_picked":["Combust","Sword Boomerang+1","Uppercut"],"picked":"SKIP","floor":30},{"not_picked":["Shrug It Off+1","Anger"],"picked":"Limit Break","floor":31},{"not_picked":["Brutality","Feed"],"picked":"Juggernaut","floor":33},{"not_picked":["Clash+1","Sword Boomerang+1","Cleave+1"],"picked":"SKIP","floor":35},{"not_picked":["Sentinel+1","Cleave+1"],"picked":"Battle Trance+1","floor":36},{"not_picked":["Shrug It Off","Clothesline+1","Thunderclap+1"],"picked":"SKIP","floor":39},{"not_picked":["Thunderclap","Entrench"],"picked":"Shrug It Off+1","floor":46}],"player_experience":141144,"relics_obtained":[{"floor":7,"key":"Regal Pillow"},{"floor":9,"key":"PreservedInsect"},{"floor":10,"key":"Odd Mushroom"},{"floor":24,"key":"Dodecahedron"},{"floor":26,"key":"Blood Vial"},{"floor":43,"key":"Gambling Chip"}],"event_choices":[{"damage_healed":0,"gold_gain":0,"player_choice":"Upgraded","damage_taken":0,"max_hp_gain":0,"max_hp_loss":0,"event_name":"Upgrade Shrine","floor":3,"gold_loss":0,"cards_upgraded":["Seeing Red"]},{"damage_healed":0,"gold_gain":0,"player_choice":"Fought Mushrooms","damage_taken":0,"max_hp_gain":0,"max_hp_loss":0,"event_name":"Mushrooms","floor":10,"gold_loss":0},{"damage_healed":0,"gold_gain":0,"player_choice":"Donut","damage_taken":0,"max_hp_gain":5,"max_hp_loss":0,"event_name":"Big Fish","floor":11,"gold_loss":0},{"damage_healed":0,"gold_gain":0,"player_choice":"Obtained Relic","damage_taken":0,"relics_obtained":["Bag of Preparation"],"max_hp_gain":0,"max_hp_loss":0,"event_name":"Addict","floor":20,"gold_loss":85},{"cards_removed":["Strike_R"],"damage_healed":0,"gold_gain":0,"player_choice":"Upgrade and Remove","damage_taken":0,"max_hp_gain":0,"max_hp_loss":0,"event_name":"Designer","floor":25,"gold_loss":90,"cards_upgraded":["Headbutt"]},{"damage_healed":0,"gold_gain":0,"player_choice":"Memory 1","damage_taken":0,"max_hp_gain":0,"max_hp_loss":0,"event_name":"SensoryStone","floor":38,"gold_loss":0},{"damage_healed":0,"gold_gain":0,"player_choice":"Max HP","damage_taken":0,"max_hp_gain":0,"max_hp_loss":4,"event_name":"Winding Halls","floor":41,"gold_loss":0},{"cards_removed":["Strike_R"],"damage_healed":0,"gold_gain":0,"player_choice":"Removed Attack","damage_taken":0,"max_hp_gain":0,"max_hp_loss":0,"event_name":"Falling","floor":44,"gold_loss":0},{"damage_healed":0,"gold_gain":0,"player_choice":"Damaged","damage_taken":8,"max_hp_gain":0,"max_hp_loss":0,"event_name":"Wheel of Change","floor":45,"gold_loss":0},{"damage_healed":0,"gold_gain":0,"player_choice":"Fight","damage_taken":0,"max_hp_gain":0,"max_hp_loss":0,"event_name":"Mysterious Sphere","floor":47,"gold_loss":0}],"is_beta":false,"boss_relics":[{"not_picked":["Philosopher\u0027s Stone","Cursed Key"],"picked":"Velvet Choker"},{"not_picked":["White Beast Statue","Sozu"],"picked":"Black Blood"}],"items_purged_floors":[5,37],"is_endless":false,"potions_floor_spawned":[1,2,10,21,30,31,33,35],"killed_by":"2 Orb Walkers","ascension_level":3}