{"gold_per_floor":[119,21,21,32,45,45,74,74,154,154,4,19,19,33,33,133,183,195,56,76,76,175,175,187,204,204,129,141,141,141],"floor_reached":30,"playtime":995,"items_purged":["Strike_R","Strike_R"],"score":230,"play_id":"3fedc7d6-9206-436c-a97f-3f7527ae8879","local_time":"20190405145745","is_ascension_mode":false,"campfire_choices":[{"data":"Bash","floor":6,"key":"SMITH"},{"floor":8,"key":"REST"},{"floor":10,"key":"REST"},{"data":"Armaments","floor":15,"key":"SMITH"},{"data":"Seeing Red","floor":23,"key":"SMITH"}],"neow_cost":"NONE","seed_source_timestamp":10372790862795,"circlet_count":0,"master_deck":["Strike_R","Defend_R","Defend_R","Defend_R","Defend_R","Bash+1","Shrug It Off","Headbutt","Cleave","True Grit+1","Blood for Blood+1","Armaments+1","Inflame","Seeing Red+1"],"relics":["Burning Blood","Red Skull","Lantern","Tiny Chest","Tiny House","Gremlin Horn","Darkstone Periapt"],"potions_floor_usage":[16],"damage_taken":[{"damage":4,"enemies":"2 Louse","floor":1,"turns":3},{"damage":1,"enemies":"Cultist","floor":4,"turns":4},{"damage":0,"enemies":"Jaw Worm","floor":5,"turns":3},{"damage":56,"enemies":"Lagavulin","floor":7,"turns":7},{"damage":2,"enemies":"Looter","floor":12,"turns":3},{"damage":5,"enemies":"3 Louse","floor":14,"turns":3},{"damage":12,"enemies":"Slime Boss","floor":16,"turns":9},{"damage":20,"enemies":"Spheric Guardian","floor":18,"turns":4},{"damage":30,"enemies":"2 Thieves","floor":20,"turns":4},{"damage":27,"enemies":"Centurion and Healer","floor":24,"turns":7},{"damage":36,"enemies":"Snake Plant","floor":25,"turns":4},{"damage":22,"enemies":"Snecko","floor":28,"turns":4},{"damage":9,"enemies":"Shelled Parasite and Fungi","floor":30,"turns":2}],"seed_played":"-2303063792675515820","potions_obtained":[{"floor":4,"key":"Explosive Potion"},{"floor":7,"key":"SteroidPotion"},{"floor":12,"key":"Swift Potion"},{"floor":17,"key":"EssenceOfSteel"}],"is_trial":false,"path_per_floor":["M","?","$","M","M","R","E","R","T","R","$","M","?","M","R","B",null,"M","$","M","?","?","R","M","M","T","?","M","T","M"],"character_chosen":"IRONCLAD","items_purchased":["Cleave","True Grit","Seeing Red"],"campfire_rested":2,"item_purchase_floors":[11,11,19],"current_hp_per_floor":[80,80,80,80,80,80,30,54,54,78,78,80,80,80,80,74,85,71,71,47,75,75,75,54,24,24,24,8,8,0],"gold":141,"neow_bonus":"TRANSFORM_CARD","is_prod":false,"is_daily":false,"chose_seed":false,"campfire_upgraded":3,"win_rate":0,"timestamp":1554490665,"path_taken":["M","?","$","M","?","R","E","R","T","R","?","M","?","?","R","BOSS","M","$","M","?","?","R","M","M","T","?","M","?","?"],"build_version":"2019-01-23","purchased_purges":2,"victory":false,"max_hp_per_floor":[80,80,80,80,80,80,80,80,80,80,80,80,80,80,80,80,85,85,85,85,85,85,85,85,85,85,85,85,85,85],"card_choices":[{"not_picked":["Iron Wave","Searing Blow","Twin Strike"],"picked":"SKIP","floor":1},{"not_picked":["Cleave","Iron Wave"],"picked":"Headbutt","floor":4},{"not_picked":["Hemokinesis","Limit Break","Flex"],"picked":"SKIP","floor":5},{"not_picked":["True Grit","Warcry","Thunderclap"],"picked":"SKIP","floor":7},{"not_picked":["Perfected Strike","Disarm"],"picked":"Blood for Blood","floor":12},{"not_picked":["Rampage","Seeing Red"],"picked":"Armaments","floor":14},{"not_picked":["Wild Strike","Twin Strike"],"picked":"Inflame","floor":17},{"not_picked":["Twin Strike","True Grit","Shrug It Off"],"picked":"SKIP","floor":18},{"not_picked":["Hemokinesis","Cleave","Warcry+1"],"picked":"SKIP","floor":20},{"not_picked":["Armaments","Headbutt+1","Thunderclap+1"],"picked":"SKIP","floor":24},{"not_picked":["Headbutt","Shrug It Off","Sword Boomerang+1"],"picked":"SKIP","floor":25},{"not_picked":["Sword Boomerang","Pommel Strike","Warcry+1"],"picked":"SKIP","floor":28}],"player_experience":451332,"relics_obtained":[{"floor":7,"key":"Lantern"},{"floor":9,"key":"Tiny Chest"},{"floor":26,"key":"Gremlin Horn"},{"floor":29,"key":"Darkstone Periapt"}],"event_choices":[{"damage_healed":0,"gold_gain":0,"player_choice":"Paid Gold","damage_taken":0,"relics_obtained":["Red Skull"],"max_hp_gain":0,"max_hp_loss":0,"event_name":"WeMeetAgain","floor":2,"gold_loss":98},{"damage_healed":0,"gold_gain":0,"player_choice":"Upgraded","damage_taken":0,"max_hp_gain":0,"max_hp_loss":0,"event_name":"Upgrade Shrine","floor":13,"gold_loss":0,"cards_upgraded":["Blood for Blood"]},{"damage_healed":28,"gold_gain":0,"player_choice":"Heal","damage_taken":0,"max_hp_gain":0,"max_hp_loss":0,"event_name":"The Library","floor":21,"gold_loss":0},{"damage_healed":0,"gold_gain":99,"player_choice":"Stole From Cult","damage_taken":0,"max_hp_gain":0,"max_hp_loss":0,"event_name":"Nest","floor":22,"gold_loss":0},{"cards_removed":["Strike_R"],"damage_healed":0,"gold_gain":0,"player_choice":"Gave Gold","damage_taken":0,"max_hp_gain":0,"max_hp_loss":0,"event_name":"Beggar","floor":27,"gold_loss":75}],"is_beta":false,"boss_relics":[{"not_picked":["Ectoplasm","Coffee Dripper"],"picked":"Tiny House"}],"items_purged_floors":[11,19],"is_endless":false,"potions_floor_spawned":[4,7,12,20,24],"killed_by":"Shelled Parasite and Fungi","ascension_level":0}