{"gold_per_floor":[109,120,135,135,155,155,175,175,175,193,67,67,87,98,98,201,201,218,0,0,14,14,14,26,26],"floor_reached":25,"playtime":1512,"items_purged":["Strike_G"],"score":197,"play_id":"b2bfcaf9-8a2c-4432-954b-efbf83c3902d","local_time":"20190330162005","is_ascension_mode":false,"campfire_choices":[{"data":"Underhanded Strike","floor":6,"key":"SMITH"},{"floor":8,"key":"REST"},{"floor":15,"key":"REST"},{"floor":23,"key":"REST"}],"neow_cost":"NONE","seed_source_timestamp":522874441315987,"circlet_count":0,"master_deck":["Defend_G+1","Defend_G","Defend_G","Defend_G","Defend_G","Strike_G","Strike_G","Strike_G","Survivor","Neutralize","Underhanded Strike+1","Cloak And Dagger+1","Escape Plan","Quick Slash","Unload","Blade Dance","Glass Knife","Blade Dance+1","Quick Slash+1"],"relics":["Philosopher\u0027s Stone","Blue Candle","War Paint","Sozu"],"potions_floor_usage":[16],"damage_taken":[{"damage":2,"enemies":"2 Louse","floor":1,"turns":3},{"damage":7,"enemies":"Small Slimes","floor":2,"turns":4},{"damage":0,"enemies":"Cultist","floor":3,"turns":3},{"damage":8,"enemies":"Looter","floor":5,"turns":4},{"damage":18,"enemies":"Lots of Slimes","floor":7,"turns":5},{"damage":2,"enemies":"2 Fungi Beasts","floor":10,"turns":5},{"damage":4,"enemies":"Gremlin Gang","floor":13,"turns":5},{"damage":7,"enemies":"3 Louse","floor":14,"turns":3},{"damage":37,"enemies":"Slime Boss","floor":16,"turns":12},{"damage":24,"enemies":"3 Byrds","floor":18,"turns":6},{"damage":40,"enemies":"2 Thieves","floor":21,"turns":4},{"damage":17,"enemies":"3 Cultists","floor":24,"turns":5},{"damage":12,"enemies":"Snake Plant","floor":25,"turns":2}],"seed_played":"8245893856568162627","potions_obtained":[{"floor":3,"key":"Dexterity Potion"},{"floor":5,"key":"Dexterity Potion"},{"floor":10,"key":"EssenceOfSteel"},{"floor":13,"key":"GhostInAJar"}],"is_trial":false,"path_per_floor":["M","M","M","?","M","R","M","R","T","M","$","?","M","M","R","B",null,"M","?","$","M","$","R","M","M"],"character_chosen":"THE_SILENT","items_purchased":["Quick Slash"],"campfire_rested":3,"item_purchase_floors":[11],"current_hp_per_floor":[68,61,61,61,53,53,35,56,56,54,54,42,38,31,52,15,70,46,46,46,6,6,27,10,0],"gold":26,"neow_bonus":"BOSS_RELIC","is_prod":false,"is_daily":false,"chose_seed":false,"campfire_upgraded":1,"win_rate":0,"timestamp":1553977205,"path_taken":["M","M","M","?","M","R","M","R","T","M","$","?","M","M","R","BOSS","M","?","$","M","$","R","M","M"],"build_version":"2019-01-23","purchased_purges":1,"victory":false,"max_hp_per_floor":[70,70,70,70,70,70,70,70,70,70,70,70,70,70,70,70,70,70,70,70,70,70,70,70,70],"card_choices":[{"not_picked":["Acrobatics","Predator"],"picked":"Underhanded Strike","floor":1},{"not_picked":["Footwork","Poisoned Stab","Predator"],"picked":"SKIP","floor":2},{"not_picked":["Poisoned Stab","Terror","Choke"],"picked":"SKIP","floor":3},{"not_picked":["Crippling Poison","Deadly Poison","Acrobatics"],"picked":"SKIP","floor":5},{"not_picked":["Eviscerate","Acrobatics"],"picked":"Cloak And Dagger","floor":7},{"not_picked":["Blade Dance","Reflex"],"picked":"Escape Plan","floor":10},{"not_picked":["Escape Plan","Poisoned Stab"],"picked":"Unload","floor":13},{"not_picked":["Flying Knee","Acrobatics"],"picked":"Blade Dance","floor":14},{"not_picked":["Wraith Form v2","A Thousand Cuts"],"picked":"Glass Knife","floor":16},{"not_picked":["Heel Hook","Quick Slash+1"],"picked":"Blade Dance+1","floor":18},{"not_picked":["Bane","Tactician","Dagger Spray+1"],"picked":"SKIP","floor":21},{"not_picked":["Backflip","Well Laid Plans"],"picked":"Quick Slash+1","floor":24}],"player_experience":419411,"relics_obtained":[{"floor":9,"key":"Blue Candle"}],"event_choices":[{"cards_removed":["Strike_G"],"damage_healed":0,"gold_gain":0,"player_choice":"Forget","damage_taken":0,"max_hp_gain":0,"max_hp_loss":0,"event_name":"Living Wall","floor":4,"gold_loss":0},{"damage_healed":0,"gold_gain":0,"player_choice":"Success","damage_taken":12,"relics_obtained":["War Paint"],"max_hp_gain":0,"max_hp_loss":0,"event_name":"Scrap Ooze","floor":12,"gold_loss":0},{"damage_healed":0,"gold_gain":0,"player_choice":"Paid Fearfully","damage_taken":0,"max_hp_gain":0,"max_hp_loss":0,"event_name":"Masked Bandits","floor":19,"gold_loss":218}],"is_beta":false,"boss_relics":[{"not_picked":["Eternal Feather","White Beast Statue"],"picked":"Sozu"}],"items_purged_floors":[11],"is_endless":false,"potions_floor_spawned":[3,5,10,13,18],"killed_by":"Snake Plant","ascension_level":0}