{"gold_per_floor":[112,126,201,201,216,216,242,242,242,272,272,272,282,344,344,449,449,449,449,449,226,226,226,226],"floor_reached":24,"playtime":1177,"items_purged":["Strike_R"],"score":244,"play_id":"30e0f34f-83a4-4e24-a0af-d8dcd2b5d535","local_time":"20190313174219","is_ascension_mode":true,"campfire_choices":[{"data":"Uppercut","floor":6,"key":"SMITH"},{"floor":8,"key":"REST"},{"floor":12,"key":"REST"},{"data":"Limit Break","floor":15,"key":"SMITH"},{"floor":23,"key":"RECALL"}],"neow_cost":"NONE","seed_source_timestamp":168283150973091,"circlet_count":0,"master_deck":["Strike_R","Strike_R","Strike_R","Defend_R","Defend_R","Defend_R","Defend_R","Bash","Limit Break+1","Twin Strike","Metallicize","Uppercut+1","Heavy Blade","Spot Weakness","Impervious","Flex","Shrug It Off","Shrug It Off","Finesse"],"relics":["Burning Blood","Gremlin Horn","Paper Frog","Question Card","Tiny Chest","Ectoplasm","NlothsMask"],"potions_floor_usage":[16],"damage_taken":[{"damage":5,"enemies":"Small Slimes","floor":1,"turns":3},{"damage":12,"enemies":"Jaw Worm","floor":2,"turns":2},{"damage":3,"enemies":"2 Louse","floor":5,"turns":3},{"damage":43,"enemies":"Lagavulin","floor":7,"turns":10},{"damage":14,"enemies":"Gremlin Nob","floor":10,"turns":4},{"damage":1,"enemies":"Exordium Wildlife","floor":13,"turns":4},{"damage":26,"enemies":"3 Sentries","floor":14,"turns":7},{"damage":19,"enemies":"Hexaghost","floor":16,"turns":8},{"damage":20,"enemies":"3 Byrds","floor":18,"turns":6},{"damage":10,"enemies":"Chosen","floor":22,"turns":5},{"damage":78,"enemies":"Gremlin Leader","floor":24,"turns":4}],"seed_played":"-5367337621423829132","potions_obtained":[{"floor":5,"key":"EssenceOfSteel"},{"floor":7,"key":"SpeedPotion"},{"floor":10,"key":"BloodPotion"},{"floor":16,"key":"FairyPotion"},{"floor":22,"key":"Weak Potion"}],"is_trial":false,"path_per_floor":["M","M","?","?","M","R","E","R","T","E","?","R","M","E","R","B",null,"M","?","?","$","M","R","E"],"character_chosen":"IRONCLAD","items_purchased":["Shrug It Off","Finesse"],"campfire_rested":2,"item_purchase_floors":[21,21],"current_hp_per_floor":[80,74,63,56,59,59,22,46,46,38,38,62,67,47,47,34,80,66,66,66,66,62,62,0],"gold":226,"neow_bonus":"ONE_RANDOM_RARE_CARD","is_prod":false,"is_daily":false,"chose_seed":false,"campfire_upgraded":2,"win_rate":0,"timestamp":1552495339,"path_taken":["M","M","?","?","?","R","E","R","T","E","?","R","M","E","R","BOSS","M","?","?","$","M","R","E"],"build_version":"2019-01-23","purchased_purges":1,"victory":false,"max_hp_per_floor":[80,80,80,80,80,80,80,80,80,80,80,80,80,80,80,80,80,80,80,80,80,80,80,80],"card_choices":[{"not_picked":["Pommel Strike","Dropkick"],"picked":"Twin Strike","floor":1},{"not_picked":["Pommel Strike","Cleave"],"picked":"Metallicize","floor":2},{"not_picked":["Twin Strike","True Grit"],"picked":"Uppercut","floor":5},{"not_picked":["Blood for Blood","Burning Pact","True Grit"],"picked":"SKIP","floor":7},{"not_picked":["Havoc","Exhume"],"picked":"Heavy Blade","floor":10},{"not_picked":["Power Through","Thunderclap","Clash"],"picked":"Spot Weakness","floor":13},{"not_picked":["Infernal Blade","Sword Boomerang","Sentinel","Clothesline"],"picked":"SKIP","floor":14},{"not_picked":["Juggernaut","Exhume","Dark Embrace"],"picked":"Impervious","floor":16},{"not_picked":["Clothesline+1","Feel No Pain+1","Corruption"],"picked":"Flex","floor":18},{"not_picked":["Twin Strike","Burning Pact","Perfected Strike","Sword Boomerang"],"picked":"SKIP","floor":22}],"player_experience":65024,"relics_obtained":[{"floor":7,"key":"Gremlin Horn"},{"floor":9,"key":"Paper Frog"},{"floor":10,"key":"Question Card"},{"floor":14,"key":"Tiny Chest"}],"event_choices":[{"damage_healed":0,"gold_gain":75,"player_choice":"Gather Gold","damage_taken":11,"max_hp_gain":0,"max_hp_loss":0,"event_name":"World of Goop","floor":3,"gold_loss":0},{"cards_removed":["Strike_R"],"damage_healed":0,"gold_gain":0,"player_choice":"Card Removal","damage_taken":7,"max_hp_gain":0,"max_hp_loss":0,"event_name":"Golden Wing","floor":4,"gold_loss":0},{"damage_healed":0,"gold_gain":0,"player_choice":"Ignored","damage_taken":0,"max_hp_gain":0,"max_hp_loss":0,"event_name":"Liars Game","floor":11,"gold_loss":0},{"damage_healed":0,"gold_gain":0,"player_choice":"Read","damage_taken":0,"max_hp_gain":0,"max_hp_loss":0,"event_name":"The Library","floor":19,"gold_loss":0,"cards_obtained":["Shrug It Off"]},{"damage_healed":0,"gold_gain":0,"player_choice":"Trade","damage_taken":0,"relics_obtained":["NlothsMask"],"max_hp_gain":0,"max_hp_loss":0,"event_name":"FaceTrader","floor":20,"gold_loss":0}],"is_beta":false,"boss_relics":[{"not_picked":["Snecko Eye","White Beast Statue"],"picked":"Ectoplasm"}],"items_purged_floors":[21],"is_endless":false,"potions_floor_spawned":[5,7,10,16,22],"killed_by":"Gremlin Leader","ascension_level":3}