{"gold_per_floor":[109,124,74,89,89,89,89,89,89,115,40,63,63,96,96,197,197,207,218,218,218,233,233],"floor_reached":23,"playtime":624,"items_purged":["Defend_B"],"score":207,"play_id":"561e2cd6-db17-491d-8dc0-61229b174316","local_time":"20190209232650","is_ascension_mode":true,"campfire_choices":[{"data":"Zap","floor":6,"key":"SMITH"},{"data":"Static Discharge","floor":7,"key":"SMITH"},{"data":"Skim","floor":8,"key":"SMITH"},{"floor":15,"key":"REST"}],"neow_cost":"NONE","seed_source_timestamp":137149241030007,"circlet_count":0,"master_deck":["Strike_B","Strike_B","Strike_B","Defend_B","Zap+1","Dualcast","Leap","Static Discharge+1","Skim+1","Electrodynamics","Ball Lightning","All For One","Necronomicurse"],"relics":["Eternal Feather","WingedGreaves","Bottled Flame","Bag of Preparation","Art of War","PreservedInsect","Nuclear Battery","Necronomicon"],"potions_floor_usage":[10,23,23,23],"damage_taken":[{"damage":1,"enemies":"Cultist","floor":1,"turns":4},{"damage":3,"enemies":"2 Louse","floor":2,"turns":3},{"damage":6,"enemies":"Jaw Worm","floor":4,"turns":4},{"damage":34,"enemies":"Gremlin Nob","floor":10,"turns":4},{"damage":17,"enemies":"Lagavulin","floor":14,"turns":5},{"damage":33,"enemies":"Hexaghost","floor":16,"turns":6},{"damage":7,"enemies":"Chosen","floor":18,"turns":4},{"damage":5,"enemies":"Spheric Guardian","floor":19,"turns":3},{"damage":45,"enemies":"Shelled Parasite and Fungi","floor":22,"turns":3},{"damage":3,"enemies":"Book of Stabbing","floor":23,"turns":1}],"seed_played":"-3816778333540099672","potions_obtained":[{"floor":2,"key":"LiquidBronze"},{"floor":4,"key":"Strength Potion"},{"floor":14,"key":"Ancient Potion"},{"floor":16,"key":"Strength Potion"}],"is_trial":false,"path_per_floor":["M","M","?","M","?","R","R","R","T","E","$","T","?","E","R","B",null,"M","M","?","?","M","E"],"character_chosen":"DEFECT","items_purchased":[],"campfire_rested":1,"item_purchase_floors":[],"current_hp_per_floor":[74,71,71,65,62,68,74,75,75,41,41,41,41,24,52,19,75,68,63,63,47,2,0],"gold":233,"neow_bonus":"BOSS_RELIC","is_prod":false,"is_daily":false,"chose_seed":false,"campfire_upgraded":3,"win_rate":0,"timestamp":1549772810,"path_taken":["M","M","?","M","?","R","R","R","T","E","$","?","?","E","R","BOSS","M","M","?","?","M","E"],"build_version":"2019-01-23","purchased_purges":1,"victory":false,"max_hp_per_floor":[75,75,75,75,75,75,75,75,75,75,75,75,75,75,75,75,75,75,75,75,75,75,75],"card_choices":[{"not_picked":["Coolheaded","Go for the Eyes"],"picked":"Leap","floor":1},{"not_picked":["Force Field","Conserve Battery"],"picked":"Static Discharge","floor":2},{"not_picked":["Conserve Battery","Steam"],"picked":"Skim","floor":4},{"not_picked":["Auto Shields","Hologram","Turbo"],"picked":"SKIP","floor":10},{"not_picked":["Storm","Turbo"],"picked":"Ball Lightning","floor":14},{"not_picked":["Hyperbeam","Buffer"],"picked":"All For One","floor":16},{"not_picked":["Beam Cell","Sweeping Beam+1","Storm"],"picked":"SKIP","floor":18},{"not_picked":["Compile Driver","Turbo","Conserve Battery"],"picked":"SKIP","floor":19},{"not_picked":["Core Surge","Scrape","Streamline"],"picked":"SKIP","floor":22}],"player_experience":370072,"relics_obtained":[{"floor":9,"key":"Bottled Flame"},{"floor":10,"key":"Bag of Preparation"},{"floor":12,"key":"Art of War"},{"floor":14,"key":"PreservedInsect"},{"floor":21,"key":"Necronomicon"}],"event_choices":[{"cards_removed":["Defend_B"],"damage_healed":0,"gold_gain":0,"player_choice":"Card Removal","damage_taken":0,"max_hp_gain":0,"max_hp_loss":0,"event_name":"The Cleric","floor":3,"gold_loss":50},{"damage_healed":0,"gold_gain":0,"player_choice":"Success","damage_taken":3,"relics_obtained":["WingedGreaves"],"max_hp_gain":0,"max_hp_loss":0,"event_name":"Scrap Ooze","floor":5,"gold_loss":0},{"damage_healed":0,"gold_gain":0,"cards_transformed":["Strike_B"],"player_choice":"Change","damage_taken":0,"max_hp_gain":0,"max_hp_loss":0,"event_name":"Living Wall","floor":13,"gold_loss":0,"cards_obtained":["Electrodynamics"]},{"cards_removed":["Defend_B"],"damage_healed":0,"gold_gain":0,"player_choice":"Elegance","damage_taken":0,"max_hp_gain":0,"max_hp_loss":0,"event_name":"Back to Basics","floor":20,"gold_loss":0},{"damage_healed":0,"gold_gain":0,"player_choice":"Obtained Book","damage_taken":16,"max_hp_gain":0,"max_hp_loss":0,"event_name":"Cursed Tome","floor":21,"gold_loss":0}],"is_beta":false,"boss_relics":[{"not_picked":["Velvet Choker","Ectoplasm"],"picked":"Nuclear Battery"}],"items_purged_floors":[11],"is_endless":false,"potions_floor_spawned":[2,4,14,16,19],"killed_by":"Book of Stabbing","ascension_level":1}