{"path_per_floor":["M","?","M","M","$","R","?","$","T","M","M","R","M","?","R","B",null,"M","M","M","?","M","R","E","R","T","?","?","R","M","M","R"],"character_chosen":"DEFECT","items_purchased":["Defragment","Ball Lightning"],"gold_per_floor":[112,112,129,140,65,65,65,19,19,35,55,55,68,18,18,120,120,139,152,169,169,184,184,217,217,217,0,0,0,17,33,33,33],"floor_reached":33,"campfire_rested":7,"playtime":1345,"item_purchase_floors":[],"current_hp_per_floor":[64,49,49,48,48,70,63,63,63,53,44,66,64,64,75,55,75,59,32,23,23,37,59,20,42,42,42,42,64,49,33,55,0],"items_purged":[],"gold":33,"score":259,"play_id":"e92e8498-bc7b-467f-92eb-4195bf3b617c","local_time":"20180620184951","is_prod":false,"is_daily":false,"chose_seed":false,"is_ascension_mode":false,"campfire_upgraded":0,"win_rate":0.0,"timestamp":1529534991,"campfire_choices":[{"floor":6.0,"key":"REST"},{"floor":12.0,"key":"REST"},{"floor":15.0,"key":"REST"},{"floor":23.0,"key":"REST"},{"floor":25.0,"key":"REST"},{"floor":29.0,"key":"REST"},{"floor":32,"key":"REST"}],"path_taken":["M","?","M","?","$","R","?","$","T","M","M","R","M","?","R","BOSS","M","M","M","?","M","R","E","R","T","?","?","R","M","M","R","BOSS"],"build_version":"2018-06-14v2","seed_source_timestamp":0,"purchased_purges":0,"victory":false,"master_deck":["Strike_B+1","Strike_B+1","Defend_B+1","Defend_B+1","Defend_B+1","Defend_B+1","Zap","Streamline","Static Discharge","Conserve Battery","Defragment","Ball Lightning","Electrodynamics","Rebound+1","Zap","Streamline+1","Streamline"],"max_hp_per_floor":[75,75,75,75,75,75,75,75,75,75,75,75,75,75,75,75,75,75,75,75,75,75,75,75,75,75,75,75,75,75,75,75,75],"special_seed":0,"relics":["Cracked Core","Mercury Hourglass","Lizard Tail","Pen Nib","Oddly Smooth Stone"],"card_choices":[{"not_picked":["Compile Driver","Coolheaded"],"picked":"Streamline","floor":1.0},{"not_picked":["Undo","Conserve Battery"],"picked":"Static Discharge","floor":3.0},{"not_picked":["Cold Snap","Hologram"],"picked":"Conserve Battery","floor":4.0},{"not_picked":["Turbo","Heatsinks","Coolheaded"],"picked":"SKIP","floor":10.0},{"not_picked":["Melter","Coolheaded","Go for the Eyes"],"picked":"SKIP","floor":11.0},{"not_picked":["Compile Driver","Hyperbeam","Streamline"],"picked":"SKIP","floor":13.0},{"not_picked":["Rainbow","Multi-Cast"],"picked":"Electrodynamics","floor":16.0},{"not_picked":["Conserve Battery","Sweeping Beam","Skim+1"],"picked":"SKIP","floor":18.0},{"not_picked":["Gash","Compile Driver","Steam Power+1"],"picked":"SKIP","floor":19.0},{"not_picked":["White Noise","Streamline","FTL"],"picked":"SKIP","floor":20.0},{"not_picked":["Beam Cell","Scrape+1"],"picked":"Rebound+1","floor":22.0},{"not_picked":["Aggregate","Steam Power","Double Energy"],"picked":"SKIP","floor":24.0},{"not_picked":["Hologram","Sweeping Beam"],"picked":"Streamline+1","floor":30.0},{"not_picked":["Force Field+1","Coolheaded"],"picked":"Streamline","floor":31}],"player_experience":155235,"potions_floor_usage":[],"damage_taken":[{"damage":11.0,"enemies":"2 Louse","floor":1.0,"turns":2.0},{"damage":0.0,"enemies":"Jaw Worm","floor":3.0,"turns":4.0},{"damage":1.0,"enemies":"Cultist","floor":4.0,"turns":4.0},{"damage":10.0,"enemies":"Looter","floor":10.0,"turns":3.0},{"damage":9.0,"enemies":"Exordium Wildlife","floor":11.0,"turns":3.0},{"damage":2.0,"enemies":"Large Slime","floor":13.0,"turns":4.0},{"damage":20.0,"enemies":"Slime Boss","floor":16.0,"turns":6.0},{"damage":16.0,"enemies":"Shell Parasite","floor":18.0,"turns":5.0},{"damage":27.0,"enemies":"2 Thieves","floor":19.0,"turns":2.0},{"damage":9.0,"enemies":"Centurion and Healer","floor":20.0,"turns":6.0},{"damage":24.0,"enemies":"Sentry and Sphere","floor":22.0,"turns":5.0},{"damage":39.0,"enemies":"Slavers","floor":24.0,"turns":3.0},{"damage":15.0,"enemies":"Chosen and Byrds","floor":30.0,"turns":4.0},{"damage":16.0,"enemies":"Centurion and Healer","floor":31.0,"turns":5.0},{"damage":84,"enemies":"Collector","floor":33,"turns":7}],"relics_obtained":[{"floor":9.0,"key":"Mercury Hourglass"},{"floor":24.0,"key":"Pen Nib"},{"floor":26.0,"key":"Oddly Smooth Stone"}],"event_choices":[{"event_name":"Shining Light","player_choice":"Entered Light","floor":2.0,"damage_taken":0.0},{"event_name":"Golden Wing","player_choice":"Card Removal","floor":7.0,"damage_taken":0.0},{"event_name":"The Cleric","player_choice":"Card Removal","floor":14.0,"damage_taken":0.0},{"event_name":"Back to Basics","player_choice":"Simplicity","floor":21.0,"damage_taken":0.0},{"event_name":"Masked Bandits","player_choice":"Paid Bandits 217 gold","floor":27.0,"damage_taken":0.0},{"event_name":"Match and Keep!","player_choice":"1 cards matched","floor":28.0,"damage_taken":0.0}],"boss_relics":[{"not_picked":["Busted Crown","Calling Bell"],"picked":"Lizard Tail"}],"items_purged_floors":[],"is_endless":false,"potions_floor_spawned":[3,4,11,16,18,22,24],"seed_played":"6153485261769009947","killed_by":"Collector","ascension_level":0,"potions_obtained":[{"floor":3.0,"key":"FocusPotion"},{"floor":4.0,"key":"Strength Potion"},{"floor":11.0,"key":"Dexterity Potion"},{"floor":16.0,"key":"Poison Potion"},{"floor":22.0,"key":"FairyPotion"},{"floor":24.0,"key":"Fire Potion"}],"is_trial":false}