{"path_per_floor":["M","?","?","M","?","R","E","?","T","M","R","M","T","$","R","B",null,"M","?","M","?","M","R"],"character_chosen":"THE_SILENT","items_purchased":[],"gold_per_floor":[112,112,112,126,76,76,111,111,137,155,155,168,213,138,138,243,243,261,261,243,0,15,15,15],"floor_reached":24,"campfire_rested":1,"playtime":1054,"item_purchase_floors":[],"current_hp_per_floor":[70,70,70,70,70,70,70,70,70,63,63,62,62,62,62,15,70,50,50,36,36,15,36,0],"items_purged":["Strike_G"],"gold":15,"score":219,"play_id":"61526740-db93-41b9-aa17-cb74af0cad00","local_time":"20180620152348","is_prod":false,"is_daily":false,"chose_seed":false,"is_ascension_mode":false,"campfire_upgraded":3,"win_rate":0,"timestamp":1529522628,"campfire_choices":[{"data":"Backflip","floor":6.0,"key":"SMITH"},{"data":"Glass Knife","floor":11.0,"key":"SMITH"},{"data":"Acrobatics","floor":15.0,"key":"SMITH"},{"floor":23,"key":"REST"}],"path_taken":["M","?","?","M","?","R","E","?","T","?","R","M","?","?","R","BOSS","M","?","M","?","M","R","M"],"build_version":"2018-06-14v2","seed_source_timestamp":0,"purchased_purges":1,"victory":false,"master_deck":["Defend_G+1","Defend_G","Defend_G","Defend_G+1","Defend_G","Strike_G","Strike_G","Strike_G","Strike_G","Survivor","Neutralize","Infinite Blades+1","Backflip+1","Acrobatics+1","Glass Knife+1","Acrobatics+1","After Image","Deadly Poison","Deadly Poison"],"max_hp_per_floor":[70,70,70,70,70,70,70,70,70,70,70,70,70,70,70,70,70,70,70,70,70,70,70,70],"special_seed":0,"relics":["Ring of the Snake","NeowsBlessing","Question Card","War Paint","Anchor","Lizard Tail"],"card_choices":[{"not_picked":["Distraction","PiercingWail"],"picked":"Infinite Blades","floor":1.0},{"not_picked":["Infinite Blades","Footwork"],"picked":"Backflip","floor":4.0},{"not_picked":["Expertise","Finisher"],"picked":"Acrobatics","floor":7.0},{"not_picked":["Sucker Punch","Choke","Cloak And Dagger"],"picked":"Glass Knife","floor":10.0},{"not_picked":["Slice","Skewer","Catalyst"],"picked":"Acrobatics","floor":12.0},{"not_picked":["Doppelganger","Burst","Glass Knife"],"picked":"After Image","floor":16.0},{"not_picked":["Acrobatics+1","Bane","Deflect"],"picked":"Deadly Poison","floor":18.0},{"not_picked":["Quick Slash","Bane+1","Slice+1"],"picked":"Deadly Poison","floor":20},{"not_picked":["Noxious Fumes","Slice","Dodge and Roll+1","Sucker Punch"],"picked":"SKIP","floor":22}],"player_experience":151918,"potions_floor_usage":[20],"damage_taken":[{"damage":0.0,"enemies":"Cultist","floor":1.0,"turns":1.0},{"damage":0.0,"enemies":"Jaw Worm","floor":4.0,"turns":1.0},{"damage":0.0,"enemies":"3 Sentries","floor":7.0,"turns":2.0},{"damage":7.0,"enemies":"Small Slimes","floor":10.0,"turns":5.0},{"damage":1.0,"enemies":"Red Slaver","floor":12.0,"turns":4.0},{"damage":47.0,"enemies":"Slime Boss","floor":16.0,"turns":17.0},{"damage":20.0,"enemies":"Chosen","floor":18.0,"turns":8.0},{"damage":14,"enemies":"2 Thieves","floor":20,"turns":4},{"damage":21,"enemies":"Snake Plant","floor":22,"turns":5},{"damage":100,"enemies":"3 Cultists","floor":24,"turns":6}],"relics_obtained":[{"floor":7.0,"key":"Question Card"},{"floor":9.0,"key":"War Paint"},{"floor":13.0,"key":"Anchor"}],"event_choices":[{"event_name":"The Lab","player_choice":"Got Potions","floor":2.0,"damage_taken":0.0},{"event_name":"Accursed Blacksmith","player_choice":"Forge","floor":3.0,"damage_taken":0.0},{"event_name":"The Cleric","player_choice":"Card Removal","floor":5.0,"damage_taken":0.0},{"event_name":"Upgrade Shrine","player_choice":"Upgraded","floor":8.0,"damage_taken":0.0},{"event_name":"The Mausoleum","player_choice":"No","floor":19.0,"damage_taken":0.0},{"event_name":"Masked Bandits","player_choice":"Paid Bandits 243 gold","floor":21,"damage_taken":0}],"boss_relics":[{"not_picked":["Runic Dome","Runic Pyramid"],"picked":"Lizard Tail"}],"items_purged_floors":[],"is_endless":false,"potions_floor_spawned":[1,7,12],"seed_played":"5300157648172737290","killed_by":"3 Cultists","ascension_level":0,"potions_obtained":[{"floor":1.0,"key":"AttackPotion"},{"floor":2.0,"key":"FairyPotion"},{"floor":2.0,"key":"PowerPotion"}],"is_trial":false}