{"gold_per_floor":[114,127,143,157,171,171,171,197,222,222,236,271,281,18,18,121,121,132,55,72,72,72,72,90,100,126,26,26,26,26,42,42,139,139,150,250,0,0,14,14,25,25,48,64,79,79,79],"floor_reached":47,"playtime":1722,"items_purged":["Strike_G","Strike_G"],"score":461,"play_id":"413adb09-f51d-4c59-9510-44d80ba4fdf7","local_time":"20190411195100","is_ascension_mode":true,"campfire_choices":[{"floor":6.0,"key":"REST"},{"floor":10.0,"key":"REST"},{"floor":15.0,"key":"REST"},{"floor":23.0,"key":"REST"},{"floor":28.0,"key":"REST"},{"floor":30.0,"key":"REST"},{"floor":32.0,"key":"REST"},{"floor":40,"key":"REST"},{"floor":46,"key":"REST"}],"neow_cost":"NONE","seed_source_timestamp":0,"circlet_count":0,"master_deck":["Defend_G","Defend_G","Defend_G","Defend_G","Survivor","Neutralize+1","Backstab","Infinite Blades","Blade Dance","Accuracy","Blade Dance","Unload","Die Die Die","Flying Knee+1","Masterful Stab+1","Finisher","Endless Agony","Corpse Explosion","Backstab","Madness","Madness"],"special_seed":0,"relics":["Ring of the Snake","Regal Pillow","Blood Vial","Happy Flower","Astrolabe","Enchiridion","Centennial Puzzle","Empty Cage","Peace Pipe","Red Mask","Snake Skull"],"potions_floor_usage":[33,33],"damage_taken":[{"damage":7.0,"enemies":"2 Louse","floor":1.0,"turns":3.0},{"damage":1.0,"enemies":"Jaw Worm","floor":2.0,"turns":4.0},{"damage":0.0,"enemies":"Cultist","floor":3.0,"turns":3.0},{"damage":0.0,"enemies":"3 Louse","floor":4.0,"turns":3.0},{"damage":3.0,"enemies":"Exordium Wildlife","floor":5.0,"turns":5.0},{"damage":35.0,"enemies":"Gremlin Nob","floor":8.0,"turns":5.0},{"damage":16.0,"enemies":"Large Slime","floor":11.0,"turns":7.0},{"damage":22.0,"enemies":"3 Sentries","floor":12.0,"turns":5.0},{"damage":5.0,"enemies":"Blue Slaver","floor":13.0,"turns":4.0},{"damage":19.0,"enemies":"Slime Boss","floor":16.0,"turns":9.0},{"damage":23.0,"enemies":"Shell Parasite","floor":18.0,"turns":6.0},{"damage":27.0,"enemies":"2 Thieves","floor":20.0,"turns":3.0},{"damage":6.0,"enemies":"3 Cultists","floor":24.0,"turns":4.0},{"damage":35.0,"enemies":"Centurion and Healer","floor":25.0,"turns":4.0},{"damage":14.0,"enemies":"Colosseum Slavers","floor":29.0,"turns":4.0},{"damage":10.0,"enemies":"Cultist and Chosen","floor":31.0,"turns":2.0},{"damage":59,"enemies":"Champ","floor":33,"turns":9},{"damage":35,"enemies":"3 Shapes","floor":35,"turns":3},{"damage":15,"enemies":"Mind Bloom Boss Battle","floor":36,"turns":7},{"damage":0,"enemies":"Orb Walker","floor":39,"turns":3},{"damage":14,"enemies":"Jaw Worm Horde","floor":41,"turns":2},{"damage":25,"enemies":"3 Darklings","floor":44,"turns":3},{"damage":11,"enemies":"Transient","floor":45,"turns":5},{"damage":46,"enemies":"Maw","floor":47,"turns":4}],"seed_played":"-5696017538977424885","potions_obtained":[{"floor":1.0,"key":"EssenceOfSteel"},{"floor":4.0,"key":"Dexterity Potion"},{"floor":11.0,"key":"Explosive Potion"},{"floor":16.0,"key":"Explosive Potion"},{"floor":44,"key":"PowerPotion"},{"floor":45,"key":"Poison Potion"}],"is_trial":false,"path_per_floor":["M","M","M","M","M","R","?","E","T","R","M","E","M","$","R","B",null,"M","$","M","?","$","R","M","M","T","$","R","?","R","M","R","B",null,"M","?","?","$","M","R","M","?","T","M","M","R","M"],"character_chosen":"THE_SILENT","items_purchased":["Blade Dance","Unload","Finisher"],"campfire_rested":9,"item_purchase_floors":[14,14,19],"current_hp_per_floor":[63,62,62,62,59,70,70,35,35,70,54,34,31,31,67,50,70,47,47,22,6,6,42,38,5,5,5,41,29,65,57,70,11,70,35,22,22,22,24,60,48,39,39,16,7,43,0],"gold":79,"neow_bonus":"UPGRADE_CARD","is_prod":false,"is_daily":false,"chose_seed":false,"campfire_upgraded":0,"win_rate":0,"timestamp":1555026660,"path_taken":["M","M","M","M","M","R","?","E","T","R","M","E","M","$","R","BOSS","M","$","M","?","?","R","M","?","T","$","R","?","R","M","R","BOSS","M","?","?","$","M","R","M","?","T","M","M","R","M"],"build_version":"2019-01-23","purchased_purges":2,"victory":false,"max_hp_per_floor":[70,70,70,70,70,70,70,70,70,70,70,70,70,70,70,70,70,70,70,70,70,70,70,70,70,70,70,70,70,70,70,70,70,70,70,70,70,70,70,70,70,70,70,70,70,70,70],"card_choices":[{"not_picked":["Tactician","Flechettes"],"picked":"Backstab","floor":1.0},{"not_picked":["Cloak And Dagger","Dagger Throw"],"picked":"Infinite Blades","floor":2.0},{"not_picked":["Caltrops","Backflip","Terror"],"picked":"SKIP","floor":3.0},{"not_picked":["Leg Sweep","Terror","Predator"],"picked":"SKIP","floor":4.0},{"not_picked":["Tactician","Prepared","Poisoned Stab"],"picked":"SKIP","floor":5.0},{"not_picked":["Poisoned Stab","Noxious Fumes"],"picked":"Blade Dance","floor":8.0},{"not_picked":["Poisoned Stab","Masterful Stab"],"picked":"Accuracy","floor":11.0},{"not_picked":["Venomology","Deadly Poison","Bouncing Flask"],"picked":"SKIP","floor":12.0},{"not_picked":["Flechettes","Dagger Throw","Dagger Spray"],"picked":"SKIP","floor":13.0},{"not_picked":["Bullet Time","Wraith Form v2"],"picked":"Die Die Die","floor":16.0},{"not_picked":["Sucker Punch+1","Bouncing Flask","Prepared+1"],"picked":"SKIP","floor":18.0},{"not_picked":["Eviscerate","Quick Slash","Underhanded Strike+1"],"picked":"SKIP","floor":20.0},{"not_picked":["Underhanded Strike","Dagger Throw+1","Backflip"],"picked":"SKIP","floor":24.0},{"not_picked":["Setup","Dagger Throw","Reflex"],"picked":"SKIP","floor":25.0},{"not_picked":["Slice+1","Expertise+1"],"picked":"Endless Agony","floor":31.0},{"not_picked":["Venomology","A Thousand Cuts"],"picked":"Corpse Explosion","floor":33},{"not_picked":["Caltrops","Outmaneuver+1"],"picked":"Backstab","floor":35},{"not_picked":["PiercingWail+1","Acrobatics+1","Infinite Blades"],"picked":"SKIP","floor":39},{"not_picked":["Dagger Spray","Finisher+1","Dash+1"],"picked":"SKIP","floor":41},{"not_picked":["Dagger Throw","Bane","Riddle With Holes"],"picked":"SKIP","floor":44},{"not_picked":["Underhanded Strike","Cloak And Dagger+1","Quick Slash"],"picked":"SKIP","floor":45}],"player_experience":478686,"relics_obtained":[{"floor":8.0,"key":"Regal Pillow"},{"floor":9.0,"key":"Blood Vial"},{"floor":12.0,"key":"Happy Flower"},{"floor":21.0,"key":"Enchiridion"},{"floor":26.0,"key":"Centennial Puzzle"},{"floor":36,"key":"Peace Pipe"},{"floor":43,"key":"Snake Skull"}],"event_choices":[{"damage_healed":0.0,"max_hp_gain":0.0,"max_hp_loss":0.0,"gold_gain":0.0,"event_name":"Liars Game","player_choice":"Ignored","floor":7.0,"gold_loss":0.0,"damage_taken":0.0},{"damage_healed":0.0,"max_hp_gain":0.0,"max_hp_loss":0.0,"gold_gain":0.0,"event_name":"Cursed Tome","player_choice":"Obtained Book","floor":21.0,"gold_loss":0.0,"damage_taken":16.0},{"damage_healed":0.0,"max_hp_gain":0.0,"max_hp_loss":0.0,"gold_gain":0.0,"event_name":"Colosseum","player_choice":"Fight","floor":29.0,"gold_loss":0.0,"damage_taken":0.0},{"damage_healed":0.0,"max_hp_gain":0.0,"max_hp_loss":0.0,"gold_gain":0.0,"event_name":"Colosseum","player_choice":"Fled From Nobs","floor":29.0,"gold_loss":0.0,"damage_taken":0.0},{"damage_healed":0,"gold_gain":0,"player_choice":"Fight","damage_taken":0,"max_hp_gain":0,"max_hp_loss":0,"event_name":"MindBloom","floor":36,"gold_loss":0},{"damage_healed":0,"gold_gain":0,"player_choice":"Paid","damage_taken":0,"relics_obtained":["Red Mask"],"max_hp_gain":0,"max_hp_loss":0,"event_name":"Tomb of Lord Red Mask","floor":37,"gold_loss":250},{"damage_healed":0,"gold_gain":0,"player_choice":"Embrace Madness","damage_taken":9,"max_hp_gain":0,"max_hp_loss":0,"event_name":"Winding Halls","floor":42,"gold_loss":0,"cards_obtained":["Madness","Madness"]}],"is_beta":false,"boss_relics":[{"not_picked":["Sozu","Cursed Key"],"picked":"Astrolabe"},{"not_picked":["HoveringKite","Runic Dome"],"picked":"Empty Cage"}],"items_purged_floors":[14,27],"is_endless":false,"potions_floor_spawned":[1,4,11,16,18,25,29,44,45],"killed_by":"Maw","ascension_level":1}