{"gold_per_floor":[114,129,129,144,159,159,189,189,189,189,204,204,219,219,219,319,319,334,5,20,20,35,35,65,65,65,80,95,110,110,140,140,240,240,255,355,370,385,400,400,430,430,430,430,445,460,460,460,460,460],"floor_reached":51,"playtime":4389,"items_purged":[],"score":771,"play_id":"574f3858-7d7a-4f02-a959-b778f5492aaa","local_time":"20190121160831","daily_mods":["Shiny","Hoarder","Binary"],"is_ascension_mode":false,"campfire_choices":[{"data":"Barricade","floor":6,"key":"SMITH"},{"data":"Limit Break","floor":8,"key":"SMITH"},{"data":"Demon Form","floor":12,"key":"SMITH"},{"data":"Bludgeon","floor":15,"key":"SMITH"},{"data":"Whirlwind","floor":23,"key":"SMITH"},{"data":"Whirlwind","floor":25,"key":"SMITH"},{"data":"Whirlwind","floor":30,"key":"SMITH"},{"data":"Flame Barrier","floor":32,"key":"SMITH"},{"data":"Flame Barrier","floor":40,"key":"SMITH"},{"data":"Flame Barrier","floor":42,"key":"SMITH"},{"floor":44,"key":"DIG"},{"floor":49,"key":"DIG"}],"neow_cost":"","seed_source_timestamp":0,"circlet_count":0,"master_deck":["Double Tap","Demon Form+1","Bludgeon+1","Feed","Limit Break+1","Barricade+1","Fiend Fire","Dark Embrace","Impervious","Juggernaut","Brutality","Reaper","Exhume","Offering","Immolate","Shrug It Off","Shrug It Off","Shrug It Off","Ghostly Armor","Ghostly Armor","Ghostly Armor","Whirlwind+1","Whirlwind+1","Whirlwind+1","Flame Barrier+1","Flame Barrier+1","Flame Barrier+1","Spot Weakness+1","Spot Weakness+1","Spot Weakness+1","Battle Trance+1","Battle Trance+1","Battle Trance+1","Parasite","Parasite","Parasite","Finesse+1","Finesse+1","Finesse+1"],"special_seed":17917,"relics":["Black Blood","Shovel","Kunai","Sozu","Bottled Tornado","MutagenicStrength","Toxic Egg 2","Turnip","Mango","Sundial","Calipers","Potion Belt","Dodecahedron"],"potions_floor_usage":[16,45,50],"damage_taken":[{"damage":6,"enemies":"Small Slimes","floor":1,"turns":1},{"damage":6,"enemies":"Cultist","floor":2,"turns":2},{"damage":0,"enemies":"2 Louse","floor":4,"turns":1},{"damage":19,"enemies":"Gremlin Gang","floor":5,"turns":3},{"damage":26,"enemies":"3 Sentries","floor":7,"turns":6},{"damage":10,"enemies":"Looter","floor":11,"turns":3},{"damage":6,"enemies":"3 Louse","floor":13,"turns":3},{"damage":6,"enemies":"Slime Boss","floor":16,"turns":4},{"damage":6,"enemies":"Chosen","floor":18,"turns":7},{"damage":12,"enemies":"2 Thieves","floor":20,"turns":4},{"damage":0,"enemies":"Snake Plant","floor":22,"turns":3},{"damage":24,"enemies":"Gremlin Leader","floor":24,"turns":5},{"damage":0,"enemies":"Centurion and Healer","floor":27,"turns":4},{"damage":6,"enemies":"Cultist and Chosen","floor":28,"turns":6},{"damage":17,"enemies":"Snake Plant","floor":29,"turns":3},{"damage":14,"enemies":"Book of Stabbing","floor":31,"turns":6},{"damage":35,"enemies":"Automaton","floor":33,"turns":7},{"damage":18,"enemies":"3 Shapes","floor":35,"turns":2},{"damage":8,"enemies":"Orb Walker","floor":37,"turns":5},{"damage":6,"enemies":"Maw","floor":38,"turns":6},{"damage":17,"enemies":"3 Darklings","floor":39,"turns":4},{"damage":54,"enemies":"Reptomancer","floor":41,"turns":4},{"damage":31,"enemies":"Transient","floor":45,"turns":5},{"damage":29,"enemies":"Sphere and 2 Shapes","floor":46,"turns":7},{"damage":79,"enemies":"Time Eater","floor":50,"turns":14}],"seed_played":"8847064133434649062","potions_obtained":[{"floor":4,"key":"Energy Potion"},{"floor":7,"key":"Fire Potion"},{"floor":13,"key":"PowerPotion"}],"is_trial":false,"path_per_floor":["M","M","$","M","M","R","E","R","T","?","M","R","M","?","R","B",null,"M","$","M","?","M","R","E","R","T","M","M","M","R","E","R","B",null,"M","?","M","M","M","R","E","R","T","R","M","M","?","?","R","B",null],"character_chosen":"IRONCLAD","items_purchased":["Bottled Tornado","Flame Barrier"],"campfire_rested":0,"item_purchase_floors":[19,19],"current_hp_per_floor":[80,80,80,83,76,76,71,71,71,71,71,71,74,74,74,74,89,89,89,86,86,92,92,74,74,74,80,80,69,69,75,75,83,106,98,98,100,104,97,97,75,75,75,75,54,78,73,73,73,24],"gold":460,"neow_bonus":"","is_prod":false,"is_daily":true,"chose_seed":false,"campfire_upgraded":10,"win_rate":0,"timestamp":1548083311,"path_taken":["M","M","$","M","M","R","E","R","T","?","?","R","M","?","R","BOSS","M","?","M","?","M","R","E","R","T","M","M","M","R","E","R","BOSS","M","?","M","M","?","R","E","R","T","R","M","M","?","?","R","BOSS"],"build_version":"2019-01-17v2","purchased_purges":0,"victory":true,"max_hp_per_floor":[80,80,80,83,83,83,86,86,86,86,86,86,89,89,89,89,89,89,89,92,92,92,92,92,92,92,92,92,92,92,106,106,106,106,106,106,106,106,106,106,106,106,106,106,106,106,106,106,106,106],"card_choices":[{"not_picked":["Armaments","Sword Boomerang"],"picked":"SKIP","floor":1},{"not_picked":["True Grit","Cleave"],"picked":"SKIP","floor":2},{"not_picked":["Corruption","Clothesline"],"picked":"SKIP","floor":4},{"not_picked":["Headbutt"],"picked":"Shrug It Off","floor":5},{"not_picked":["Clash"],"picked":"Ghostly Armor","floor":7},{"not_picked":["Second Wind","Fiend Fire"],"picked":"SKIP","floor":11},{"not_picked":["Anger","Shrug It Off"],"picked":"SKIP","floor":13},{"not_picked":["Shrug It Off"],"picked":"Whirlwind","floor":18},{"not_picked":["Whirlwind","Body Slam"],"picked":"SKIP","floor":20},{"not_picked":["Heavy Blade","Immolate"],"picked":"SKIP","floor":22},{"not_picked":["Headbutt","Entrench"],"picked":"SKIP","floor":24},{"not_picked":["Flame Barrier+1","Pummel"],"picked":"SKIP","floor":27},{"not_picked":["Wild Strike"],"picked":"Spot Weakness+1","floor":28},{"not_picked":["Headbutt+1","Corruption+1"],"picked":"SKIP","floor":29},{"not_picked":["Clash"],"picked":"Battle Trance+1","floor":31},{"not_picked":["Havoc+1","Carnage"],"picked":"SKIP","floor":35},{"not_picked":["Thunderclap","Twin Strike+1"],"picked":"SKIP","floor":37},{"not_picked":["Iron Wave+1","Armaments+1"],"picked":"SKIP","floor":38},{"not_picked":["Anger","Offering+1"],"picked":"SKIP","floor":39},{"not_picked":["Power Through+1","Fire Breathing+1"],"picked":"SKIP","floor":41},{"not_picked":["Burning Pact+1","Blood for Blood+1"],"picked":"SKIP","floor":45},{"not_picked":["Shrug It Off+1","Wild Strike"],"picked":"SKIP","floor":46}],"player_experience":15628,"relics_obtained":[{"floor":7,"key":"Shovel"},{"floor":9,"key":"Kunai"},{"floor":24,"key":"Toxic Egg 2"},{"floor":26,"key":"Turnip"},{"floor":31,"key":"Mango"},{"floor":41,"key":"Sundial"},{"floor":43,"key":"Calipers"},{"floor":44,"key":"Potion Belt"},{"floor":49,"key":"Dodecahedron"}],"event_choices":[{"damage_healed":0,"gold_gain":0,"player_choice":"Bought 0 Potions","damage_taken":0,"max_hp_gain":0,"max_hp_loss":0,"event_name":"The Woman in Blue","floor":10,"gold_loss":0},{"cards_removed":["Berserk"],"damage_healed":0,"gold_gain":0,"player_choice":"Purged","damage_taken":0,"max_hp_gain":0,"max_hp_loss":0,"event_name":"Purifier","floor":14,"gold_loss":0},{"damage_healed":0,"gold_gain":0,"player_choice":"Inject Mutagens","damage_taken":0,"relics_obtained":["MutagenicStrength"],"max_hp_gain":0,"max_hp_loss":0,"event_name":"Drug Dealer","floor":21,"gold_loss":0},{"damage_healed":0,"gold_gain":100,"player_choice":"Pray","damage_taken":0,"max_hp_gain":0,"max_hp_loss":0,"event_name":"Golden Shrine","floor":36,"gold_loss":0},{"damage_healed":0,"gold_gain":0,"player_choice":"Memory 2","damage_taken":5,"max_hp_gain":0,"max_hp_loss":0,"event_name":"SensoryStone","floor":47,"gold_loss":0},{"damage_healed":0,"gold_gain":0,"player_choice":"2 cards matched","damage_taken":0,"max_hp_gain":0,"max_hp_loss":0,"event_name":"Match and Keep!","floor":48,"gold_loss":0,"cards_obtained":["Parasite","Finesse"]}],"is_beta":false,"boss_relics":[{"not_picked":["Cursed Key","Fusion Hammer"],"picked":"Sozu"},{"not_picked":["Runic Dome","White Beast Statue"],"picked":"Black Blood"}],"items_purged_floors":[],"is_endless":false,"potions_floor_spawned":[4,7,13,24,28,29,31,35,37,45],"ascension_level":0}