{"gold_per_floor":[114,114,114,141,151,182,182,16,16,51,81,81,97,97,97,222,222,233,245,245,21,32,60,60,60,60,60,74,130,130,130,130,130],"floor_reached":33,"playtime":1343,"items_purged":["Defend_B"],"score":316,"play_id":"090a443b-12bb-4e1b-adff-fe0ca81fff35","local_time":"20190202005610","is_ascension_mode":false,"campfire_choices":[{"data":"HandOfGreed","floor":12,"key":"SMITH"},{"data":"Streamline","floor":15,"key":"SMITH"},{"floor":25,"key":"REST"},{"floor":27,"key":"REST"},{"floor":32,"key":"REST"}],"neow_cost":"NONE","seed_source_timestamp":107470250305553,"circlet_count":0,"master_deck":["Strike_B","Strike_B","Strike_B","Defend_B","Defend_B","Zap","Dualcast","Chaos","Leap","Conserve Battery","HandOfGreed+1","Streamline+1","Seek","Sunder","Cold Snap+1","Streamline+1","Sweeping Beam","Blizzard"],"relics":["Cracked Core","Centennial Puzzle","Emotion Chip","Letter Opener","Blue Candle","Ornamental Fan","Sozu","Nloth\u0027s Gift","Bronze Scales","Cables","Nilry\u0027s Codex","Meat on the Bone","Strawberry"],"potions_floor_usage":[6,11,33],"damage_taken":[{"damage":6,"enemies":"Jaw Worm","floor":1,"turns":3},{"damage":3,"enemies":"Small Slimes","floor":5,"turns":3},{"damage":11,"enemies":"3 Sentries","floor":6,"turns":10},{"damage":0,"enemies":"2 Louse","floor":10,"turns":3},{"damage":14,"enemies":"Gremlin Nob","floor":11,"turns":4},{"damage":5,"enemies":"Blue Slaver","floor":13,"turns":2},{"damage":25,"enemies":"Slime Boss","floor":16,"turns":10},{"damage":0,"enemies":"Spheric Guardian","floor":18,"turns":3},{"damage":2,"enemies":"Chosen","floor":19,"turns":5},{"damage":30,"enemies":"Snake Plant","floor":22,"turns":2},{"damage":20,"enemies":"Book of Stabbing","floor":23,"turns":4},{"damage":18,"enemies":"Chosen and Byrds","floor":28,"turns":3},{"damage":17,"enemies":"Slavers","floor":29,"turns":4},{"damage":83,"enemies":"Collector","floor":33,"turns":9}],"seed_played":"-3082298455701405854","potions_obtained":[{"floor":5,"key":"Strength Potion"},{"floor":6,"key":"Fruit Juice"},{"floor":10,"key":"GamblersBrew"},{"floor":16,"key":"FocusPotion"}],"is_trial":false,"path_per_floor":["M","?","?","T","M","E","?","$","T","M","E","R","M","T","R","B",null,"M","M","?","$","M","E","?","R","T","R","M","E","?","?","R","B"],"character_chosen":"DEFECT","items_purchased":["HandOfGreed","Bronze Scales"],"campfire_rested":3,"item_purchase_floors":[8,21],"current_hp_per_floor":[69,74,74,74,71,60,60,60,60,60,51,51,46,46,46,21,85,85,83,83,83,53,33,17,42,42,67,49,51,51,51,78,0],"gold":130,"neow_bonus":"RANDOM_COMMON_RELIC","is_prod":false,"is_daily":false,"chose_seed":false,"campfire_upgraded":2,"win_rate":0,"timestamp":1549086970,"path_taken":["M","?","?","?","M","E","?","$","T","M","E","R","M","?","R","BOSS","M","M","?","$","?","E","?","R","T","R","M","E","?","?","R","BOSS"],"build_version":"2019-01-23","purchased_purges":1,"victory":false,"max_hp_per_floor":[75,80,80,80,80,80,80,80,80,80,85,85,85,85,85,85,85,85,85,85,85,85,85,85,85,85,85,85,92,92,92,92,92],"card_choices":[{"not_picked":["Compile Driver","Double Energy"],"picked":"Chaos","floor":1},{"not_picked":["Lockon","Sweeping Beam"],"picked":"Leap","floor":5},{"not_picked":["Coolheaded","Darkness"],"picked":"Conserve Battery","floor":6},{"not_picked":["Chill","Redo"],"picked":"Streamline","floor":10},{"not_picked":["Compile Driver","Beam Cell","Echo Form"],"picked":"SKIP","floor":11},{"not_picked":["Stack","Beam Cell","Gash"],"picked":"SKIP","floor":13},{"not_picked":["Core Surge","Reboot"],"picked":"Seek","floor":16},{"not_picked":["Recycle","Beam Cell+1","Cold Snap"],"picked":"SKIP","floor":18},{"not_picked":["Reinforced Body","Stack"],"picked":"Sunder","floor":19},{"not_picked":["Rebound","Beam Cell"],"picked":"Cold Snap+1","floor":22},{"not_picked":["Reinforced Body","Steam","Cold Snap"],"picked":"SKIP","floor":23},{"not_picked":["Leap","Reprogram"],"picked":"Streamline+1","floor":28},{"not_picked":["Fission","All For One","Reboot"],"picked":"SKIP","floor":29}],"player_experience":326082,"relics_obtained":[{"floor":4,"key":"Centennial Puzzle"},{"floor":6,"key":"Emotion Chip"},{"floor":9,"key":"Letter Opener"},{"floor":11,"key":"Blue Candle"},{"floor":14,"key":"Ornamental Fan"},{"floor":23,"key":"Cables"},{"floor":24,"key":"Nilry\u0027s Codex"},{"floor":26,"key":"Meat on the Bone"},{"floor":29,"key":"Strawberry"}],"event_choices":[{"damage_healed":0,"gold_gain":0,"player_choice":"Donut","damage_taken":0,"max_hp_gain":5,"max_hp_loss":0,"event_name":"Big Fish","floor":2,"gold_loss":0},{"damage_healed":0,"gold_gain":0,"player_choice":"Leave","damage_taken":0,"max_hp_gain":0,"max_hp_loss":0,"event_name":"The Cleric","floor":3,"gold_loss":0},{"damage_healed":0,"gold_gain":0,"player_choice":"Ignored","damage_taken":0,"max_hp_gain":0,"max_hp_loss":0,"event_name":"Golden Idol","floor":7,"gold_loss":0},{"damage_healed":0,"gold_gain":0,"player_choice":"Traded Relic","damage_taken":0,"relics_obtained":["Nloth\u0027s Gift"],"max_hp_gain":0,"max_hp_loss":0,"event_name":"N\u0027loth","floor":20,"relics_lost":["Potion Belt"],"gold_loss":0},{"damage_healed":0,"gold_gain":0,"player_choice":"Obtained Book","damage_taken":16,"max_hp_gain":0,"max_hp_loss":0,"event_name":"Cursed Tome","floor":24,"gold_loss":0},{"damage_healed":0,"gold_gain":0,"cards_transformed":["Strike_B","Defend_B"],"player_choice":"Became Test Subject","damage_taken":0,"max_hp_gain":0,"max_hp_loss":0,"event_name":"Drug Dealer","floor":30,"gold_loss":0,"cards_obtained":["Sweeping Beam","Blizzard"]},{"damage_healed":0,"gold_gain":0,"player_choice":"Bought 0 Potions","damage_taken":0,"max_hp_gain":0,"max_hp_loss":0,"event_name":"The Woman in Blue","floor":31,"gold_loss":0}],"is_beta":false,"boss_relics":[{"not_picked":["Runic Dome","Tiny House"],"picked":"Sozu"}],"items_purged_floors":[21],"is_endless":false,"potions_floor_spawned":[5,6,10,16,23,29],"killed_by":"Collector","ascension_level":0}