{"gold_per_floor":[367,367,62,87,162,162,162,187,187,187,187],"floor_reached":11,"playtime":214,"items_purged":["Defend_R"],"score":59,"play_id":"3abf8c3f-8b31-46ef-ad35-13017c0e5c58","local_time":"20190311224940","is_ascension_mode":false,"campfire_choices":[{"data":"Cleave","floor":6,"key":"SMITH"}],"neow_cost":"PERCENT_DAMAGE","seed_source_timestamp":81214947302346,"circlet_count":0,"master_deck":["Strike_R","Strike_R","Strike_R","Strike_R","Strike_R","Defend_R","Defend_R","Bash","Cleave+1","Mayhem","Pommel Strike"],"relics":["Burning Blood","Golden Idol","Odd Mushroom","Pen Nib","Singing Bowl"],"potions_floor_usage":[],"damage_taken":[{"damage":10,"enemies":"Small Slimes","floor":1,"turns":5},{"damage":7,"enemies":"2 Louse","floor":4,"turns":2},{"damage":24,"enemies":"The Mushroom Lair","floor":8,"turns":3},{"damage":22,"enemies":"3 Sentries","floor":11,"turns":2}],"seed_played":"5228511893782363909","potions_obtained":[],"is_trial":false,"path_per_floor":["M","?","$","M","?","R","?","?","T","T","E"],"character_chosen":"IRONCLAD","items_purchased":["Cleave","Mayhem"],"campfire_rested":0,"item_purchase_floors":[3,3],"current_hp_per_floor":[52,52,52,51,40,40,33,15,15,15,0],"gold":187,"neow_bonus":"TWO_FIFTY_GOLD","is_prod":false,"is_daily":false,"chose_seed":false,"campfire_upgraded":1,"win_rate":0,"timestamp":1552330180,"path_taken":["M","?","$","M","?","R","?","?","T","?","E"],"build_version":"2019-01-23","purchased_purges":1,"victory":false,"max_hp_per_floor":[80,74,74,74,74,74,74,74,74,74,74],"card_choices":[{"not_picked":["Warcry","Second Wind","Armaments"],"picked":"SKIP","floor":1},{"not_picked":["Hemokinesis","Fire Breathing","Blood for Blood"],"picked":"SKIP","floor":4},{"not_picked":["Anger","Cleave"],"picked":"Pommel Strike","floor":8}],"player_experience":686375,"relics_obtained":[{"floor":8,"key":"Odd Mushroom"},{"floor":9,"key":"Pen Nib"},{"floor":10,"key":"Singing Bowl"}],"event_choices":[{"damage_healed":0,"gold_gain":0,"player_choice":"Lose Max HP","damage_taken":0,"relics_obtained":["Golden Idol"],"max_hp_gain":0,"max_hp_loss":6,"event_name":"Golden Idol","floor":2,"gold_loss":0},{"damage_healed":0,"gold_gain":75,"player_choice":"Gather Gold","damage_taken":11,"max_hp_gain":0,"max_hp_loss":0,"event_name":"World of Goop","floor":5,"gold_loss":0},{"cards_removed":["Defend_R"],"damage_healed":0,"gold_gain":0,"player_choice":"Card Removal","damage_taken":7,"max_hp_gain":0,"max_hp_loss":0,"event_name":"Golden Wing","floor":7,"gold_loss":0},{"damage_healed":0,"gold_gain":0,"player_choice":"Fought Mushrooms","damage_taken":0,"max_hp_gain":0,"max_hp_loss":0,"event_name":"Mushrooms","floor":8,"gold_loss":0}],"is_beta":false,"boss_relics":[],"items_purged_floors":[3],"is_endless":false,"potions_floor_spawned":[],"killed_by":"3 Sentries","ascension_level":0}