{"gold_per_floor":[114,132,144,144,144,187,16,16,16,16,34,48,48,72,72,198,198],"floor_reached":17,"playtime":807,"items_purged":["Defend_R"],"score":157,"play_id":"c435cb43-c478-4a8b-991f-1eda772f5ef3","local_time":"20190315080235","is_ascension_mode":false,"campfire_choices":[{"floor":8.0,"key":"REST"},{"floor":10.0,"key":"RECALL"},{"floor":13.0,"key":"REST"},{"floor":15.0,"key":"REST"}],"neow_cost":"NONE","seed_source_timestamp":0,"circlet_count":0,"master_deck":["Strike_R","Strike_R","Strike_R","Strike_R","Strike_R","Defend_R","Defend_R","Bash","Fire Breathing","Shrug It Off","Shockwave","Twin Strike","Twin Strike","Shrug It Off","Twin Strike","Inflame","Pommel Strike","Pommel Strike","Pommel Strike","Offering"],"special_seed":0,"relics":["Burning Blood","Golden Idol","Peace Pipe","Girya","Prayer Wheel"],"potions_floor_usage":[],"damage_taken":[{"damage":4.0,"enemies":"Cultist","floor":1.0,"turns":4.0},{"damage":6.0,"enemies":"Jaw Worm","floor":2.0,"turns":4.0},{"damage":6.0,"enemies":"2 Louse","floor":3.0,"turns":3.0},{"damage":36.0,"enemies":"3 Sentries","floor":6.0,"turns":12.0},{"damage":14.0,"enemies":"Blue Slaver","floor":11.0,"turns":4.0},{"damage":14.0,"enemies":"Large Slime","floor":12.0,"turns":6.0},{"damage":10.0,"enemies":"Exordium Wildlife","floor":14.0,"turns":4.0},{"damage":64.0,"enemies":"The Guardian","floor":16.0,"turns":12.0}],"seed_played":"-3170869573494209223","potions_obtained":[{"floor":1.0,"key":"EssenceOfSteel"},{"floor":14.0,"key":"Weak Potion"},{"floor":16.0,"key":"Fire Potion"}],"is_trial":false,"path_per_floor":["M","M","M","?","?","E","$","R","T","R","M","M","R","M","R","B",null],"character_chosen":"IRONCLAD","items_purchased":["Twin Strike","Shrug It Off"],"campfire_rested":3,"item_purchase_floors":[7,7],"current_hp_per_floor":[80,80,80,60,57,27,27,51,51,51,43,35,59,55,79,21,21],"gold":198,"neow_bonus":"TRANSFORM_CARD","is_prod":false,"is_daily":false,"chose_seed":false,"campfire_upgraded":0,"win_rate":0,"timestamp":1552633355,"path_taken":["M","?","M","?","?","E","$","R","T","R","M","M","R","M","R","BOSS"],"build_version":"2019-01-23","purchased_purges":1,"victory":false,"max_hp_per_floor":[80,80,80,80,80,80,80,80,80,80,80,80,80,80,80,80,80],"card_choices":[{"not_picked":["Rampage","Power Through"],"picked":"Shrug It Off","floor":1.0},{"not_picked":["Thunderclap","Dual Wield"],"picked":"Shockwave","floor":2.0},{"not_picked":["Clothesline","Havoc"],"picked":"Twin Strike","floor":3.0},{"not_picked":["Blood for Blood","Headbutt","Dark Embrace"],"picked":"SKIP","floor":6.0},{"not_picked":["Clash","Heavy Blade"],"picked":"Twin Strike","floor":11.0},{"not_picked":["Clothesline","Cleave"],"picked":"Inflame","floor":11.0},{"not_picked":["Iron Wave","True Grit"],"picked":"Pommel Strike","floor":12.0},{"not_picked":["Shrug It Off","Sword Boomerang"],"picked":"Pommel Strike","floor":12.0},{"not_picked":["Searing Blow","Infernal Blade"],"picked":"Pommel Strike","floor":14.0},{"not_picked":["Headbutt","Carnage"],"picked":"Offering","floor":14.0}],"player_experience":74300,"relics_obtained":[{"floor":6.0,"key":"Girya"},{"floor":9.0,"key":"Prayer Wheel"}],"event_choices":[{"damage_healed":0.0,"max_hp_gain":0.0,"max_hp_loss":0.0,"gold_gain":0.0,"event_name":"Golden Idol","player_choice":"Take Damage","floor":4.0,"gold_loss":0.0,"damage_taken":20.0,"relics_obtained":["Golden Idol"]},{"damage_healed":0.0,"max_hp_gain":0.0,"max_hp_loss":0.0,"gold_gain":0.0,"event_name":"Scrap Ooze","player_choice":"Success","floor":5.0,"gold_loss":0.0,"damage_taken":3.0,"relics_obtained":["Peace Pipe"]}],"is_beta":false,"boss_relics":[],"items_purged_floors":[7],"is_endless":false,"potions_floor_spawned":[1,14,16],"ascension_level":0}