{"gold_per_floor":[112,126,126,143,41,41,62,74,100,100,125,125,144,167,167,298,298,322,341,354,370,370],"floor_reached":22,"playtime":996,"items_purged":["Strike_B"],"score":182,"play_id":"09269db6-476a-47b1-87ac-22021632eaf7","local_time":"20180718172714","is_ascension_mode":false,"campfire_choices":[{"data":"Zap","floor":6,"key":"SMITH"},{"floor":12,"key":"REST"},{"data":"Dualcast","floor":15,"key":"SMITH"}],"neow_cost":"NONE","seed_source_timestamp":0,"circlet_count":0,"master_deck":["Strike_B+1","Strike_B","Strike_B","Defend_B","Defend_B","Defend_B","Defend_B","Zap+1","Dualcast+1","Leap","Gash+1","Rebound","Streamline","Ball Lightning","Loop+1"],"special_seed":17730,"relics":["Runic Pyramid","Odd Mushroom","Whetstone","Golden Idol","Nuclear Battery"],"potions_floor_usage":[19,20,21],"damage_taken":[{"damage":3,"enemies":"Small Slimes","floor":1,"turns":3},{"damage":6,"enemies":"2 Louse","floor":2,"turns":3},{"damage":4,"enemies":"Jaw Worm","floor":4,"turns":4},{"damage":14,"floor":7,"turns":5},{"damage":4,"enemies":"Blue Slaver","floor":8,"turns":4},{"damage":0,"enemies":"Large Slime","floor":11,"turns":3},{"damage":2,"enemies":"3 Louse","floor":13,"turns":3},{"damage":10,"enemies":"Looter","floor":14,"turns":2},{"damage":51,"enemies":"The Guardian","floor":16,"turns":8},{"damage":19,"enemies":"Shell Parasite","floor":18,"turns":4},{"damage":20,"enemies":"2 Thieves","floor":19,"turns":4},{"damage":24,"enemies":"Snake Plant","floor":20,"turns":5},{"damage":6,"enemies":"3 Cultists","floor":21,"turns":5},{"damage":27,"floor":22,"turns":2}],"seed_played":"-3893125077617489196","potions_obtained":[{"floor":1,"key":"Regen Potion"},{"floor":2,"key":"Block Potion"},{"floor":4,"key":"GamblersBrew"},{"floor":16,"key":"Explosive Potion"},{"floor":19,"key":"Regen Potion"}],"is_trial":false,"path_per_floor":["M","M","?","M","$","R","?","M","T","?","M","R","M","M","R","B",null,"M","M","M","M"],"character_chosen":"DEFECT","items_purchased":["Rebound"],"campfire_rested":1,"item_purchase_floors":[5],"current_hp_per_floor":[72,66,71,67,67,67,53,49,49,49,49,71,69,59,59,8,74,55,35,25,19,0],"gold":370,"neow_bonus":"BOSS_RELIC","is_prod":false,"is_daily":false,"chose_seed":false,"campfire_upgraded":2,"win_rate":0.0,"timestamp":1531949234,"path_taken":["M","M","?","M","$","R","?","M","T","?","M","R","?","M","R","BOSS","M","M","M","M","?"],"build_version":"2018-07-12","purchased_purges":1,"victory":false,"max_hp_per_floor":[75,75,80,80,80,80,80,80,80,74,74,74,74,74,74,74,74,74,74,74,74,74],"card_choices":[{"not_picked":["Darkness","Recycle","FTL"],"picked":"SKIP","floor":1},{"not_picked":["Fusion","Stack"],"picked":"Leap","floor":2},{"not_picked":["Heatsinks","Chaos"],"picked":"Gash","floor":4},{"not_picked":["Conserve Battery","Redo"],"picked":"Streamline","floor":8},{"not_picked":["Storm","Redo","Go for the Eyes"],"picked":"SKIP","floor":11},{"not_picked":["Stack","Seek"],"picked":"Ball Lightning","floor":13},{"not_picked":["Steam","Beam Cell","Redo"],"picked":"SKIP","floor":14},{"not_picked":["Turbo","Cold Snap"],"picked":"Loop+1","floor":18},{"not_picked":["Redo","Turbo","Leap"],"picked":"SKIP","floor":19},{"not_picked":["Capacitor+1","Steam","FTL"],"picked":"SKIP","floor":20},{"not_picked":["Blizzard","Stack","Recycle"],"picked":"SKIP","floor":21}],"player_experience":271313,"relics_obtained":[{"floor":7,"key":"Odd Mushroom"},{"floor":9,"key":"Whetstone"}],"event_choices":[{"event_name":"Big Fish","player_choice":"Donut","floor":3,"damage_taken":0},{"event_name":"Mushrooms","player_choice":"Fought Mushrooms","floor":7,"damage_taken":0},{"event_name":"Golden Idol","player_choice":"Lose Max HP","floor":10,"damage_taken":0},{"event_name":"Masked Bandits","player_choice":"Fought over 370 gold","floor":22,"damage_taken":0}],"boss_relics":[{"not_picked":["Coffee Dripper","Black Star"],"picked":"Nuclear Battery"}],"items_purged_floors":[5],"is_endless":false,"potions_floor_spawned":[1,2,4,13,16,18,19],"ascension_level":0}