{"gold_per_floor":[113,63,75,75,88,99,99,119,119,119,34,60,60,90,90,189,189,189,189,189,189,189,189,40,40,40,40,40,40,40,40,40,40,40,40,0,0,0,0,0,0,0,0,0,0,0,0,0,0,0],"floor_reached":50,"playtime":3801,"items_purged":["Defend_B"],"score":484,"play_id":"052a4d33-d980-49fd-9b48-35d3e1a3e082","local_time":"20190201141617","is_ascension_mode":false,"campfire_choices":[{"data":"Zap","floor":7.0,"key":"SMITH"},{"data":"Go for the Eyes","floor":10.0,"key":"SMITH"},{"floor":13.0,"key":"REST"},{"data":"Dualcast","floor":15.0,"key":"SMITH"},{"data":"Echo Form","floor":23.0,"key":"SMITH"},{"data":"Consume","floor":28,"key":"SMITH"},{"floor":32,"key":"REST"},{"floor":40,"key":"REST"},{"data":"Biased Cognition","floor":42,"key":"SMITH"},{"data":"Capacitor","floor":45,"key":"SMITH"},{"floor":49,"key":"REST"}],"neow_cost":"NONE","seed_source_timestamp":0,"circlet_count":0,"master_deck":["Strike_B","Strike_B","Strike_B","Defend_B","Defend_B+1","Defend_B+1","Zap+1","Dualcast+1","Go for the Eyes+1","Cold Snap","Capacitor+1","Finesse","Machine Learning","Biased Cognition+1","Reinforced Body+1","Cold Snap+1","FTL+1","Echo Form+1","Consume+1","Heatsinks","Turbo+1","Seek","Leap+1"],"special_seed":0,"relics":["Cracked Core","War Paint","Mummified Hand","Prayer Wheel","Pocketwatch","Lantern","Ectoplasm","Blood Vial","Nuclear Battery","Red Mask","StoneCalendar","Frozen Egg 2","Bottled Tornado"],"potions_floor_usage":[33,47,50,50],"damage_taken":[{"damage":1.0,"enemies":"2 Louse","floor":1.0,"turns":2.0},{"damage":0.0,"enemies":"Small Slimes","floor":3.0,"turns":3.0},{"damage":0.0,"enemies":"Jaw Worm","floor":5.0,"turns":3.0},{"damage":7.0,"enemies":"Blue Slaver","floor":6.0,"turns":3.0},{"damage":3.0,"enemies":"Large Slime","floor":8.0,"turns":5.0},{"damage":13.0,"enemies":"3 Sentries","floor":12.0,"turns":7.0},{"damage":2.0,"enemies":"Lagavulin","floor":14.0,"turns":6.0},{"damage":42.0,"enemies":"Hexaghost","floor":16.0,"turns":12.0},{"damage":1.0,"enemies":"Chosen","floor":18.0,"turns":4.0},{"damage":0.0,"enemies":"Spheric Guardian","floor":20.0,"turns":4.0},{"damage":8.0,"enemies":"Colosseum Slavers","floor":21.0,"turns":4.0},{"damage":6.0,"enemies":"Shelled Parasite and Fungi","floor":22.0,"turns":7.0},{"damage":4,"enemies":"Snecko","floor":25,"turns":5},{"damage":2,"enemies":"Chosen and Byrds","floor":27,"turns":6},{"damage":13,"enemies":"Snake Plant","floor":31,"turns":4},{"damage":10,"enemies":"Champ","floor":33,"turns":13},{"damage":22,"enemies":"3 Shapes","floor":35,"turns":5},{"damage":24,"enemies":"3 Darklings","floor":38,"turns":5},{"damage":6,"enemies":"Writhing Mass","floor":39,"turns":6},{"damage":17,"enemies":"Mind Bloom Boss Battle","floor":41,"turns":7},{"damage":0,"enemies":"Jaw Worm Horde","floor":44,"turns":5},{"damage":9,"enemies":"Spire Growth","floor":46,"turns":5},{"damage":11,"enemies":"Nemesis","floor":47,"turns":7},{"damage":13,"enemies":"Maw","floor":48,"turns":7},{"damage":54,"enemies":"Donu and Deca","floor":50,"turns":13}],"seed_played":"-8659282328511449155","potions_obtained":[{"floor":3.0,"key":"Dexterity Potion"},{"floor":8.0,"key":"FearPotion"},{"floor":16.0,"key":"Block Potion"},{"floor":18.0,"key":"GamblersBrew"},{"floor":27,"key":"FocusPotion"},{"floor":35,"key":"Explosive Potion"}],"is_trial":false,"path_per_floor":["M","?","M","?","M","M","R","M","T","R","$","E","R","E","R","B",null,"M","?","M","?","M","R","$","M","T","M","R","?","?","M","R","B",null,"M","?","$","M","M","R","?","R","T","M","R","M","E","M","R","B"],"character_chosen":"DEFECT","items_purchased":["Finesse","Consume"],"campfire_rested":4,"item_purchase_floors":[11,24],"current_hp_per_floor":[74,74,74,67,67,60,60,57,57,57,57,44,66,64,64,22,75,74,60,60,52,46,46,46,42,42,42,42,42,42,31,55,47,80,58,58,58,36,32,56,41,41,41,43,43,36,27,16,40,0],"gold":0,"neow_bonus":"RANDOM_COMMON_RELIC","is_prod":false,"is_daily":false,"chose_seed":false,"campfire_upgraded":7,"win_rate":0.0,"timestamp":1549026977,"path_taken":["M","?","M","?","M","M","R","M","T","R","?","E","R","E","R","BOSS","M","?","M","?","?","R","$","M","T","M","R","?","?","M","R","BOSS","M","?","$","M","M","R","?","R","T","M","R","?","E","M","R","BOSS"],"build_version":"2019-01-23","purchased_purges":1,"victory":false,"max_hp_per_floor":[75,75,75,75,75,75,75,75,75,75,75,75,75,75,75,75,75,75,80,80,80,80,80,80,80,80,80,80,80,80,80,80,80,80,80,80,80,80,80,80,80,80,80,80,80,80,80,80,80,80],"card_choices":[{"not_picked":["Gash","Force Field"],"picked":"Go for the Eyes","floor":1.0},{"not_picked":["Stack","Streamline"],"picked":"Cold Snap","floor":3.0},{"not_picked":["Streamline","Barrage","Steam"],"picked":"SKIP","floor":5.0},{"not_picked":["Melter","Compile Driver","Gash"],"picked":"SKIP","floor":6.0},{"not_picked":["Coolheaded","Stack"],"picked":"Capacitor","floor":8.0},{"not_picked":["Gash","Reprogram"],"picked":"Machine Learning","floor":12.0},{"not_picked":["Gash","Steam Power","Leap"],"picked":"SKIP","floor":14.0},{"not_picked":["Multi-Cast","All For One"],"picked":"Biased Cognition","floor":16.0},{"not_picked":["Undo+1","Coolheaded"],"picked":"Reinforced Body+1","floor":18.0},{"not_picked":["Conserve Battery+1","Barrage"],"picked":"Cold Snap+1","floor":18.0},{"not_picked":["Cold Snap","Gash+1"],"picked":"FTL+1","floor":20.0},{"not_picked":["Capacitor+1","Genetic Algorithm+1","Turbo"],"picked":"SKIP","floor":20.0},{"not_picked":["Redo","Barrage+1"],"picked":"Echo Form","floor":22.0},{"not_picked":["Streamline","Barrage+1","Tempest"],"picked":"SKIP","floor":22.0},{"not_picked":["Leap","Turbo"],"picked":"Heatsinks","floor":25},{"not_picked":["Coolheaded","Melter","Leap"],"picked":"SKIP","floor":25},{"not_picked":["Cold Snap","Amplify"],"picked":"Turbo+1","floor":27},{"not_picked":["Darkness","Go for the Eyes","Heatsinks+1"],"picked":"SKIP","floor":27},{"not_picked":["Redo","Static Discharge","Beam Cell"],"picked":"SKIP","floor":31},{"not_picked":["Barrage","Cold Snap","Force Field"],"picked":"SKIP","floor":31},{"not_picked":["Reboot","Multi-Cast"],"picked":"Seek","floor":33},{"not_picked":["Lockon","Steam+1","Ball Lightning+1"],"picked":"SKIP","floor":35},{"not_picked":["Hologram+1","Streamline+1","Stack+1"],"picked":"SKIP","floor":35},{"not_picked":["Beam Cell+1","Streamline+1","Coolheaded+1"],"picked":"SKIP","floor":38},{"not_picked":["Chaos","Ball Lightning","Stack+1"],"picked":"SKIP","floor":38},{"not_picked":["Cold Snap+1","Skim+1","Consume+1"],"picked":"SKIP","floor":39},{"not_picked":["Beam Cell","Steam Power","Stack"],"picked":"SKIP","floor":39},{"not_picked":["Turbo","Coolheaded+1","Reinforced Body+1"],"picked":"SKIP","floor":44},{"not_picked":["Doom and Gloom+1","Redo+1","Reprogram"],"picked":"SKIP","floor":44},{"not_picked":["Hello World+1","White Noise","Stack"],"picked":"SKIP","floor":46},{"not_picked":["Sweeping Beam","Turbo","Meteor Strike"],"picked":"SKIP","floor":46},{"not_picked":["Leap","Compile Driver","Sunder+1"],"picked":"SKIP","floor":47},{"not_picked":["Hologram","Heatsinks+1"],"picked":"Leap+1","floor":48},{"not_picked":["Leap","Undo+1","Hologram"],"picked":"SKIP","floor":48}],"player_experience":24608,"relics_obtained":[{"floor":9.0,"key":"Prayer Wheel"},{"floor":12.0,"key":"Pocketwatch"},{"floor":14.0,"key":"Lantern"},{"floor":26,"key":"Blood Vial"},{"floor":41,"key":"StoneCalendar"},{"floor":43,"key":"Frozen Egg 2"},{"floor":47,"key":"Bottled Tornado"}],"event_choices":[{"cards_removed":["Strike_B"],"damage_healed":0.0,"max_hp_gain":0.0,"max_hp_loss":0.0,"gold_gain":0.0,"event_name":"The Cleric","player_choice":"Card Removal","floor":2.0,"gold_loss":50.0,"damage_taken":0.0},{"damage_healed":0.0,"max_hp_gain":0.0,"max_hp_loss":0.0,"gold_gain":0.0,"event_name":"Scrap Ooze","player_choice":"Success","floor":4.0,"gold_loss":0.0,"damage_taken":7.0,"relics_obtained":["Mummified Hand"]},{"damage_healed":0.0,"max_hp_gain":5.0,"max_hp_loss":0.0,"gold_gain":0.0,"event_name":"Forgotten Altar","player_choice":"Shed Blood","floor":19.0,"gold_loss":0.0,"damage_taken":19.0},{"damage_healed":0.0,"max_hp_gain":0.0,"max_hp_loss":0.0,"gold_gain":0.0,"event_name":"Colosseum","player_choice":"Fight","floor":21.0,"gold_loss":0.0,"damage_taken":0.0},{"damage_healed":0.0,"max_hp_gain":0.0,"max_hp_loss":0.0,"gold_gain":0.0,"event_name":"Colosseum","player_choice":"Fled From Nobs","floor":21.0,"gold_loss":0.0,"damage_taken":0.0},{"damage_healed":0,"gold_gain":0,"player_choice":"Ignored","damage_taken":0,"max_hp_gain":0,"max_hp_loss":0,"event_name":"Ghosts","floor":29,"gold_loss":0},{"damage_healed":0,"gold_gain":0,"player_choice":"Ignored","damage_taken":0,"max_hp_gain":0,"max_hp_loss":0,"event_name":"Beggar","floor":30,"gold_loss":0},{"damage_healed":0,"gold_gain":0,"player_choice":"Paid","damage_taken":0,"relics_obtained":["Red Mask"],"max_hp_gain":0,"max_hp_loss":0,"event_name":"Tomb of Lord Red Mask","floor":36,"gold_loss":40},{"damage_healed":0,"gold_gain":0,"player_choice":"Fight","damage_taken":0,"max_hp_gain":0,"max_hp_loss":0,"event_name":"MindBloom","floor":41,"gold_loss":0}],"is_beta":false,"boss_relics":[{"not_picked":["Lizard Tail","Snecko Eye"],"picked":"Ectoplasm"},{"not_picked":["Velvet Choker","Astrolabe"],"picked":"Nuclear Battery"}],"items_purged_floors":[24],"is_endless":false,"potions_floor_spawned":[3,8,16,18,27,35,46],"killed_by":"Donu and Deca","ascension_level":0}