{"gold_per_floor":[113,131,56,66,84,84,117,117,187,203,203,215,248,52,52,155,155,167,167,67,87,98,98,118,318,370,388,388,400,418,343,343,343],"floor_reached":33,"playtime":1402,"items_purged":["Strike_G","Defend_G"],"score":325,"play_id":"1f67f76a-f5ed-4ee6-abce-405662451d1f","local_time":"20190412224043","is_ascension_mode":true,"campfire_choices":[{"floor":6,"key":"REST"},{"data":"All Out Attack","floor":11,"key":"SMITH"},{"data":"Glass Knife","floor":15,"key":"SMITH"},{"data":"Spot Weakness","floor":23,"key":"SMITH"},{"data":"Flying Knee","floor":28,"key":"SMITH"},{"floor":32,"key":"REST"}],"neow_cost":"PERCENT_DAMAGE","seed_source_timestamp":257144966351624,"circlet_count":0,"master_deck":["Defend_G","Defend_G","Defend_G","Defend_G","Survivor","Neutralize","Flying Knee+1","Glass Knife+1","Quick Slash","Endless Agony","All Out Attack+1","Dodge and Roll","Cloak And Dagger","Backflip","Dramatic Entrance+1","Spot Weakness+1","Quick Slash","Burning Pact","Purity+1"],"relics":["Ring of the Snake","Mango","Gremlin Horn","Pen Nib","PrismaticShard","Empty Cage","MutagenicStrength","Anchor"],"potions_floor_usage":[16,30],"damage_taken":[{"damage":1,"enemies":"Jaw Worm","floor":1,"turns":4},{"damage":2,"enemies":"Small Slimes","floor":2,"turns":3},{"damage":0,"enemies":"Cultist","floor":4,"turns":3},{"damage":1,"enemies":"3 Louse","floor":5,"turns":3},{"damage":19,"enemies":"Gremlin Nob","floor":7,"turns":4},{"damage":0,"enemies":"Exordium Wildlife","floor":10,"turns":1},{"damage":4,"enemies":"2 Fungi Beasts","floor":12,"turns":2},{"damage":0,"enemies":"3 Sentries","floor":13,"turns":4},{"damage":42,"enemies":"Hexaghost","floor":16,"turns":11},{"damage":1,"enemies":"3 Byrds","floor":18,"turns":3},{"damage":13,"enemies":"Shell Parasite","floor":21,"turns":3},{"damage":0,"enemies":"3 Cultists","floor":22,"turns":4},{"damage":16,"enemies":"Snake Plant","floor":24,"turns":3},{"damage":0,"enemies":"Cultist and Chosen","floor":27,"turns":3},{"damage":1,"enemies":"Shelled Parasite and Fungi","floor":29,"turns":3},{"damage":2,"enemies":"Centurion and Healer","floor":30,"turns":3},{"damage":106,"enemies":"Automaton","floor":33,"turns":6}],"seed_played":"-467534054818022188","potions_obtained":[{"floor":5,"key":"Poison Potion"},{"floor":7,"key":"Regen Potion"},{"floor":10,"key":"SteroidPotion"},{"floor":16,"key":"FearPotion"},{"floor":21,"key":"Fire Potion"},{"floor":29,"key":"Strength Potion"}],"is_trial":false,"path_per_floor":["M","M","$","M","M","R","E","?","T","M","R","M","E","$","R","B",null,"M","?","$","M","M","R","M","?","T","M","R","M","M","?","R","B"],"character_chosen":"THE_SILENT","items_purchased":["PrismaticShard"],"campfire_rested":2,"item_purchase_floors":[14],"current_hp_per_floor":[48,46,46,46,45,66,61,66,66,66,66,62,62,62,62,20,89,88,88,88,75,75,75,59,59,59,59,59,58,56,56,82,0],"gold":343,"neow_bonus":"TRANSFORM_TWO_CARDS","is_prod":false,"is_daily":false,"chose_seed":false,"campfire_upgraded":4,"win_rate":0,"timestamp":1555123243,"path_taken":["M","M","$","M","M","R","E","?","T","M","R","M","E","$","R","BOSS","M","?","$","M","M","R","M","?","T","M","R","M","?","?","R","BOSS"],"build_version":"2019-01-23","purchased_purges":2,"victory":false,"max_hp_per_floor":[70,70,70,70,70,70,84,89,89,89,89,89,89,89,89,89,89,89,89,89,89,89,89,89,89,89,89,89,89,89,89,89,89],"card_choices":[{"not_picked":["Prepared","Deadly Poison"],"picked":"Quick Slash","floor":1},{"not_picked":["Setup","Predator","Bane"],"picked":"SKIP","floor":2},{"not_picked":["Poisoned Stab","Dodge and Roll"],"picked":"Endless Agony","floor":4},{"not_picked":["PiercingWail","Deflect","Flying Knee"],"picked":"SKIP","floor":5},{"not_picked":["PiercingWail","Dagger Throw"],"picked":"All Out Attack","floor":7},{"not_picked":["Choke","Terror"],"picked":"Dodge and Roll","floor":10},{"not_picked":["Tools of the Trade","Sucker Punch"],"picked":"Cloak And Dagger","floor":12},{"not_picked":["Dodge and Roll","Acrobatics"],"picked":"Backflip","floor":13},{"not_picked":["Amplify","Magnetism"],"picked":"After Image","floor":16},{"not_picked":["Streamline","Ball Lightning"],"picked":"Dramatic Entrance+1","floor":18},{"not_picked":["Aggregate","Barrage","Cold Snap"],"picked":"SKIP","floor":21},{"not_picked":["Turbo","Backflip"],"picked":"Spot Weakness","floor":22},{"not_picked":["Acrobatics","Bane+1"],"picked":"Quick Slash","floor":24},{"not_picked":["Noxious Fumes","PanicButton","Clash+1"],"picked":"SKIP","floor":27},{"not_picked":["Reinforced Body","Thinking Ahead"],"picked":"Burning Pact","floor":29},{"not_picked":["Gash+1","Reflex"],"picked":"Purity+1","floor":30}],"player_experience":481976,"relics_obtained":[{"floor":7,"key":"Mango"},{"floor":9,"key":"Gremlin Horn"},{"floor":13,"key":"Pen Nib"},{"floor":26,"key":"Anchor"}],"event_choices":[{"damage_healed":0,"gold_gain":0,"player_choice":"Donut","damage_taken":0,"max_hp_gain":5,"max_hp_loss":0,"event_name":"Big Fish","floor":8,"gold_loss":0},{"damage_healed":0,"gold_gain":0,"player_choice":"Inject Mutagens","damage_taken":0,"relics_obtained":["MutagenicStrength"],"max_hp_gain":0,"max_hp_loss":0,"event_name":"Drug Dealer","floor":19,"gold_loss":0},{"damage_healed":0,"gold_gain":200,"player_choice":"Gold","damage_taken":0,"max_hp_gain":0,"max_hp_loss":0,"event_name":"Wheel of Change","floor":25,"gold_loss":0},{"cards_removed":["After Image"],"damage_healed":0,"gold_gain":0,"player_choice":"Gave Gold","damage_taken":0,"max_hp_gain":0,"max_hp_loss":0,"event_name":"Beggar","floor":31,"gold_loss":75}],"is_beta":false,"boss_relics":[{"not_picked":["Eternal Feather","Runic Pyramid"],"picked":"Empty Cage"}],"items_purged_floors":[3,20],"is_endless":false,"potions_floor_spawned":[5,7,10,16,21,27,29],"killed_by":"Automaton","ascension_level":1}