{"path_per_floor":["M","M","?","?","M","R","M","R","T","R","T","M","?","M","R","B",null,"M","$","M","?","?","R","E","R","T","M","?","R","?","M","R"],"character_chosen":"DEFECT","items_purchased":["Emotion Chip"],"gold_per_floor":[114,129,129,129,144,144,159,159,184,184,209,224,224,239,239,339,339,354,54,69,69,85,85,115,115,140,155,155,155,80,95,95,95],"floor_reached":33,"campfire_rested":5,"playtime":1387,"item_purchase_floors":[19],"current_hp_per_floor":[72,65,70,70,69,69,69,69,69,75,75,70,75,75,75,40,75,63,63,53,53,14,70,27,65,65,41,25,60,60,28,58,0],"items_purged":[],"gold":95,"score":280,"play_id":"c87b37a6-fb0b-42c7-bb82-d5555e6ab159","local_time":"20180621184016","daily_mods":["Diverse","Night Terrors","Hoarder"],"is_prod":false,"is_daily":true,"chose_seed":false,"is_ascension_mode":false,"campfire_upgraded":3,"win_rate":0.0,"timestamp":1529620816,"campfire_choices":[{"data":"Ghostly Armor","floor":6,"key":"SMITH"},{"data":"Pommel Strike","floor":8,"key":"SMITH"},{"floor":10,"key":"REST"},{"data":"Pommel Strike","floor":15,"key":"SMITH"},{"floor":23,"key":"REST"},{"floor":25,"key":"REST"},{"floor":29,"key":"REST"},{"floor":32,"key":"REST"}],"path_taken":["M","M","?","?","M","R","M","R","T","R","?","M","?","?","R","BOSS","M","$","M","?","?","R","E","R","T","M","?","R","?","M","R","BOSS"],"build_version":"2018-06-14v2","seed_source_timestamp":926606054998,"purchased_purges":0,"victory":false,"master_deck":["Zap+1","Dualcast","Ghostly Armor+1","Ghostly Armor","Pommel Strike+1","Pommel Strike+1","Pommel Strike","Feed","Feed","Feed","Seeing Red","Seeing Red","Seeing Red","Flying Knee","Flying Knee","Flying Knee","Acrobatics","Acrobatics","Acrobatics","Flex","Flex","Flex","Perfected Strike","Perfected Strike","Perfected Strike","Evolve","Anger","Anger","Anger","Second Wind","Second Wind","Second Wind","Conserve Battery","Conserve Battery","Conserve Battery","Static Discharge","Static Discharge","Static Discharge"],"max_hp_per_floor":[75,75,80,80,80,80,80,80,80,75,75,75,75,75,75,75,75,75,75,75,75,75,70,70,65,65,65,65,60,60,63,58,58],"special_seed":17703,"relics":["Cracked Core","Vajra","Boot","Pandora\u0027s Box","Emotion Chip","Red Mask","Oddly Smooth Stone","Ancient Tea Set","Enchiridion"],"card_choices":[{"not_picked":["Scrape","Doom and Gloom","Rupture"],"picked":"SKIP","floor":1},{"not_picked":["Armaments","Clothesline"],"picked":"Ghostly Armor","floor":2},{"not_picked":["Armaments","BootSequence","Iron Wave"],"picked":"SKIP","floor":5},{"not_picked":["Consume","Chaos"],"picked":"Pommel Strike","floor":7},{"not_picked":["Deflect","Backflip","Disarm"],"picked":"SKIP","floor":12},{"not_picked":["Go for the Eyes","BootSequence","Body Slam"],"picked":"SKIP","floor":14},{"not_picked":["Rainbow","Dark Embrace"],"picked":"Feed","floor":16},{"not_picked":["Anger","Rebound","Rupture"],"picked":"SKIP","floor":18},{"not_picked":["Iron Wave","Clothesline+1","Cleave"],"picked":"SKIP","floor":20},{"not_picked":["Iron Wave","FTL"],"picked":"Conserve Battery","floor":22},{"not_picked":["Double Tap","Underhanded Strike+1"],"picked":"Static Discharge","floor":24},{"not_picked":["Go for the Eyes","Dagger Throw","Reprogram"],"picked":"SKIP","floor":27},{"not_picked":["Stack+1","Coolheaded","Dodge and Roll+1"],"picked":"SKIP","floor":31}],"player_experience":159586,"potions_floor_usage":[16,16,16,24,33],"damage_taken":[{"damage":3,"enemies":"Jaw Worm","floor":1,"turns":4},{"damage":7,"enemies":"Small Slimes","floor":2,"turns":4},{"damage":1,"enemies":"2 Louse","floor":5,"turns":3},{"damage":0,"enemies":"Exordium Thugs","floor":7,"turns":4},{"damage":5,"enemies":"Lots of Slimes","floor":12,"turns":3},{"damage":0,"enemies":"Blue Slaver","floor":14,"turns":3},{"damage":35,"enemies":"Hexaghost","floor":16,"turns":9},{"damage":12,"enemies":"Shell Parasite","floor":18,"turns":4},{"damage":10,"enemies":"Spheric Guardian","floor":20,"turns":3},{"damage":39,"floor":22,"turns":4},{"damage":43,"enemies":"Book of Stabbing","floor":24,"turns":6},{"damage":24,"enemies":"Snecko","floor":27,"turns":5},{"damage":35,"enemies":"3 Cultists","floor":31,"turns":5},{"damage":79,"enemies":"Collector","floor":33,"turns":5}],"relics_obtained":[{"floor":9,"key":"Vajra"},{"floor":11,"key":"Boot"},{"floor":22,"key":"Red Mask"},{"floor":24,"key":"Oddly Smooth Stone"},{"floor":26,"key":"Ancient Tea Set"},{"floor":28,"key":"Enchiridion"}],"event_choices":[{"event_name":"Big Fish","player_choice":"Donut","floor":3,"damage_taken":0},{"event_name":"Accursed Blacksmith","player_choice":"Forge","floor":4,"damage_taken":0},{"event_name":"Bonfire Elementals","player_choice":"UNCOMMON","floor":13,"damage_taken":0},{"event_name":"Back to Basics","player_choice":"Elegance","floor":21,"damage_taken":0},{"event_name":"Masked Bandits","player_choice":"Fought over 69 gold","floor":22,"damage_taken":0},{"event_name":"Cursed Tome","player_choice":"Obtained Book","floor":28,"damage_taken":0},{"event_name":"Beggar","player_choice":"Gave Gold","floor":30,"damage_taken":0}],"boss_relics":[{"not_picked":["Coffee Dripper","Orrery"],"picked":"Pandora\u0027s Box"}],"items_purged_floors":[],"is_endless":false,"potions_floor_spawned":[1,5,12,14,18,20],"seed_played":"-2047804934668331113","killed_by":"Collector","ascension_level":0,"potions_obtained":[{"floor":1,"key":"Poison Potion"},{"floor":5,"key":"Dexterity Potion"},{"floor":12,"key":"Fire Potion"},{"floor":14,"key":"EssenceOfSteel"},{"floor":18,"key":"Poison Potion"},{"floor":20,"key":"GamblersBrew"}],"is_trial":false}