{"gold_per_floor":[10,10,10,24,45,45,78,78,78,97,97,97,111,124,124,217,217,230,203,5,25,25,25,25],"floor_reached":24,"playtime":1406,"items_purged":["Strike_G"],"score":396,"play_id":"15e1702b-eb23-4d8a-a629-491b7182595b","local_time":"20190107020614","is_ascension_mode":true,"campfire_choices":[{"data":"Sucker Punch","floor":6,"key":"SMITH"},{"data":"Neutralize","floor":8,"key":"SMITH"},{"data":"Finisher","floor":11,"key":"SMITH"},{"floor":15,"key":"REST"},{"floor":23,"key":"REST"}],"neow_cost":"NO_GOLD","seed_source_timestamp":6049526948769600,"circlet_count":0,"master_deck":["AscendersBane","Defend_G","Defend_G","Defend_G","Defend_G","Strike_G","Strike_G","Survivor","Neutralize+1","Backstab","Sucker Punch+1","Finisher+1","Dodge and Roll","Blur","Heel Hook","Dodge and Roll","Venomology","Prepared+1","Dagger Throw","Footwork","Escape Plan","Deflect"],"relics":["Ring of the Snake","Golden Idol","StoneCalendar","Dead Branch","Eternal Feather"],"potions_floor_usage":[16,18,19,24,24,24],"damage_taken":[{"damage":1,"enemies":"Jaw Worm","floor":1,"turns":4},{"damage":4,"enemies":"Small Slimes","floor":4,"turns":4},{"damage":0,"enemies":"Cultist","floor":5,"turns":3},{"damage":26,"enemies":"Lagavulin","floor":7,"turns":6},{"damage":4,"enemies":"2 Fungi Beasts","floor":10,"turns":4},{"damage":1,"enemies":"Blue Slaver","floor":13,"turns":5},{"damage":1,"enemies":"3 Louse","floor":14,"turns":3},{"damage":29,"enemies":"Hexaghost","floor":16,"turns":15},{"damage":23,"enemies":"3 Byrds","floor":18,"turns":7},{"damage":0,"enemies":"2 Thieves","floor":19,"turns":4},{"damage":11,"enemies":"Snake Plant","floor":21,"turns":7},{"damage":43,"enemies":"Book of Stabbing","floor":24,"turns":5}],"seed_played":"-1542240522072264128","potions_obtained":[{"floor":1,"key":"Weak Potion"},{"floor":14,"key":"Weak Potion"},{"floor":18,"key":"Block Potion"},{"floor":21,"key":"Fire Potion"}],"is_trial":false,"path_per_floor":["M","?","?","M","M","R","E","R","T","M","R","?","M","M","R","B",null,"M","M","$","M","$","R","E"],"character_chosen":"THE_SILENT","items_purchased":["Footwork","Escape Plan"],"campfire_rested":2,"item_purchase_floors":[20,20],"current_hp_per_floor":[58,58,58,54,54,54,28,28,28,24,24,17,16,15,33,4,46,23,23,23,12,12,42,0],"gold":25,"neow_bonus":"REMOVE_TWO","is_prod":false,"is_daily":false,"chose_seed":false,"campfire_upgraded":3,"win_rate":0,"timestamp":1546855574,"path_taken":["M","?","?","?","M","R","E","R","T","M","R","?","M","M","R","BOSS","M","M","$","M","$","R","E"],"build_version":"2019-01-03v4","purchased_purges":1,"victory":false,"max_hp_per_floor":[66,66,60,60,60,60,60,60,60,60,60,60,60,60,60,60,60,60,60,60,60,60,60,60],"card_choices":[{"not_picked":["Prepared","Underhanded Strike"],"picked":"Backstab","floor":1},{"not_picked":["Quick Slash","Setup"],"picked":"Sucker Punch","floor":4},{"not_picked":["Poisoned Stab","Prepared"],"picked":"Finisher","floor":5},{"not_picked":["Quick Slash","Night Terror"],"picked":"Dodge and Roll","floor":7},{"not_picked":["Deadly Poison","Acrobatics"],"picked":"Blur","floor":10},{"not_picked":["Poisoned Stab","Noxious Fumes"],"picked":"Heel Hook","floor":13},{"not_picked":["Poisoned Stab","Skewer"],"picked":"Dodge and Roll","floor":14},{"not_picked":["Corpse Explosion","Grand Finale"],"picked":"Venomology","floor":16},{"not_picked":["Deflect","Outmaneuver"],"picked":"Prepared+1","floor":18},{"not_picked":["Underhanded Strike","Deadly Poison"],"picked":"Dagger Throw","floor":19},{"not_picked":["Reflex","Concentrate"],"picked":"Deflect","floor":21}],"player_experience":3197487,"relics_obtained":[{"floor":7,"key":"StoneCalendar"},{"floor":9,"key":"Dead Branch"}],"event_choices":[{"damage_healed":0,"gold_gain":0,"player_choice":"Ignored","damage_taken":0,"max_hp_gain":0,"max_hp_loss":0,"event_name":"Liars Game","floor":2,"gold_loss":0},{"damage_healed":0,"gold_gain":0,"player_choice":"Lose Max HP","damage_taken":0,"relics_obtained":["Golden Idol"],"max_hp_gain":0,"max_hp_loss":6,"event_name":"Golden Idol","floor":3,"gold_loss":0},{"cards_removed":["Strike_G"],"damage_healed":0,"gold_gain":0,"player_choice":"Card Removal","damage_taken":7,"max_hp_gain":0,"max_hp_loss":0,"event_name":"Golden Wing","floor":12,"gold_loss":0}],"is_beta":true,"boss_relics":[{"not_picked":["Snecko Eye","Velvet Choker"],"picked":"Eternal Feather"}],"items_purged_floors":[20],"is_endless":false,"potions_floor_spawned":[1,14,18,21],"killed_by":"Book of Stabbing","ascension_level":20}