{"gold_per_floor":[109,126,126,141,141,141,170,170,170,170,8,25,41,53,53,150,150,150,150,150,150,150,150,150,150,150,150,150,2,2,2,2,2,2,2,2,2,2,2,2,2,2,2,2,2,2,2,2,2,2],"floor_reached":51,"playtime":3984,"items_purged":["Defend_B"],"score":681,"play_id":"e8d378d2-f194-44bf-866e-42e1a7bbb2eb","local_time":"20190410200249","is_ascension_mode":true,"campfire_choices":[{"floor":6,"key":"REST"},{"floor":8,"key":"REST"},{"floor":10,"key":"REST"},{"floor":15,"key":"REST"},{"data":"Creative AI","floor":23,"key":"SMITH"},{"data":"Machine Learning","floor":25,"key":"SMITH"},{"floor":32,"key":"REST"},{"floor":40,"key":"REST"},{"floor":44,"key":"REST"},{"floor":47,"key":"REST"},{"data":"Buffer","floor":49,"key":"SMITH"}],"neow_cost":"PERCENT_DAMAGE","seed_source_timestamp":3908418104680,"circlet_count":0,"master_deck":["Strike_B","Strike_B","Strike_B","Defend_B","Defend_B","Defend_B","Zap","Dualcast","Machine Learning+1","Chill","Double Energy","White Noise","Skim","Force Field","Self Repair","Leap","Gash","Redo","Creative AI+1","Conserve Battery+1","Gash","Loop","Buffer+1","Seek+1","Leap+1","Loop+1","Ball Lightning+1","Echo Form"],"relics":["Cracked Core","Bird Faced Urn","Ectoplasm","Toxic Egg 2","Tiny Chest","Gambling Chip","Lizard Tail","DataDisk","Molten Egg 2"],"potions_floor_usage":[16,16,16,31,31,33,33,39,39,41,50,50],"damage_taken":[{"damage":7,"enemies":"Jaw Worm","floor":1,"turns":3},{"damage":5,"enemies":"Small Slimes","floor":2,"turns":3},{"damage":4,"enemies":"Cultist","floor":4,"turns":4},{"damage":37,"enemies":"Lagavulin","floor":7,"turns":7},{"damage":18,"enemies":"Looter","floor":12,"turns":4},{"damage":37,"enemies":"Gremlin Gang","floor":13,"turns":6},{"damage":26,"enemies":"2 Fungi Beasts","floor":14,"turns":4},{"damage":38,"enemies":"Hexaghost","floor":16,"turns":11},{"damage":49,"enemies":"Spheric Guardian","floor":18,"turns":6},{"damage":19,"enemies":"Chosen","floor":20,"turns":7},{"damage":27,"enemies":"Centurion and Healer","floor":24,"turns":10},{"damage":26,"enemies":"Shelled Parasite and Fungi","floor":27,"turns":10},{"damage":82,"enemies":"Slavers","floor":30,"turns":7},{"damage":20,"enemies":"Snake Plant","floor":31,"turns":3},{"damage":41,"enemies":"Champ","floor":33,"turns":12},{"damage":53,"enemies":"3 Darklings","floor":35,"turns":3},{"damage":11,"enemies":"Orb Walker","floor":38,"turns":5},{"damage":40,"enemies":"Spire Growth","floor":39,"turns":8},{"damage":43,"enemies":"3 Darklings","floor":41,"turns":7},{"damage":23,"enemies":"Jaw Worm Horde","floor":46,"turns":3},{"damage":4,"enemies":"4 Shapes","floor":48,"turns":5},{"damage":20,"enemies":"Donu and Deca","floor":50,"turns":8}],"seed_played":"-3242910150314850074","potions_obtained":[{"floor":2,"key":"Poison Potion"},{"floor":13,"key":"Regen Potion"},{"floor":14,"key":"PowerPotion"},{"floor":16,"key":"LiquidBronze"},{"floor":18,"key":"LiquidBronze"},{"floor":24,"key":"FocusPotion"},{"floor":31,"key":"Poison Potion"},{"floor":35,"key":"SkillPotion"},{"floor":37,"key":"SkillPotion"},{"floor":37,"key":"Explosive Potion"},{"floor":41,"key":"Weak Potion"},{"floor":48,"key":"AttackPotion"}],"is_trial":false,"path_per_floor":["M","M","?","M","?","R","E","R","T","R","$","M","M","M","R","B",null,"M","?","M","?","?","R","M","R","T","M","T","$","E","M","R","B",null,"M","$","?","M","M","R","M","?","T","R","T","M","R","M","R","B",null],"character_chosen":"DEFECT","items_purchased":["Self Repair","Leap","Gash","Loop"],"campfire_rested":8,"item_purchase_floors":[11,11,11,29],"current_hp_per_floor":[47,42,42,38,38,60,23,45,45,67,67,60,36,23,45,37,75,43,36,40,65,65,65,75,75,75,74,74,74,24,16,38,30,75,37,37,37,51,32,54,44,44,44,66,66,52,74,75,75,75],"gold":2,"neow_bonus":"THREE_RARE_CARDS","is_prod":false,"is_daily":false,"chose_seed":false,"campfire_upgraded":3,"win_rate":0,"timestamp":1554940969,"path_taken":["M","M","?","M","?","R","E","R","T","R","$","M","?","M","R","BOSS","M","?","?","?","?","R","M","R","T","?","?","$","E","M","R","BOSS","M","$","?","M","M","R","?","?","T","R","?","M","R","M","R","BOSS"],"build_version":"2019-01-23","purchased_purges":1,"victory":true,"max_hp_per_floor":[75,75,75,75,75,75,75,75,75,75,75,75,75,75,75,75,75,75,75,75,75,75,75,75,75,75,75,75,75,75,75,75,75,75,75,75,75,75,75,75,75,75,75,75,75,75,75,75,75,75],"card_choices":[{"not_picked":["Reboot","Amplify"],"picked":"Machine Learning","floor":0},{"not_picked":["Barrage","Rebound"],"picked":"Chill","floor":1},{"not_picked":["Aggregate","Coolheaded"],"picked":"Double Energy","floor":2},{"not_picked":["Leap","Ball Lightning"],"picked":"White Noise","floor":4},{"not_picked":["Sweeping Beam","Steam Power"],"picked":"Force Field","floor":7},{"not_picked":["Blizzard","Streamline","Cold Snap"],"picked":"SKIP","floor":12},{"not_picked":["Darkness","Barrage"],"picked":"Redo","floor":13},{"not_picked":["Turbo","Hyperbeam","Redo"],"picked":"SKIP","floor":14},{"not_picked":["Multi-Cast","Biased Cognition"],"picked":"Creative AI","floor":16},{"not_picked":["Rebound","Coolheaded+1"],"picked":"Heatsinks","floor":18},{"not_picked":["Reinforced Body","Beam Cell"],"picked":"Conserve Battery+1","floor":20},{"not_picked":["Cold Snap","Skim","Streamline"],"picked":"SKIP","floor":24},{"not_picked":["Cold Snap+1","Leap+1","Steam+1"],"picked":"SKIP","floor":27},{"not_picked":["Doom and Gloom","Capacitor"],"picked":"Buffer","floor":30},{"not_picked":["Recycle+1","Genetic Algorithm+1","Coolheaded+1"],"picked":"SKIP","floor":31},{"not_picked":["Meteor Strike","Machine Learning"],"picked":"Seek+1","floor":33},{"not_picked":["Auto Shields+1","Streamline"],"picked":"Leap+1","floor":35},{"not_picked":["Barrage","Skim+1","Coolheaded+1"],"picked":"SKIP","floor":38},{"not_picked":["Turbo+1","Rip and Tear"],"picked":"Loop+1","floor":39},{"not_picked":["Leap+1","Turbo+1"],"picked":"Ball Lightning+1","floor":41},{"not_picked":["Steam+1","Rip and Tear+1","Beam Cell+1"],"picked":"SKIP","floor":46},{"not_picked":["Sweeping Beam+1","Turbo+1"],"picked":"Echo Form","floor":48}],"player_experience":229362,"relics_obtained":[{"floor":7,"key":"Bird Faced Urn"},{"floor":26,"key":"Toxic Egg 2"},{"floor":28,"key":"Tiny Chest"},{"floor":30,"key":"Gambling Chip"},{"floor":43,"key":"DataDisk"},{"floor":45,"key":"Molten Egg 2"}],"event_choices":[{"damage_healed":0,"gold_gain":0,"player_choice":"Ignored","damage_taken":0,"max_hp_gain":0,"max_hp_loss":0,"event_name":"Liars Game","floor":3,"gold_loss":0},{"damage_healed":0,"gold_gain":0,"cards_transformed":["Strike_B"],"player_choice":"Transformed","damage_taken":0,"max_hp_gain":0,"max_hp_loss":0,"event_name":"Transmorgrifier","floor":5,"gold_loss":0,"cards_obtained":["Skim"]},{"damage_healed":0,"gold_gain":0,"player_choice":"","damage_taken":7,"max_hp_gain":0,"max_hp_loss":0,"event_name":"Knowing Skull","floor":19,"potions_obtained":[],"gold_loss":0,"cards_obtained":[]},{"damage_healed":25,"gold_gain":0,"player_choice":"Heal","damage_taken":0,"max_hp_gain":0,"max_hp_loss":0,"event_name":"The Library","floor":21,"gold_loss":0},{"damage_healed":0,"gold_gain":0,"player_choice":"Copied","damage_taken":0,"max_hp_gain":0,"max_hp_loss":0,"event_name":"Duplicator","floor":22,"gold_loss":0,"cards_obtained":["Gash"]},{"damage_healed":0,"gold_gain":0,"player_choice":"Got Potions","damage_taken":0,"max_hp_gain":0,"max_hp_loss":0,"event_name":"Lab","floor":37,"gold_loss":0},{"cards_removed":["Heatsinks"],"damage_healed":0,"gold_gain":0,"player_choice":"Removed Power","damage_taken":0,"max_hp_gain":0,"max_hp_loss":0,"event_name":"Falling","floor":42,"gold_loss":0}],"is_beta":false,"boss_relics":[{"not_picked":["Orrery","Eternal Feather"],"picked":"Ectoplasm"},{"not_picked":["Coffee Dripper","Cursed Key"],"picked":"Lizard Tail"}],"items_purged_floors":[29],"is_endless":false,"potions_floor_spawned":[2,13,14,16,18,24,31,35,41,48],"ascension_level":2}