{"gold_per_floor":[112,112,130,130,144,144,171,171,171,171,190,202,220,69,69,168,198,213,14,14,26,45,45,64,64],"floor_reached":25,"playtime":1088,"items_purged":["Strike_R","Regret"],"score":229,"play_id":"269337a7-0626-4f09-a6d9-abf087ecbbaf","local_time":"20180623135030","is_ascension_mode":false,"campfire_choices":[{"data":"Reckless Charge","floor":6,"key":"SMITH"},{"floor":8,"key":"REST"},{"data":"Headbutt","floor":10,"key":"SMITH"},{"data":"Rampage","floor":15,"key":"SMITH"},{"floor":23,"key":"REST"}],"neow_cost":"NONE","seed_source_timestamp":108974685531372,"circlet_count":0,"master_deck":["Strike_R","Strike_R","Strike_R","Defend_R","Defend_R","Defend_R","Defend_R","Bash","Reckless Charge+1","Headbutt+1","Headbutt","Rampage+1","Inflame","Injury","Perfected Strike","Shrug It Off"],"relics":["Burning Blood","Ancient Tea Set","Self Forming Clay","Darkstone Periapt","Calling Bell","Tiny Chest","Pantograph","Charon\u0027s Ashes","Spirit Poop"],"potions_floor_usage":[16,21],"damage_taken":[{"damage":11,"enemies":"Jaw Worm","floor":1,"turns":5},{"damage":1,"enemies":"2 Louse","floor":3,"turns":3},{"damage":5,"enemies":"Cultist","floor":5,"turns":4},{"damage":22,"enemies":"3 Sentries","floor":7,"turns":7},{"damage":3,"enemies":"Gremlin Gang","floor":11,"turns":5},{"damage":0,"enemies":"Looter","floor":12,"turns":2},{"damage":13,"enemies":"Red Slaver","floor":13,"turns":2},{"damage":56,"enemies":"Hexaghost","floor":16,"turns":8},{"damage":19,"enemies":"3 Byrds","floor":18,"turns":6},{"damage":17,"enemies":"Chosen","floor":21,"turns":4},{"damage":48,"enemies":"Snake Plant","floor":22,"turns":6},{"damage":58,"enemies":"Chosen and Byrds","floor":24,"turns":7},{"damage":16,"enemies":"Cultist and Chosen","floor":25,"turns":2}],"seed_played":"-1504740780146379654","potions_obtained":[{"floor":3,"key":"Regen Potion"},{"floor":11,"key":"Swift Potion"},{"floor":12,"key":"FearPotion"},{"floor":16,"key":"Weak Potion"},{"floor":22,"key":"Ancient Potion"}],"is_trial":false,"path_per_floor":["M","?","M","?","M","R","E","R","T","R","M","M","M","$","R","B",null,"M","$","?","M","M","R","M"],"character_chosen":"IRONCLAD","items_purchased":["Inflame","Perfected Strike","Shrug It Off"],"campfire_rested":2,"item_purchase_floors":[14,19,19],"current_hp_per_floor":[75,75,80,80,80,80,64,80,80,80,80,80,73,73,73,23,98,85,85,85,79,37,65,13,0],"gold":64,"neow_bonus":"RANDOM_COMMON_RELIC","is_prod":false,"is_daily":false,"chose_seed":false,"campfire_upgraded":3,"win_rate":0.0,"timestamp":1529776230,"path_taken":["M","?","M","?","?","R","E","R","T","R","?","M","M","$","R","BOSS","M","$","?","M","M","R","M","?"],"build_version":"2018-06-21v2","purchased_purges":2,"victory":false,"max_hp_per_floor":[80,80,80,80,80,80,80,80,80,80,80,80,80,80,80,80,98,98,98,95,95,95,95,95,95],"card_choices":[{"not_picked":["Cleave","Body Slam","Twin Strike"],"picked":"SKIP","floor":1},{"not_picked":["Twin Strike","Clash","True Grit"],"picked":"SKIP","floor":3},{"not_picked":["Clothesline","Clash"],"picked":"Headbutt","floor":5},{"not_picked":["Shrug It Off","Warcry","Anger"],"picked":"SKIP","floor":7},{"not_picked":["Warcry","Reaper"],"picked":"Headbutt","floor":11},{"not_picked":["Flex","Metallicize","Clash"],"picked":"SKIP","floor":12},{"not_picked":["Pommel Strike","Flex"],"picked":"Rampage","floor":13},{"not_picked":["Clash+1","Warcry","Flex"],"picked":"SKIP","floor":18},{"not_picked":["Heavy Blade+1","Anger","Sword Boomerang+1"],"picked":"SKIP","floor":21},{"not_picked":["Clash","True Grit","Sever Soul"],"picked":"SKIP","floor":22},{"not_picked":["Pommel Strike+1","Disarm","Armaments+1"],"picked":"SKIP","floor":24}],"player_experience":167686,"relics_obtained":[{"floor":7,"key":"Self Forming Clay"},{"floor":9,"key":"Darkstone Periapt"},{"floor":17,"key":"Tiny Chest"},{"floor":17,"key":"Pantograph"},{"floor":17,"key":"Charon\u0027s Ashes"}],"event_choices":[{"event_name":"Living Wall","player_choice":"Change","floor":2,"damage_taken":0},{"event_name":"Liars Game","player_choice":"disagreed","floor":4,"damage_taken":0},{"event_name":"Bonfire Elementals","player_choice":"CURSE","floor":20,"damage_taken":0}],"boss_relics":[{"not_picked":["Fusion Hammer","White Beast Statue"],"picked":"Calling Bell"}],"items_purged_floors":[14,19],"is_endless":false,"potions_floor_spawned":[3,11,12,16,22,24],"killed_by":"Cultist and Chosen","ascension_level":0}