{"gold_per_floor":[209,209,209,256,271,271,287,306,354,354,374,374,55,73,73,168,168,183,201,212,212,232,232],"floor_reached":23,"playtime":1514,"items_purged":[],"score":238,"play_id":"b71ce0a4-35d8-449f-8d5e-a03443b2ace5","local_time":"20190315082823","is_ascension_mode":true,"campfire_choices":[{"floor":6,"key":"RECALL"},{"floor":10,"key":"REST"},{"floor":12,"key":"REST"},{"floor":15,"key":"REST"}],"neow_cost":"NONE","seed_source_timestamp":2882994317745,"circlet_count":0,"master_deck":["Strike_R","Strike_R","Strike_R","Strike_R","Defend_R","Defend_R","Defend_R","Defend_R","Bash","Inflame","Spot Weakness","True Grit","Feed"],"relics":["Burning Blood","Pear","Vajra","Bronze Scales","Matryoshka","Coffee Dripper"],"potions_floor_usage":[16,16],"damage_taken":[{"damage":7,"enemies":"2 Louse","floor":1,"turns":3},{"damage":5,"enemies":"Small Slimes","floor":5,"turns":5},{"damage":23,"enemies":"Jaw Worm","floor":7,"turns":5},{"damage":50,"enemies":"Exordium Thugs","floor":8,"turns":7},{"damage":11,"enemies":"Red Slaver","floor":11,"turns":4},{"damage":40,"enemies":"Gremlin Gang","floor":14,"turns":6},{"damage":38,"enemies":"The Guardian","floor":16,"turns":16},{"damage":27,"enemies":"3 Byrds","floor":18,"turns":3},{"damage":18,"enemies":"Shell Parasite","floor":19,"turns":4},{"damage":26,"enemies":"Centurion and Healer","floor":20,"turns":8},{"damage":30,"enemies":"Shelled Parasite and Fungi","floor":22,"turns":7},{"damage":25,"enemies":"Book of Stabbing","floor":23,"turns":3}],"seed_played":"-6654058592542866390","potions_obtained":[{"floor":7,"key":"Block Potion"},{"floor":11,"key":"Block Potion"},{"floor":14,"key":"Fire Potion"},{"floor":16,"key":"GamblersBrew"},{"floor":20,"key":"Weak Potion"}],"is_trial":false,"path_per_floor":["M","?","?","T","M","R","M","M","T","R","M","R","$","M","R","B",null,"M","M","M","?","M","E"],"character_chosen":"IRONCLAD","items_purchased":["Spot Weakness","Matryoshka"],"campfire_rested":3,"item_purchase_floors":[13,13],"current_hp_per_floor":[79,77,70,70,71,71,54,10,10,37,32,59,59,25,52,20,90,72,63,43,43,22,0],"gold":232,"neow_bonus":"HUNDRED_GOLD","is_prod":false,"is_daily":false,"chose_seed":false,"campfire_upgraded":0,"win_rate":0,"timestamp":1552634903,"path_taken":["M","?","?","?","M","R","M","M","T","R","?","R","?","M","R","BOSS","M","?","?","?","M","E"],"build_version":"2019-01-23","purchased_purges":0,"victory":false,"max_hp_per_floor":[80,90,90,90,90,90,90,90,90,90,90,90,90,90,90,90,90,93,96,96,96,99,99],"card_choices":[{"not_picked":["Havoc","Intimidate","Twin Strike"],"picked":"SKIP","floor":1},{"not_picked":["Sever Soul","Perfected Strike","Iron Wave"],"picked":"SKIP","floor":5},{"not_picked":["Headbutt","Feel No Pain"],"picked":"Inflame","floor":7},{"not_picked":["Blood for Blood","Sword Boomerang","Havoc"],"picked":"SKIP","floor":8},{"not_picked":["Thunderclap","Clash","Body Slam"],"picked":"SKIP","floor":11},{"not_picked":["Evolve","Twin Strike"],"picked":"True Grit","floor":14},{"not_picked":["Double Tap","Dark Embrace"],"picked":"Feed","floor":16},{"not_picked":["Clash","Flex","Perfected Strike"],"picked":"SKIP","floor":18},{"not_picked":["Clothesline","Iron Wave","Hemokinesis"],"picked":"SKIP","floor":19},{"not_picked":["Sword Boomerang","Second Wind","Sever Soul"],"picked":"SKIP","floor":20},{"not_picked":["Dropkick+1","Havoc","Clash"],"picked":"SKIP","floor":22}],"player_experience":75107,"relics_obtained":[{"floor":4,"key":"Vajra"},{"floor":9,"key":"Bronze Scales"}],"event_choices":[{"damage_healed":0,"gold_gain":0,"player_choice":"Success","damage_taken":12,"relics_obtained":["Pear"],"max_hp_gain":0,"max_hp_loss":0,"event_name":"Scrap Ooze","floor":2,"gold_loss":0},{"cards_removed":["Strike_R"],"damage_healed":0,"gold_gain":0,"player_choice":"Card Removal","damage_taken":7,"max_hp_gain":0,"max_hp_loss":0,"event_name":"Golden Wing","floor":3,"gold_loss":0},{"damage_healed":0,"gold_gain":0,"player_choice":"Ignored","damage_taken":0,"max_hp_gain":0,"max_hp_loss":0,"event_name":"Vampires","floor":21,"gold_loss":0}],"is_beta":false,"boss_relics":[{"not_picked":["Cursed Key","Tiny House"],"picked":"Coffee Dripper"}],"items_purged_floors":[],"is_endless":false,"potions_floor_spawned":[7,11,14,16,20,22],"killed_by":"Book of Stabbing","ascension_level":3}