{"gold_per_floor":[112,127,145,145,166,199,199,199,247,67,67,100,100,100,100,198,198,217,236,361,379,379,379,410,422,434,477,504,516,528,550,562,574],"floor_reached":33,"playtime":1816,"items_purged":["Strike_R"],"score":586,"play_id":"ccb183d6-aaf7-4c58-a67b-0746ceee6f6e","local_time":"20190101142904","is_ascension_mode":true,"campfire_choices":[{"data":"Whirlwind","floor":7,"key":"SMITH"},{"data":"Armaments","floor":13,"key":"SMITH"},{"floor":15,"key":"RECALL"},{"data":"Intimidate","floor":23,"key":"SMITH"},{"data":"Rage","floor":25,"key":"SMITH"},{"data":"Shrug It Off","floor":29,"key":"SMITH"},{"data":"Bash","floor":32,"key":"SMITH"}],"neow_cost":"NONE","seed_source_timestamp":5575309765659200,"circlet_count":0,"master_deck":["AscendersBane","Strike_R+1","Strike_R+1","Strike_R+1","Defend_R+1","Defend_R+1","Defend_R+1","Defend_R+1","Bash+1","Twin Strike","Shrug It Off+1","Whirlwind+1","Battle Trance+1","Armaments+1","Iron Wave+1","Dramatic Entrance+1","Thunderclap+1","Immolate+1","Shrug It Off","Intimidate+1","Thunderclap+1","Rage+1","Headbutt+1"],"relics":["Burning Blood","Bloody Idol","Molten Egg 2","CultistMask","Juzu Bracelet","Boot","Coffee Dripper","Thread and Needle","Pantograph","MawBank","Happy Flower","Omamori"],"potions_floor_usage":[6,16,20,24,28,31],"damage_taken":[{"damage":9,"enemies":"2 Louse","floor":1,"turns":4},{"damage":2,"enemies":"Jaw Worm","floor":2,"turns":4},{"damage":0,"enemies":"Cultist","floor":3,"turns":3},{"damage":5,"enemies":"2 Fungi Beasts","floor":5,"turns":3},{"damage":13,"enemies":"Gremlin Nob","floor":6,"turns":3},{"damage":7,"enemies":"3 Sentries","floor":12,"turns":4},{"damage":23,"enemies":"Slime Boss","floor":16,"turns":9},{"damage":0,"enemies":"Chosen","floor":18,"turns":3},{"damage":2,"enemies":"2 Thieves","floor":19,"turns":3},{"damage":0,"enemies":"Colosseum Slavers","floor":20,"turns":1},{"damage":24,"enemies":"Colosseum Nobs","floor":20,"turns":5},{"damage":15,"enemies":"Snake Plant","floor":21,"turns":5},{"damage":62,"enemies":"Book of Stabbing","floor":24,"turns":6},{"damage":20,"enemies":"Slavers","floor":27,"turns":3},{"damage":0,"enemies":"Cultist and Chosen","floor":28,"turns":4},{"damage":4,"enemies":"Centurion and Healer","floor":31,"turns":4},{"damage":73,"enemies":"Automaton","floor":33,"turns":8}],"seed_played":"454650378327858018","potions_obtained":[{"floor":2,"key":"AttackPotion"},{"floor":6,"key":"SkillPotion"},{"floor":16,"key":"Block Potion"},{"floor":19,"key":"FairyPotion"},{"floor":21,"key":"Regen Potion"},{"floor":27,"key":"Explosive Potion"},{"floor":28,"key":"BloodPotion"}],"is_trial":false,"path_per_floor":["M","M","M","?","M","E","R","?","T","$","?","E","R","?","R","B",null,"M","M","?","M","?","R","E","R","T","E","M","R","?","M","R","B"],"character_chosen":"IRONCLAD","items_purchased":["Dramatic Entrance+1"],"campfire_rested":0,"item_purchase_floors":[10],"current_hp_per_floor":[65,69,75,68,68,61,61,61,61,61,61,60,60,60,60,43,62,68,68,50,41,41,41,17,22,27,23,39,44,49,67,68,0],"gold":574,"neow_bonus":"TRANSFORM_CARD","is_prod":false,"is_daily":false,"chose_seed":false,"campfire_upgraded":6,"win_rate":0,"timestamp":1546381744,"path_taken":["M","M","M","?","M","E","R","?","T","$","?","E","R","?","R","BOSS","M","M","?","M","?","R","E","R","T","E","M","R","?","M","R","BOSS"],"build_version":"2018-12-25","purchased_purges":1,"victory":false,"max_hp_per_floor":[75,75,75,68,68,68,68,68,68,68,68,68,68,68,68,68,68,68,68,68,68,68,68,68,68,68,68,68,68,68,68,68,68],"card_choices":[{"not_picked":["Fire Breathing","Sword Boomerang"],"picked":"Shrug It Off","floor":1},{"not_picked":["Flex","Searing Blow"],"picked":"Whirlwind","floor":2},{"not_picked":["Wild Strike","True Grit"],"picked":"Battle Trance","floor":3},{"not_picked":["Clothesline","Wild Strike"],"picked":"Armaments","floor":5},{"not_picked":["Warcry","Clothesline"],"picked":"Iron Wave","floor":6},{"not_picked":["Clothesline+1","Warcry"],"picked":"Thunderclap+1","floor":12},{"not_picked":["Offering","Fiend Fire+1"],"picked":"Immolate+1","floor":16},{"not_picked":["Feel No Pain","Hemokinesis+1"],"picked":"Shrug It Off","floor":18},{"not_picked":["Armaments","Clash+1","Hemokinesis+1"],"picked":"SKIP","floor":19},{"not_picked":["Heavy Blade+1","Sword Boomerang+1"],"picked":"Intimidate","floor":20},{"not_picked":["Infernal Blade+1","Battle Trance"],"picked":"Thunderclap+1","floor":21},{"not_picked":["Twin Strike+1","Reckless Charge+1"],"picked":"Rage","floor":24},{"not_picked":["Perfected Strike+1","Sever Soul+1"],"picked":"Headbutt+1","floor":27},{"not_picked":["Wild Strike+1","Reckless Charge+1","Havoc"],"picked":"SKIP","floor":28},{"not_picked":["Second Wind","Headbutt+1","Uppercut+1"],"picked":"SKIP","floor":31}],"player_experience":3179020,"relics_obtained":[{"floor":6,"key":"Molten Egg 2"},{"floor":9,"key":"Juzu Bracelet"},{"floor":12,"key":"Boot"},{"floor":20,"key":"Thread and Needle"},{"floor":20,"key":"Pantograph"},{"floor":24,"key":"MawBank"},{"floor":26,"key":"Happy Flower"},{"floor":27,"key":"Omamori"}],"event_choices":[{"damage_healed":0,"gold_gain":0,"player_choice":"Lose Max HP","damage_taken":0,"relics_obtained":["Golden Idol"],"max_hp_gain":0,"max_hp_loss":7,"event_name":"Golden Idol","floor":4,"gold_loss":0},{"damage_healed":0,"gold_gain":0,"player_choice":"Trade","damage_taken":0,"relics_obtained":["CultistMask"],"max_hp_gain":0,"max_hp_loss":0,"event_name":"FaceTrader","floor":8,"gold_loss":0},{"damage_healed":0,"gold_gain":0,"player_choice":"Ignored","damage_taken":0,"max_hp_gain":0,"max_hp_loss":0,"event_name":"Liars Game","floor":11,"gold_loss":0},{"damage_healed":0,"gold_gain":0,"player_choice":"Upgraded","damage_taken":0,"max_hp_gain":0,"max_hp_loss":0,"event_name":"Upgrade Shrine","floor":14,"gold_loss":0,"cards_upgraded":["Battle Trance"]},{"damage_healed":0,"gold_gain":0,"player_choice":"Fight","damage_taken":0,"max_hp_gain":0,"max_hp_loss":0,"event_name":"Colosseum","floor":20,"gold_loss":0},{"damage_healed":0,"gold_gain":0,"player_choice":"Fought Nobs","damage_taken":0,"max_hp_gain":0,"max_hp_loss":0,"event_name":"Colosseum","floor":20,"gold_loss":0},{"damage_healed":0,"gold_gain":0,"player_choice":"Gave Idol","damage_taken":0,"relics_obtained":["Bloody Idol"],"max_hp_gain":0,"max_hp_loss":0,"event_name":"Forgotten Altar","floor":22,"relics_lost":["Golden Idol"],"gold_loss":0},{"damage_healed":0,"gold_gain":0,"player_choice":"Simplicity","damage_taken":0,"max_hp_gain":0,"max_hp_loss":0,"event_name":"Back to Basics","floor":30,"gold_loss":0,"cards_upgraded":["Strike_R","Strike_R","Strike_R","Defend_R","Defend_R","Defend_R","Defend_R"]}],"is_beta":true,"boss_relics":[{"not_picked":["Lizard Tail","Pandora\u0027s Box"],"picked":"Coffee Dripper"}],"items_purged_floors":[10],"is_endless":false,"potions_floor_spawned":[2,6,16,19,20,21,27,28],"killed_by":"Automaton","ascension_level":20}