{"gold_per_floor":[115,115,115,115,13,39,39,53,132,157,169,169,169,185,185,306,306,261,261,261,261,261,261,261,261,261,261,261],"floor_reached":28,"playtime":925,"items_purged":["Defend_B"],"score":232,"play_id":"92fa46e3-5dea-4365-afe9-61be930a4919","local_time":"20180831185644","is_ascension_mode":false,"campfire_choices":[{"floor":7,"key":"REST"},{"floor":12,"key":"REST"},{"data":"Zap","floor":15,"key":"SMITH"},{"floor":23,"key":"REST"}],"neow_cost":"PERCENT_DAMAGE","seed_source_timestamp":31619189234583,"circlet_count":0,"master_deck":["Strike_B+1","Strike_B","Strike_B","Defend_B","Defend_B","Defend_B","Zap+1","Dualcast","Electrodynamics+1","Rebound","Streamline","Redo+1","Fission+1","Multi-Cast+1","Tempest+1","Turbo+1","Leap+1","Fusion+1"],"relics":["Cracked Core","Toxic Egg 2","Shuriken","Orichalcum","Golden Idol","Ectoplasm","MutagenicStrength","Regal Pillow"],"potions_floor_usage":[10,20],"damage_taken":[{"damage":0,"enemies":"Small Slimes","floor":1,"turns":2},{"damage":22,"enemies":"3 Sentries","floor":6,"turns":3},{"damage":6,"enemies":"Jaw Worm","floor":8,"turns":2},{"damage":26,"enemies":"Lagavulin","floor":10,"turns":4},{"damage":0,"enemies":"2 Louse","floor":11,"turns":1},{"damage":0,"enemies":"Exordium Wildlife","floor":14,"turns":2},{"damage":7,"enemies":"Slime Boss","floor":16,"turns":7},{"damage":18,"enemies":"2 Thieves","floor":18,"turns":3},{"damage":4,"enemies":"Spheric Guardian","floor":19,"turns":3},{"damage":17,"enemies":"3 Cultists","floor":20,"turns":5},{"damage":9,"enemies":"Snake Plant","floor":21,"turns":3},{"damage":4,"enemies":"Chosen and Byrds","floor":22,"turns":3},{"damage":4,"enemies":"Sentry and Sphere","floor":25,"turns":3},{"damage":9,"enemies":"Snecko","floor":27,"turns":4},{"damage":28,"enemies":"Book of Stabbing","floor":28,"turns":3}],"seed_played":"-922502980736866639","potions_obtained":[{"floor":8,"key":"Fire Potion"},{"floor":11,"key":"LiquidBronze"},{"floor":16,"key":"Weak Potion"},{"floor":18,"key":"Weak Potion"},{"floor":21,"key":"EssenceOfSteel"},{"floor":25,"key":"AttackPotion"}],"is_trial":false,"path_per_floor":["M","?","?","?","$","E","R","M","T","E","M","R","?","M","R","B",null,"M","M","M","M","M","R","?","M","T","M"],"character_chosen":"DEFECT","items_purchased":["Rebound"],"campfire_rested":3,"item_purchase_floors":[5],"current_hp_per_floor":[54,39,32,57,57,35,57,51,51,25,25,47,47,47,47,40,69,51,47,30,21,17,37,37,33,33,24,0],"gold":261,"neow_bonus":"THREE_RARE_CARDS","is_prod":false,"is_daily":false,"chose_seed":false,"campfire_upgraded":1,"win_rate":0,"timestamp":1535756204,"path_taken":["M","?","?","?","$","E","R","M","T","E","?","R","?","M","R","BOSS","M","M","M","M","M","R","?","M","T","M","E"],"build_version":"2018-08-30","purchased_purges":1,"victory":false,"max_hp_per_floor":[75,75,75,75,75,75,75,75,75,75,75,75,69,69,69,69,69,69,69,69,69,69,69,69,69,69,69,69],"card_choices":[{"not_picked":["Thunder Strike","Buffer"],"picked":"Electrodynamics","floor":0},{"not_picked":["Beam Cell","White Noise","Undo"],"picked":"SKIP","floor":1},{"not_picked":["Fusion","Steam"],"picked":"Streamline","floor":6},{"not_picked":["Ball Lightning","Beam Cell"],"picked":"Redo+1","floor":8},{"not_picked":["Self Repair","Redo+1"],"picked":"Fission+1","floor":10},{"not_picked":["Stack+1","Go for the Eyes","Gash"],"picked":"SKIP","floor":11},{"not_picked":["Skim+1","Self Repair","Gash"],"picked":"SKIP","floor":14},{"not_picked":["Hyperbeam","Machine Learning"],"picked":"Multi-Cast+1","floor":16},{"not_picked":["Cold Snap","Heatsinks+1"],"picked":"Tempest+1","floor":18},{"not_picked":["Reinforced Body+1","Redo+1"],"picked":"Turbo+1","floor":19},{"not_picked":["Barrage","Beam Cell"],"picked":"Leap+1","floor":20},{"not_picked":["Turbo+1","Redo+1","Fusion+1"],"picked":"SKIP","floor":21},{"not_picked":["Force Field+1","Recycle+1","Streamline"],"picked":"SKIP","floor":22},{"not_picked":["Chaos+1","Compile Driver"],"picked":"Fusion+1","floor":25},{"not_picked":["Defragment","BootSequence+1","Ball Lightning"],"picked":"SKIP","floor":27}],"player_experience":319035,"relics_obtained":[{"floor":6,"key":"Toxic Egg 2"},{"floor":9,"key":"Shuriken"},{"floor":10,"key":"Orichalcum"},{"floor":26,"key":"Regal Pillow"}],"event_choices":[{"event_name":"Shining Light","player_choice":"Entered Light","floor":2,"damage_taken":0},{"event_name":"Golden Wing","player_choice":"Card Removal","floor":3,"damage_taken":0},{"event_name":"Big Fish","player_choice":"Banana","floor":4,"damage_taken":0},{"event_name":"Golden Idol","player_choice":"Lose Max HP","floor":13,"damage_taken":0},{"event_name":"Drug Dealer","player_choice":"Inject Mutagens","floor":24,"damage_taken":0}],"is_beta":false,"boss_relics":[{"not_picked":["Black Star","Calling Bell"],"picked":"Ectoplasm"}],"items_purged_floors":[5],"is_endless":false,"potions_floor_spawned":[8,11,16,18,21,25],"killed_by":"Book of Stabbing","ascension_level":0}