{"path_per_floor":["M","M","M","M","?","R","M","R","T","?","M","R","M","M","R"],"character_chosen":"IRONCLAD","items_purchased":[],"gold_per_floor":[111,124,134,146,96,96,108,108,132,207,220,220,239,249,249,249],"floor_reached":16,"campfire_rested":2,"playtime":713,"item_purchase_floors":[],"current_hp_per_floor":[80,80,80,76,76,76,77,80,80,69,64,80,77,80,80,0],"items_purged":[],"gold":249,"score":96,"play_id":"f998c194-6e37-494b-a516-76498873261e","local_time":"20180618195044","is_prod":false,"is_daily":false,"chose_seed":false,"is_ascension_mode":false,"campfire_upgraded":2,"win_rate":0.0,"timestamp":1529365844,"campfire_choices":[{"data":"Blood for Blood","floor":6,"key":"SMITH"},{"floor":8,"key":"REST"},{"floor":12,"key":"REST"},{"data":"Wild Strike","floor":15,"key":"SMITH"}],"path_taken":["M","M","M","M","?","R","M","R","T","?","M","R","?","M","R","BOSS"],"build_version":"2018-06-14v2","seed_source_timestamp":256885688425607,"purchased_purges":0,"victory":false,"master_deck":["Strike_R","Strike_R","Strike_R","Strike_R","Defend_R","Defend_R","Defend_R","Defend_R","Bash","Thunderclap","Wild Strike+1","Blood for Blood+1","Iron Wave","Headbutt"],"max_hp_per_floor":[80,80,80,80,80,80,80,80,80,80,80,80,80,80,80,80],"relics":["Burning Blood","Anchor","Potion Belt"],"card_choices":[{"not_picked":["Whirlwind","Shrug It Off"],"picked":"Thunderclap","floor":1},{"not_picked":["Feel No Pain","Evolve"],"picked":"Wild Strike","floor":2},{"not_picked":["Rupture","Corruption"],"picked":"Blood for Blood","floor":3},{"not_picked":["Bloodletting","Evolve","Pummel"],"picked":"SKIP","floor":4},{"not_picked":["Wild Strike","Heavy Blade"],"picked":"Iron Wave","floor":7},{"not_picked":["Feel No Pain","Corruption","Body Slam"],"picked":"SKIP","floor":11},{"not_picked":["Clothesline","Armaments"],"picked":"Headbutt","floor":13},{"not_picked":["Clash","Evolve","Twin Strike"],"picked":"SKIP","floor":14}],"player_experience":106932,"potions_floor_usage":[14,16,16],"damage_taken":[{"damage":0,"enemies":"2 Louse","floor":1,"turns":3},{"damage":0,"enemies":"Small Slimes","floor":2,"turns":3},{"damage":1,"enemies":"Jaw Worm","floor":3,"turns":2},{"damage":10,"enemies":"Looter","floor":4,"turns":4},{"damage":5,"enemies":"Exordium Wildlife","floor":7,"turns":3},{"damage":11,"enemies":"Red Slaver","floor":11,"turns":4},{"damage":9,"enemies":"2 Fungi Beasts","floor":13,"turns":3},{"damage":0,"enemies":"Looter","floor":14,"turns":2},{"damage":80,"enemies":"The Guardian","floor":16,"turns":7}],"relics_obtained":[{"floor":9,"key":"Potion Belt"}],"event_choices":[{"event_name":"The Cleric","player_choice":"Card Removal","floor":5,"damage_taken":0},{"event_name":"World of Goop","player_choice":"Gather Gold","floor":10,"damage_taken":0}],"boss_relics":[],"items_purged_floors":[],"is_endless":false,"potions_floor_spawned":[1,4,11,14],"seed_played":"-8128822088685685063","killed_by":"The Guardian","ascension_level":0,"potions_obtained":[{"floor":1,"key":"Poison Potion"},{"floor":4,"key":"Weak Potion"},{"floor":11,"key":"Regen Potion"},{"floor":14,"key":"Swift Potion"}],"is_trial":false}