{"gold_per_floor":[111,126,142,152,162,196,208,208],"floor_reached":8,"playtime":543,"items_purged":[],"score":118,"play_id":"346a59e1-b32f-4dde-96b6-76860a5748c6","local_time":"20190315232443","is_ascension_mode":true,"campfire_choices":[],"neow_cost":"TEN_PERCENT_HP_LOSS","seed_source_timestamp":885414206628618,"circlet_count":0,"master_deck":["AscendersBane","Strike_R","Strike_R","Strike_R","Strike_R","Strike_R","Defend_R","Defend_R","Defend_R+1","Defend_R+1","Bash","Clothesline","Rupture","Pommel Strike","Offering","Sword Boomerang","Shrug It Off","Thunderclap"],"relics":["Burning Blood","Shovel","War Paint"],"potions_floor_usage":[6],"damage_taken":[{"damage":12,"enemies":"Cultist","floor":1,"turns":4},{"damage":3,"enemies":"2 Louse","floor":2,"turns":3},{"damage":12,"enemies":"Jaw Worm","floor":3,"turns":3},{"damage":8,"enemies":"3 Louse","floor":4,"turns":4},{"damage":11,"enemies":"2 Fungi Beasts","floor":5,"turns":3},{"damage":56,"enemies":"3 Sentries","floor":6,"turns":9},{"damage":0,"enemies":"Exordium Wildlife","floor":7,"turns":4},{"damage":27,"enemies":"Gremlin Gang","floor":8,"turns":2}],"seed_played":"2001882452288467237","potions_obtained":[{"floor":2,"key":"Regen Potion"},{"floor":6,"key":"FearPotion"}],"is_trial":false,"path_per_floor":["M","M","M","M","M","E","M","M"],"character_chosen":"IRONCLAD","items_purchased":[],"campfire_rested":0,"item_purchase_floors":[],"current_hp_per_floor":[62,65,59,57,52,17,23,0],"gold":208,"neow_bonus":"ONE_RARE_RELIC","is_prod":false,"is_daily":false,"chose_seed":false,"campfire_upgraded":0,"win_rate":0,"timestamp":1552717483,"path_taken":["M","M","M","?","M","E","M","M"],"build_version":"2019-01-23","purchased_purges":0,"victory":false,"max_hp_per_floor":[68,68,68,68,68,68,68,68],"card_choices":[{"not_picked":["Body Slam","Pommel Strike"],"picked":"Clothesline","floor":1},{"not_picked":["Wild Strike","Body Slam"],"picked":"Rupture","floor":2},{"not_picked":["Twin Strike","Rampage"],"picked":"Pommel Strike","floor":3},{"not_picked":["Entrench","Havoc"],"picked":"Offering","floor":4},{"not_picked":["Pommel Strike","Rampage"],"picked":"Sword Boomerang","floor":5},{"not_picked":["Bloodletting","Hemokinesis"],"picked":"Shrug It Off","floor":6},{"not_picked":["Iron Wave","Havoc"],"picked":"Thunderclap","floor":7}],"player_experience":619660,"relics_obtained":[{"floor":6,"key":"War Paint"}],"event_choices":[],"is_beta":false,"boss_relics":[],"items_purged_floors":[],"is_endless":false,"potions_floor_spawned":[2,6],"killed_by":"Gremlin Gang","ascension_level":18}