{"gold_per_floor":[361,3,78,78,97,132,82,82,82,82,93,93,106,120,120,217,217,228,2,2,18,18,47,47,47,121,121,121,121,136,136,136,240,240,260,260,274,274,294,294,327,327,327,327,327,352,352,19,19,19],"floor_reached":51,"playtime":1047,"items_purged":["Strike_R","Strike_R"],"score":742,"play_id":"85a4b0ff-b7a4-4b8c-a767-1420ef495005","local_time":"20190408141828","is_ascension_mode":false,"campfire_choices":[{"data":"Double Tap","floor":8.0,"key":"SMITH"},{"data":"Carnage","floor":10.0,"key":"SMITH"},{"data":"Bash","floor":12.0,"key":"SMITH"},{"data":"Headbutt","floor":15.0,"key":"SMITH"},{"data":"Limit Break","floor":24.0,"key":"SMITH"},{"data":"Finesse","floor":29.0,"key":"SMITH"},{"floor":32.0,"key":"REST"},{"floor":40,"key":"REST"},{"floor":42,"key":"RECALL"},{"floor":45,"key":"REST"},{"floor":49,"key":"REST"}],"neow_cost":"TEN_PERCENT_HP_LOSS","seed_source_timestamp":10969315686710,"circlet_count":0,"master_deck":["Strike_R","Strike_R","Strike_R","Defend_R","Defend_R","Defend_R","Defend_R","Bash+1","Headbutt+1","Carnage+1","Double Tap+1","Headbutt+1","Clothesline+1","Rampage+1","Limit Break+1","Twin Strike+1","Bash+1","Whirlwind+1","Metallicize+1","Double Tap+1","Immolate+1","Intimidate+1","Blind","Good Instincts","Secret Weapon","Pommel Strike+1","Offering","Uppercut+1"],"special_seed":0,"relics":["Burning Blood","Juzu Bracelet","Toolbox","Self Forming Clay","Ginger","Molten Egg 2","Busted Crown","PreservedInsect","Champion Belt","Matryoshka","Fusion Hammer","Bottled Flame","Orichalcum","Bottled Tornado","Charon\u0027s Ashes","Bronze Scales"],"potions_floor_usage":[50,50],"damage_taken":[{"damage":2.0,"enemies":"Small Slimes","floor":1.0,"turns":4.0},{"damage":5.0,"enemies":"2 Louse","floor":5.0,"turns":2.0},{"damage":0.0,"enemies":"Gremlin Nob","floor":6.0,"turns":2.0},{"damage":6.0,"enemies":"Jaw Worm","floor":11.0,"turns":2.0},{"damage":8.0,"enemies":"Gremlin Gang","floor":13.0,"turns":3.0},{"damage":1.0,"enemies":"Exordium Wildlife","floor":14.0,"turns":3.0},{"damage":34.0,"enemies":"Hexaghost","floor":16.0,"turns":5.0},{"damage":5.0,"enemies":"Chosen","floor":18.0,"turns":3.0},{"damage":5.0,"enemies":"Shell Parasite","floor":21.0,"turns":2.0},{"damage":22.0,"enemies":"Gremlin Leader","floor":23.0,"turns":3.0},{"damage":6.0,"enemies":"Centurion and Healer","floor":30.0,"turns":3.0},{"damage":24.0,"enemies":"Collector","floor":33.0,"turns":5.0},{"damage":23,"enemies":"3 Shapes","floor":35,"turns":3},{"damage":4,"enemies":"3 Darklings","floor":37,"turns":3},{"damage":5,"enemies":"Transient","floor":39,"turns":5},{"damage":5,"enemies":"Giant Head","floor":41,"turns":5},{"damage":9,"enemies":"Nemesis","floor":46,"turns":3},{"damage":36,"enemies":"Awakened One","floor":50,"turns":8}],"seed_played":"1430275349986014603","potions_obtained":[{"floor":5.0,"key":"Fire Potion"},{"floor":6.0,"key":"FearPotion"},{"floor":16.0,"key":"SteroidPotion"},{"floor":18.0,"key":"FearPotion"},{"floor":33.0,"key":"Fire Potion"},{"floor":39,"key":"GamblersBrew"},{"floor":46,"key":"SkillPotion"}],"is_trial":false,"path_per_floor":["M","$","?","?","M","E","?","R","T","R","M","R","M","M","R","B",null,"M","$","?","M","?","E","R","$","T","?","?","R","M","?","R","B",null,"M","?","M","?","M","R","E","R","T","?","R","E","?","$","R","B",null],"character_chosen":"IRONCLAD","items_purchased":["Juzu Bracelet","Toolbox","PreservedInsect","Uppercut+1","Bronze Scales"],"campfire_rested":4,"item_purchase_floors":[2,2,19,48,48],"current_hp_per_floor":[72,72,61,61,62,68,68,68,68,68,68,68,66,71,71,43,72,72,72,72,72,72,56,56,56,56,56,56,56,56,43,66,48,77,60,50,52,52,53,76,77,77,77,77,77,74,74,74,77,47],"gold":19,"neow_bonus":"TWO_FIFTY_GOLD","is_prod":false,"is_daily":false,"chose_seed":false,"campfire_upgraded":6,"win_rate":0,"timestamp":1554754708,"path_taken":["M","$","?","?","M","E","?","R","T","R","M","R","M","M","R","BOSS","M","$","?","M","?","E","R","$","T","?","?","R","M","?","R","BOSS","M","?","M","?","M","R","E","R","T","?","R","E","?","$","R","BOSS"],"build_version":"2019-01-23","purchased_purges":2,"victory":true,"max_hp_per_floor":[72,72,72,72,72,72,72,72,72,72,72,72,72,72,72,72,72,72,72,72,72,72,72,72,72,72,72,72,72,72,77,77,77,77,77,77,77,77,77,77,77,77,77,77,77,77,77,77,77,77],"card_choices":[{"not_picked":["Infernal Blade","Cleave"],"picked":"Headbutt","floor":1.0},{"not_picked":["Clothesline","Armaments"],"picked":"Carnage","floor":5.0},{"not_picked":["Perfected Strike","Infernal Blade"],"picked":"Double Tap","floor":6.0},{"not_picked":["Clash+1","Cleave+1"],"picked":"Headbutt+1","floor":11.0},{"not_picked":["Seeing Red","Heavy Blade+1"],"picked":"Clothesline+1","floor":13.0},{"not_picked":["Clothesline+1","Perfected Strike+1"],"picked":"Rampage+1","floor":14.0},{"not_picked":["Dark Embrace","Berserk"],"picked":"Limit Break","floor":16.0},{"not_picked":[],"picked":"Twin Strike+1","floor":18.0},{"not_picked":["Cleave+1"],"picked":"SKIP","floor":21.0},{"not_picked":[],"picked":"Metallicize+1","floor":23.0},{"not_picked":["Burning Pact"],"picked":"SKIP","floor":30.0},{"not_picked":[],"picked":"Immolate+1","floor":33.0},{"not_picked":[],"picked":"Intimidate+1","floor":35},{"not_picked":[],"picked":"Blind","floor":36},{"not_picked":[],"picked":"Good Instincts","floor":36},{"not_picked":[],"picked":"Secret Weapon","floor":36},{"not_picked":["Carnage+1"],"picked":"SKIP","floor":37},{"not_picked":["Pommel Strike+1"],"picked":"SKIP","floor":39},{"not_picked":[],"picked":"Pommel Strike+1","floor":39},{"not_picked":["Power Through+1"],"picked":"SKIP","floor":41},{"not_picked":["Twin Strike+1"],"picked":"SKIP","floor":46}],"player_experience":1162079,"relics_obtained":[{"floor":6.0,"key":"Ginger"},{"floor":9.0,"key":"Molten Egg 2"},{"floor":23.0,"key":"Champion Belt"},{"floor":26.0,"key":"Matryoshka"},{"floor":41,"key":"Bottled Flame"},{"floor":43,"key":"Orichalcum"},{"floor":43,"key":"Bottled Tornado"},{"floor":46,"key":"Charon\u0027s Ashes"}],"event_choices":[{"damage_healed":0.0,"max_hp_gain":0.0,"max_hp_loss":0.0,"gold_gain":75.0,"event_name":"World of Goop","player_choice":"Gather Gold","floor":3.0,"gold_loss":0.0,"damage_taken":11.0},{"damage_healed":0.0,"max_hp_gain":0.0,"max_hp_loss":0.0,"gold_gain":0.0,"event_name":"Big Fish","player_choice":"Box","floor":4.0,"gold_loss":0.0,"damage_taken":0.0,"relics_obtained":["Self Forming Clay"],"cards_obtained":["Regret"]},{"cards_removed":["Regret"],"damage_healed":0.0,"max_hp_gain":0.0,"max_hp_loss":0.0,"gold_gain":0.0,"event_name":"The Cleric","player_choice":"Card Removal","floor":7.0,"gold_loss":50.0,"damage_taken":0.0},{"damage_healed":0.0,"max_hp_gain":0.0,"max_hp_loss":0.0,"gold_gain":0.0,"event_name":"Vampires","player_choice":"Ignored","floor":20.0,"gold_loss":0.0,"damage_taken":0.0},{"damage_healed":0.0,"max_hp_gain":0.0,"max_hp_loss":0.0,"gold_gain":0.0,"event_name":"Match and Keep!","player_choice":"3 cards matched","floor":22.0,"gold_loss":0.0,"damage_taken":0.0,"cards_obtained":["Bash","Finesse","Whirlwind"]},{"damage_healed":0.0,"max_hp_gain":0.0,"max_hp_loss":0.0,"gold_gain":0.0,"event_name":"Ghosts","player_choice":"Ignored","floor":27.0,"gold_loss":0.0,"damage_taken":0.0},{"damage_healed":0.0,"max_hp_gain":0.0,"max_hp_loss":0.0,"gold_gain":0.0,"event_name":"Duplicator","player_choice":"Copied","floor":28.0,"gold_loss":0.0,"damage_taken":0.0,"cards_obtained":["Double Tap"]},{"damage_healed":0.0,"max_hp_gain":5.0,"max_hp_loss":0.0,"gold_gain":0.0,"event_name":"Forgotten Altar","player_choice":"Shed Blood","floor":31.0,"gold_loss":0.0,"damage_taken":18.0},{"damage_healed":0,"gold_gain":0,"player_choice":"Memory 3","damage_taken":10,"max_hp_gain":0,"max_hp_loss":0,"event_name":"SensoryStone","floor":36,"gold_loss":0},{"damage_healed":0,"gold_gain":0,"player_choice":"Ignored","damage_taken":0,"max_hp_gain":0,"max_hp_loss":0,"event_name":"Tomb of Lord Red Mask","floor":38,"gold_loss":0},{"damage_healed":0,"gold_gain":0,"player_choice":"1 cards matched","damage_taken":0,"max_hp_gain":0,"max_hp_loss":0,"event_name":"Match and Keep!","floor":44,"gold_loss":0,"cards_obtained":["Offering"]},{"cards_removed":["Finesse"],"damage_healed":0,"gold_gain":0,"player_choice":"Removed Skill","damage_taken":0,"max_hp_gain":0,"max_hp_loss":0,"event_name":"Falling","floor":47,"gold_loss":0}],"is_beta":false,"boss_relics":[{"not_picked":["Ectoplasm","Mark of Pain"],"picked":"Busted Crown"},{"not_picked":["Calling Bell","Empty Cage"],"picked":"Fusion Hammer"}],"items_purged_floors":[19,48],"is_endless":false,"potions_floor_spawned":[5,6,16,18,33,39,46],"ascension_level":0}