{"gold_per_floor":[114,39,54,54,69,69,399,399,399,399,414,444,459,459,459,559,559,544,195,195,195,210,240,252,279,291,303,315,357,384,411,423,535,547,574,601,628,429,438,468,483,483,483,583,598,613,628,643,643,643],"floor_reached":51,"playtime":2420,"items_purged":["Thunder Strike+1"],"score":831,"play_id":"d2ec2cbf-a46f-41ff-b816-0d7d906a5fcc","local_time":"20190415204515","daily_mods":["Heirloom","Blue Cards","Binary"],"is_ascension_mode":false,"campfire_choices":[{"data":"Limit Break","floor":6.0,"key":"SMITH"},{"data":"Inflame","floor":8.0,"key":"SMITH"},{"data":"1","floor":10.0,"key":"LIFT"},{"data":"2","floor":15.0,"key":"LIFT"},{"floor":24,"key":"REST"},{"data":"3","floor":27,"key":"LIFT"},{"data":"Heavy Blade","floor":32,"key":"SMITH"},{"data":"Heavy Blade","floor":42,"key":"SMITH"},{"data":"Flex","floor":49,"key":"SMITH"}],"neow_cost":"","seed_source_timestamp":0,"circlet_count":0,"master_deck":["Strike_R","Strike_R","Strike_R","Defend_R","Defend_R","Defend_R","Defend_R","Bash","Shrug It Off","Limit Break+1","Conserve Battery","Feel No Pain","Inflame+1","Hologram","Reaper","Seeing Red","Flex+1","Heavy Blade+1","Limit Break+1","Battle Trance","Armaments+1","Glacier+1","Uppercut","Heavy Blade+1","Metallicize"],"special_seed":18000,"relics":["Burning Blood","Charon\u0027s Ashes","Old Coin","Girya","The Courier","Meat on the Bone","Sozu","ClockworkSouvenir","Bag of Preparation","Singing Bowl","MawBank","Du-Vu Doll","Bag of Marbles","Astrolabe","Lantern","StoneCalendar","Blood Vial","Paper Frog"],"potions_floor_usage":[50,50],"damage_taken":[{"damage":1.0,"enemies":"Jaw Worm","floor":1.0,"turns":6.0},{"damage":0.0,"enemies":"Small Slimes","floor":3.0,"turns":6.0},{"damage":0.0,"enemies":"2 Louse","floor":5.0,"turns":4.0},{"damage":14.0,"enemies":"3 Sentries","floor":7.0,"turns":8.0},{"damage":9.0,"enemies":"Large Slime","floor":11.0,"turns":6.0},{"damage":24.0,"enemies":"Lagavulin","floor":12.0,"turns":6.0},{"damage":6.0,"enemies":"Lots of Slimes","floor":13.0,"turns":3.0},{"damage":37.0,"enemies":"The Guardian","floor":16.0,"turns":10.0},{"damage":27,"enemies":"2 Thieves","floor":18,"turns":4},{"damage":12,"enemies":"3 Byrds","floor":22,"turns":3},{"damage":41,"enemies":"Book of Stabbing","floor":23,"turns":5},{"damage":8,"enemies":"Snake Plant","floor":25,"turns":4},{"damage":35,"enemies":"Slavers","floor":29,"turns":5},{"damage":0,"enemies":"Centurion and Healer","floor":30,"turns":4},{"damage":5,"enemies":"Cultist and Chosen","floor":31,"turns":5},{"damage":26,"enemies":"Champ","floor":33,"turns":4},{"damage":24,"enemies":"Orb Walker","floor":35,"turns":5},{"damage":15,"enemies":"3 Darklings","floor":36,"turns":6},{"damage":22,"enemies":"Jaw Worm Horde","floor":37,"turns":4},{"damage":7,"enemies":"2 Orb Walkers","floor":39,"turns":2},{"damage":40,"enemies":"Nemesis","floor":40,"turns":5},{"damage":9,"enemies":"4 Shapes","floor":41,"turns":3},{"damage":8,"enemies":"Maw","floor":45,"turns":5},{"damage":0,"enemies":"Jaw Worm Horde","floor":46,"turns":4},{"damage":6,"enemies":"Spire Growth","floor":47,"turns":3},{"damage":7,"enemies":"4 Shapes","floor":48,"turns":4},{"damage":71,"enemies":"Donu and Deca","floor":50,"turns":7}],"seed_played":"-6873937662443283493","potions_obtained":[{"floor":5.0,"key":"FearPotion"},{"floor":7.0,"key":"Explosive Potion"},{"floor":13.0,"key":"Ancient Potion"}],"is_trial":false,"path_per_floor":["M","$","M","?","M","R","E","R","T","R","M","E","M","T","R","B",null,"M","$","?","?","M","E","R","M","T","R","?","E","M","M","R","B",null,"M","M","M","$","?","E","M","R","T","?","M","M","M","M","R","B",null],"character_chosen":"IRONCLAD","items_purchased":["Limit Break","Flex","Corruption","ClockworkSouvenir","Bag of Preparation","Lantern","Metallicize"],"campfire_rested":1,"item_purchase_floors":[2,19,19,19,19,38,38],"current_hp_per_floor":[80,80,80,85,85,85,77,77,77,77,74,56,56,56,56,37,85,79,79,79,79,87,54,80,81,81,81,81,76,93,93,93,95,95,94,97,97,97,99,67,103,103,103,103,103,107,109,111,111,58],"gold":643,"neow_bonus":"","is_prod":false,"is_daily":true,"chose_seed":false,"campfire_upgraded":5,"win_rate":0,"timestamp":1555375515,"path_taken":["M","$","M","?","M","R","E","R","T","R","M","E","M","?","R","BOSS","M","$","?","?","M","E","R","M","T","R","?","E","M","M","R","BOSS","M","?","M","$","?","E","M","R","T","?","M","?","M","M","R","BOSS"],"build_version":"2019-01-23","purchased_purges":1,"victory":true,"max_hp_per_floor":[80,80,80,85,85,85,85,85,85,85,85,85,85,85,85,85,85,85,85,85,85,87,89,89,89,89,89,89,91,93,93,93,95,95,95,97,97,97,99,101,103,103,103,103,105,107,109,111,111,111],"card_choices":[{"not_picked":["Warcry"],"picked":"Shrug It Off","floor":1.0},{"not_picked":["Anger"],"picked":"Conserve Battery","floor":3.0},{"not_picked":["Reprogram"],"picked":"Feel No Pain","floor":5.0},{"not_picked":["Iron Wave"],"picked":"Inflame","floor":7.0},{"not_picked":["True Grit","Redo"],"picked":"SKIP","floor":11.0},{"not_picked":["Flame Barrier","Genetic Algorithm"],"picked":"SKIP","floor":12.0},{"not_picked":["Undo"],"picked":"Hologram","floor":13.0},{"not_picked":["Bludgeon"],"picked":"Reaper","floor":16.0},{"not_picked":["Shrug It Off"],"picked":"Seeing Red","floor":18},{"not_picked":["Leap","Rebound+1"],"picked":"Singing Bowl","floor":22},{"not_picked":["Headbutt","Compile Driver"],"picked":"Singing Bowl","floor":23},{"not_picked":["Pommel Strike"],"picked":"Heavy Blade","floor":25},{"not_picked":["Second Wind","Stack+1"],"picked":"Singing Bowl","floor":29},{"not_picked":["Twin Strike","Perfected Strike"],"picked":"Singing Bowl","floor":30},{"not_picked":["Iron Wave"],"picked":"Battle Trance","floor":31},{"not_picked":["Hyperbeam","Biased Cognition"],"picked":"Singing Bowl","floor":33},{"not_picked":["Leap"],"picked":"Uppercut","floor":35},{"not_picked":["FTL","Leap"],"picked":"Singing Bowl","floor":36},{"not_picked":["Twin Strike"],"picked":"Heavy Blade","floor":37},{"not_picked":["Consume","Wild Strike"],"picked":"Singing Bowl","floor":39},{"not_picked":["Armaments","Flame Barrier+1"],"picked":"Singing Bowl","floor":40},{"not_picked":["Gash+1","Twin Strike+1"],"picked":"Singing Bowl","floor":41},{"not_picked":["Ball Lightning+1","Coolheaded+1"],"picked":"Singing Bowl","floor":45},{"not_picked":["Rampage","Armaments+1"],"picked":"Singing Bowl","floor":46},{"not_picked":["Stack+1","Rage"],"picked":"Singing Bowl","floor":47},{"not_picked":["Clash+1","Havoc+1"],"picked":"Singing Bowl","floor":48}],"player_experience":254986,"relics_obtained":[{"floor":7.0,"key":"Old Coin"},{"floor":9.0,"key":"Girya"},{"floor":12.0,"key":"The Courier"},{"floor":14.0,"key":"Meat on the Bone"},{"floor":23,"key":"MawBank"},{"floor":26,"key":"Du-Vu Doll"},{"floor":29,"key":"Bag of Marbles"},{"floor":39,"key":"StoneCalendar"},{"floor":40,"key":"Blood Vial"},{"floor":43,"key":"Paper Frog"}],"event_choices":[{"damage_healed":0.0,"max_hp_gain":5.0,"max_hp_loss":0.0,"gold_gain":0.0,"event_name":"Big Fish","player_choice":"Donut","floor":4.0,"gold_loss":0.0,"damage_taken":0.0},{"damage_healed":0,"gold_gain":0,"player_choice":"Ignored","damage_taken":0,"max_hp_gain":0,"max_hp_loss":0,"event_name":"Ghosts","floor":20,"gold_loss":0},{"damage_healed":0,"gold_gain":0,"player_choice":"Opened","damage_taken":0,"relics_obtained":["Singing Bowl"],"max_hp_gain":0,"max_hp_loss":0,"event_name":"The Mausoleum","floor":21,"gold_loss":0},{"damage_healed":0,"gold_gain":0,"player_choice":"Copied","damage_taken":0,"max_hp_gain":0,"max_hp_loss":0,"event_name":"Duplicator","floor":28,"gold_loss":0,"cards_obtained":["Limit Break"]},{"damage_healed":0,"gold_gain":0,"player_choice":"Fight","damage_taken":0,"max_hp_gain":0,"max_hp_loss":0,"event_name":"Mysterious Sphere","floor":39,"gold_loss":0},{"damage_healed":0,"gold_gain":100,"player_choice":"Pray","damage_taken":0,"max_hp_gain":0,"max_hp_loss":0,"event_name":"Golden Shrine","floor":44,"gold_loss":0}],"is_beta":false,"boss_relics":[{"not_picked":["Fusion Hammer","Runic Dome"],"picked":"Sozu"},{"not_picked":["Cursed Key","Eternal Feather"],"picked":"Astrolabe"}],"items_purged_floors":[38],"is_endless":false,"potions_floor_spawned":[5,7,13,18,22,25,33,35,36,37,46],"ascension_level":0}