{"gold_per_floor":[110,285,235,248,248,281,281,281,281,291,301,301,177,197,197,297,297,316,334,284,284,300,300,311,311,311,326,339,339,359,376,376,477,477,494,511,538,538,538],"floor_reached":39,"playtime":2068,"items_purged":["Strike_R","Strike_R"],"score":472,"play_id":"fd493863-413b-49d1-adda-a8d4f3ce4dc6","local_time":"20190331151250","is_ascension_mode":true,"campfire_choices":[{"data":"Armaments","floor":7,"key":"SMITH"},{"data":"Anger","floor":12,"key":"SMITH"},{"data":"Armaments","floor":15,"key":"SMITH"},{"data":"Limit Break","floor":23,"key":"SMITH"},{"data":"Fire Breathing","floor":25,"key":"SMITH"},{"floor":32,"key":"REST"}],"neow_cost":"NONE","seed_source_timestamp":494205080592368,"circlet_count":0,"master_deck":["Defend_R","Defend_R","Bash","Ghostly Armor","Anger+1","Armaments+1","Inflame","Armaments+1","Limit Break+1","Rage+1","Fire Breathing+1","Inflame","Spot Weakness+1","Feed","Evolve+1","Headbutt+1","Iron Wave+1","Heavy Blade"],"relics":["Burning Blood","Strawberry","Smiling Mask","Happy Flower","Runic Pyramid","Astrolabe","Anchor","Blue Candle"],"potions_floor_usage":[16,30,30,31,33],"damage_taken":[{"damage":2,"enemies":"Jaw Worm","floor":1,"turns":3},{"damage":1,"enemies":"2 Louse","floor":4,"turns":3},{"damage":50,"enemies":"3 Sentries","floor":6,"turns":13},{"damage":0,"enemies":"Cultist","floor":10,"turns":3},{"damage":3,"enemies":"Blue Slaver","floor":11,"turns":3},{"damage":0,"enemies":"Large Slime","floor":14,"turns":5},{"damage":31,"enemies":"The Guardian","floor":16,"turns":11},{"damage":0,"enemies":"Chosen","floor":18,"turns":5},{"damage":19,"enemies":"Spheric Guardian","floor":19,"turns":6},{"damage":8,"enemies":"Centurion and Healer","floor":22,"turns":5},{"damage":10,"enemies":"Snake Plant","floor":24,"turns":5},{"damage":11,"enemies":"Snecko","floor":27,"turns":5},{"damage":30,"enemies":"Sentry and Sphere","floor":28,"turns":7},{"damage":0,"enemies":"Centurion and Healer","floor":30,"turns":4},{"damage":23,"enemies":"Snake Plant","floor":31,"turns":4},{"damage":46,"enemies":"Automaton","floor":33,"turns":9},{"damage":49,"enemies":"3 Shapes","floor":35,"turns":4},{"damage":42,"enemies":"3 Darklings","floor":36,"turns":5},{"damage":12,"enemies":"Writhing Mass","floor":39,"turns":3}],"seed_played":"1780478838215725039","potions_obtained":[{"floor":6,"key":"Weak Potion"},{"floor":10,"key":"Energy Potion"},{"floor":14,"key":"Swift Potion"},{"floor":19,"key":"Energy Potion"},{"floor":22,"key":"Explosive Potion"},{"floor":27,"key":"Fire Potion"},{"floor":30,"key":"Fire Potion"}],"is_trial":false,"path_per_floor":["M","?","?","M","T","E","R","?","T","M","M","R","$","M","R","B",null,"M","M","$","?","M","R","M","R","T","M","M","?","M","M","R","B",null,"M","M","T","?","M"],"character_chosen":"IRONCLAD","items_purchased":["Inflame"],"campfire_rested":1,"item_purchase_floors":[13],"current_hp_per_floor":[80,80,80,80,87,43,43,36,36,42,45,45,45,51,51,26,87,87,74,74,74,72,72,68,68,68,63,39,39,45,28,54,14,87,48,12,12,12,0],"gold":538,"neow_bonus":"THREE_CARDS","is_prod":false,"is_daily":false,"chose_seed":false,"campfire_upgraded":5,"win_rate":0,"timestamp":1554059570,"path_taken":["M","?","?","?","?","E","R","?","T","M","M","R","$","M","R","BOSS","M","M","$","?","?","R","M","R","T","M","M","?","M","M","R","BOSS","M","M","?","?","?"],"build_version":"2019-01-23","purchased_purges":2,"victory":false,"max_hp_per_floor":[80,80,80,80,87,87,87,87,87,87,87,87,87,87,87,87,87,87,87,87,87,87,87,87,87,87,87,87,87,87,87,87,87,87,91,91,91,91,91],"card_choices":[{"not_picked":["Iron Wave","Clothesline"],"picked":"Anger","floor":0},{"not_picked":["Clothesline","Cleave"],"picked":"Ghostly Armor","floor":1},{"not_picked":["Cleave","Clothesline"],"picked":"Anger","floor":4},{"not_picked":["Clothesline","Hemokinesis"],"picked":"Armaments","floor":6},{"not_picked":["Entrench","Headbutt","Uppercut"],"picked":"SKIP","floor":10},{"not_picked":["Entrench","Iron Wave","Evolve"],"picked":"SKIP","floor":11},{"not_picked":["Havoc","Dropkick"],"picked":"Armaments","floor":14},{"not_picked":["Bludgeon","Juggernaut"],"picked":"Limit Break","floor":16},{"not_picked":["True Grit","Bloodletting","Sword Boomerang"],"picked":"SKIP","floor":18},{"not_picked":["Twin Strike","Burning Pact"],"picked":"Rage+1","floor":19},{"not_picked":["Perfected Strike","Pommel Strike","Sever Soul"],"picked":"SKIP","floor":22},{"not_picked":["Perfected Strike","Pommel Strike","Sever Soul"],"picked":"SKIP","floor":22},{"not_picked":["Hemokinesis","Blood for Blood"],"picked":"Fire Breathing","floor":24},{"not_picked":["Thunderclap+1","Cleave"],"picked":"Inflame","floor":27},{"not_picked":["Havoc","Offering"],"picked":"Spot Weakness","floor":28},{"not_picked":["Clash","Burning Pact","Havoc"],"picked":"SKIP","floor":30},{"not_picked":["Sword Boomerang","Armaments","Wild Strike"],"picked":"SKIP","floor":31},{"not_picked":["Exhume","Dark Embrace"],"picked":"Feed","floor":33},{"not_picked":["Corruption+1","Whirlwind"],"picked":"Heavy Blade","floor":35},{"not_picked":["Twin Strike","Entrench+1","Uppercut+1"],"picked":"SKIP","floor":36}],"player_experience":191614,"relics_obtained":[{"floor":5,"key":"Strawberry"},{"floor":6,"key":"Smiling Mask"},{"floor":9,"key":"Happy Flower"},{"floor":37,"key":"Anchor"}],"event_choices":[{"damage_healed":0,"gold_gain":175,"player_choice":"AGREE","damage_taken":0,"max_hp_gain":0,"max_hp_loss":0,"event_name":"Liars Game","floor":2,"gold_loss":0,"cards_obtained":["Doubt"]},{"cards_removed":["Doubt"],"damage_healed":0,"gold_gain":0,"player_choice":"Card Removal","damage_taken":0,"max_hp_gain":0,"max_hp_loss":0,"event_name":"The Cleric","floor":3,"gold_loss":50},{"cards_removed":["Strike_R"],"damage_healed":0,"gold_gain":0,"player_choice":"Card Removal","damage_taken":7,"max_hp_gain":0,"max_hp_loss":0,"event_name":"Golden Wing","floor":8,"gold_loss":0},{"cards_removed":["Strike_R"],"damage_healed":0,"gold_gain":0,"player_choice":"Purged","damage_taken":0,"max_hp_gain":0,"max_hp_loss":0,"event_name":"Purifier","floor":21,"gold_loss":0},{"damage_healed":0,"gold_gain":0,"player_choice":"Forge","damage_taken":0,"max_hp_gain":0,"max_hp_loss":0,"event_name":"Accursed Blacksmith","floor":29,"gold_loss":0,"cards_upgraded":["Spot Weakness"]},{"cards_removed":["Anger"],"damage_healed":0,"gold_gain":0,"player_choice":"Gave Card","damage_taken":0,"relics_obtained":["Blue Candle"],"max_hp_gain":0,"max_hp_loss":0,"event_name":"WeMeetAgain","floor":38,"gold_loss":0}],"is_beta":false,"boss_relics":[{"not_picked":["Ectoplasm","Mark of Pain"],"picked":"Runic Pyramid"},{"not_picked":["Velvet Choker","Pandora\u0027s Box"],"picked":"Astrolabe"}],"items_purged_floors":[13,20],"is_endless":false,"potions_floor_spawned":[6,10,14,19,22,27,30],"killed_by":"Writhing Mass","ascension_level":3}