{"gold_per_floor":[115,131,131,25,38,38,49,49,49,49,49,124,143,159,159,261,261,279,292,292,308,233,233],"floor_reached":23,"playtime":649,"items_purged":["Bash"],"score":183,"play_id":"6ab4fc37-6210-43a9-89e4-dff57d203aee","local_time":"20180717215330","is_ascension_mode":false,"campfire_choices":[{"data":"Perfected Strike","floor":6,"key":"SMITH"},{"floor":8,"key":"REST"},{"data":"Fire Breathing","floor":15,"key":"SMITH"}],"neow_cost":"NONE","seed_source_timestamp":54352300935911,"circlet_count":0,"master_deck":["Strike_R","Strike_R","Strike_R","Strike_R","Strike_R","Defend_R","Defend_R","Defend_R","Defend_R","Headbutt","Perfected Strike+1","Wild Strike","Fire Breathing+1","Pommel Strike","Pommel Strike","Carnage+1","Perfected Strike+1"],"relics":["Eternal Feather","Question Card","Fusion Hammer"],"potions_floor_usage":[],"damage_taken":[{"damage":2,"enemies":"Small Slimes","floor":1,"turns":5},{"damage":7,"enemies":"2 Louse","floor":2,"turns":3},{"damage":1,"enemies":"Cultist","floor":5,"turns":3},{"damage":13,"enemies":"Red Slaver","floor":7,"turns":2},{"damage":5,"enemies":"Looter","floor":13,"turns":3},{"damage":16,"enemies":"Large Slime","floor":14,"turns":4},{"damage":11,"enemies":"Slime Boss","floor":16,"turns":8},{"damage":0,"enemies":"Chosen","floor":18,"turns":3},{"damage":20,"enemies":"2 Thieves","floor":19,"turns":3},{"damage":32,"enemies":"Centurion and Healer","floor":21,"turns":4},{"damage":33,"enemies":"Slavers","floor":23,"turns":2}],"seed_played":"-7121149882862035527","potions_obtained":[{"floor":1,"key":"LiquidBronze"},{"floor":7,"key":"Poison Potion"},{"floor":14,"key":"Swift Potion"}],"is_trial":false,"path_per_floor":["M","M","?","$","M","R","M","R","T","?","$","?","M","M","R","B",null,"M","M","?","M","$"],"character_chosen":"IRONCLAD","items_purchased":["Perfected Strike","Wild Strike"],"campfire_rested":1,"item_purchase_floors":[4,4],"current_hp_per_floor":[78,71,76,76,75,79,66,85,85,85,85,74,69,53,59,48,85,85,65,65,33,33,0],"gold":233,"neow_bonus":"BOSS_RELIC","is_prod":false,"is_daily":false,"chose_seed":false,"campfire_upgraded":2,"win_rate":0.0,"timestamp":1531878810,"path_taken":["M","M","?","$","M","R","?","R","T","?","?","?","M","M","R","BOSS","M","M","?","M","$","E"],"build_version":"2018-07-12","purchased_purges":1,"victory":false,"max_hp_per_floor":[80,80,85,85,85,85,85,85,85,85,85,85,85,85,85,85,85,85,85,85,85,85,85],"card_choices":[{"not_picked":["Corruption","Anger","Havoc"],"picked":"SKIP","floor":1},{"not_picked":["Twin Strike","Pummel"],"picked":"Headbutt","floor":2},{"not_picked":["Clash","Havoc","Searing Blow"],"picked":"SKIP","floor":5},{"not_picked":["Evolve","Searing Blow"],"picked":"Fire Breathing","floor":7},{"not_picked":["Carnage","True Grit","Fiend Fire"],"picked":"Pommel Strike","floor":13},{"not_picked":["Reckless Charge","Anger","Twin Strike"],"picked":"Pommel Strike","floor":14},{"not_picked":["Flex+1","Twin Strike","Flame Barrier","Rage"],"picked":"SKIP","floor":18},{"not_picked":["Intimidate+1","Heavy Blade+1","Pummel"],"picked":"Carnage+1","floor":19},{"not_picked":["Iron Wave+1","Sentinel","Disarm","Anger+1"],"picked":"SKIP","floor":21}],"player_experience":266695,"relics_obtained":[{"floor":9,"key":"Question Card"}],"event_choices":[{"event_name":"Big Fish","player_choice":"Donut","floor":3,"damage_taken":0},{"event_name":"The Cleric","player_choice":"Leave","floor":10,"damage_taken":0},{"event_name":"World of Goop","player_choice":"Gather Gold","floor":12,"damage_taken":0},{"event_name":"Duplicator","player_choice":"One dupe","floor":20,"damage_taken":0}],"boss_relics":[{"not_picked":["White Beast Statue","Snecko Eye"],"picked":"Fusion Hammer"}],"items_purged_floors":[22],"is_endless":false,"potions_floor_spawned":[1,7,14,16,18],"killed_by":"Slavers","ascension_level":0}