{"gold_per_floor":[11,11,86,101,117,117,129,129,205,224,250,250,17,32,32,105,105],"floor_reached":17,"playtime":248,"items_purged":["Strike_R"],"score":364,"play_id":"a60a0c82-6646-4325-be42-24383286b49a","local_time":"20190316152844","is_ascension_mode":true,"campfire_choices":[{"data":"Bludgeon","floor":6,"key":"SMITH"},{"data":"Whirlwind","floor":8,"key":"SMITH"},{"data":"Uppercut","floor":12,"key":"SMITH"},{"data":"Pommel Strike","floor":15,"key":"SMITH"}],"neow_cost":"NO_GOLD","seed_source_timestamp":62582539175054,"circlet_count":0,"master_deck":["AscendersBane","Strike_R","Strike_R","Strike_R","Strike_R","Defend_R","Defend_R+1","Defend_R","Defend_R","Bash+1","Bludgeon+1","Battle Trance","Whirlwind+1","Pommel Strike+1","Uppercut+1","Reaper","Decay","Pain","Normality"],"relics":["Burning Blood","Tiny Chest","Blood Vial","Ancient Tea Set","Calling Bell","Anchor","Question Card","Calipers"],"potions_floor_usage":[10,11,16],"damage_taken":[{"damage":7,"enemies":"Small Slimes","floor":1,"turns":4},{"damage":12,"enemies":"Jaw Worm","floor":4,"turns":2},{"damage":3,"enemies":"2 Louse","floor":5,"turns":3},{"damage":0,"enemies":"Lots of Slimes","floor":7,"turns":1},{"damage":0,"enemies":"Looter","floor":10,"turns":1},{"damage":0,"enemies":"Gremlin Nob","floor":11,"turns":2},{"damage":0,"enemies":"Gremlin Gang","floor":14,"turns":2},{"damage":38,"enemies":"The Guardian","floor":16,"turns":5}],"seed_played":"8926686570111373279","potions_obtained":[{"floor":4,"key":"FearPotion"},{"floor":5,"key":"FearPotion"},{"floor":11,"key":"Swift Potion"}],"is_trial":false,"path_per_floor":["M","?","?","M","M","R","M","R","T","M","E","R","$","M","R","B",null],"character_chosen":"IRONCLAD","items_purchased":["Ancient Tea Set"],"campfire_rested":0,"item_purchase_floors":[13],"current_hp_per_floor":[67,44,33,27,30,30,36,36,36,42,48,48,48,56,56,26,63],"gold":105,"neow_bonus":"THREE_RARE_CARDS","is_prod":false,"is_daily":false,"chose_seed":false,"campfire_upgraded":4,"win_rate":0,"timestamp":1552735724,"path_taken":["M","?","?","M","M","R","M","R","T","M","E","R","?","?","R","BOSS"],"build_version":"2019-01-23","purchased_purges":1,"victory":false,"max_hp_per_floor":[75,75,75,75,75,75,75,75,75,75,75,75,75,75,75,75,75],"card_choices":[{"not_picked":["Feed","Brutality"],"picked":"Bludgeon","floor":0},{"not_picked":["Iron Wave","Fire Breathing","Anger"],"picked":"SKIP","floor":1},{"not_picked":["Power Through","Clothesline"],"picked":"Battle Trance","floor":4},{"not_picked":["Perfected Strike","Pommel Strike"],"picked":"Whirlwind","floor":5},{"not_picked":["Dropkick","Entrench"],"picked":"Pommel Strike","floor":7},{"not_picked":["Searing Blow","Cleave","Warcry"],"picked":"SKIP","floor":10},{"not_picked":["Twin Strike","Perfected Strike"],"picked":"Uppercut","floor":11},{"not_picked":["Warcry","Pummel","Ghostly Armor"],"picked":"SKIP","floor":14},{"not_picked":["Immolate","Impervious"],"picked":"Reaper","floor":16}],"player_experience":736767,"relics_obtained":[{"floor":9,"key":"Tiny Chest"},{"floor":11,"key":"Blood Vial"},{"floor":17,"key":"Anchor"},{"floor":17,"key":"Question Card"},{"floor":17,"key":"Calipers"}],"event_choices":[{"damage_healed":0,"gold_gain":0,"player_choice":"Entered Light","damage_taken":23,"max_hp_gain":0,"max_hp_loss":0,"event_name":"Shining Light","floor":2,"gold_loss":0,"cards_upgraded":["Defend_R","Bash"]},{"damage_healed":0,"gold_gain":75,"player_choice":"Gather Gold","damage_taken":11,"max_hp_gain":0,"max_hp_loss":0,"event_name":"World of Goop","floor":3,"gold_loss":0}],"is_beta":false,"boss_relics":[{"not_picked":["Black Blood","Orrery"],"picked":"Calling Bell"}],"items_purged_floors":[13],"is_endless":false,"potions_floor_spawned":[4,5,7,11],"ascension_level":20}