{"gold_per_floor":[111,122,136,14,14,47,47,67,67,67,142,142,176,194,194,296,346,360,377,377,397,423,423],"floor_reached":23,"playtime":989,"items_purged":["Defend_B"],"score":201,"play_id":"57d82251-4aa1-46dd-8273-ccf62887b9f5","local_time":"20190202231554","daily_mods":["Chimera"],"is_ascension_mode":false,"campfire_choices":[{"floor":7,"key":"REST"},{"floor":12,"key":"REST"},{"floor":15,"key":"DIG"}],"neow_cost":"","seed_source_timestamp":39396657858248,"circlet_count":0,"master_deck":["Bash","Survivor","Zap","Strike_R","Strike_G","Strike_B","Defend_R","Defend_G","Blood for Blood+1","Rampage","Perfected Strike","Havoc","Pommel Strike","Double Tap","Perfected Strike","Wild Strike+1","Inflame"],"relics":["Burning Blood","Art of War","Charon\u0027s Ashes","Mercury Hourglass","Shovel","Calipers","Tiny House","Red Mask"],"potions_floor_usage":[16,22,22,23],"damage_taken":[{"damage":4,"enemies":"Cultist","floor":1,"turns":4},{"damage":13,"enemies":"Jaw Worm","floor":2,"turns":3},{"damage":2,"enemies":"Small Slimes","floor":3,"turns":4},{"damage":30,"enemies":"Gremlin Nob","floor":6,"turns":4},{"damage":6,"enemies":"3 Louse","floor":8,"turns":3},{"damage":20,"enemies":"Lagavulin","floor":13,"turns":5},{"damage":4,"enemies":"2 Fungi Beasts","floor":14,"turns":2},{"damage":16,"enemies":"Slime Boss","floor":16,"turns":9},{"damage":10,"enemies":"Spheric Guardian","floor":18,"turns":3},{"damage":12,"enemies":"Chosen","floor":19,"turns":4},{"damage":21,"enemies":"3 Cultists","floor":21,"turns":4},{"damage":44,"enemies":"Masked Bandits","floor":22,"turns":5},{"damage":38,"enemies":"Gremlin Leader","floor":23,"turns":2}],"seed_played":"2238836328057750674","potions_obtained":[{"floor":1,"key":"BloodPotion"},{"floor":13,"key":"Fire Potion"},{"floor":16,"key":"Regen Potion"},{"floor":18,"key":"Block Potion"}],"is_trial":true,"path_per_floor":["M","M","M","$","?","E","R","M","T","$","?","R","E","M","R","B",null,"M","M","?","M","?","E"],"character_chosen":"IRONCLAD","items_purchased":["Perfected Strike"],"campfire_rested":2,"item_purchase_floors":[4],"current_hp_per_floor":[80,73,77,77,70,46,70,70,70,70,59,80,66,68,68,58,85,81,75,75,60,30,0],"gold":423,"neow_bonus":"","is_prod":false,"is_daily":false,"chose_seed":false,"campfire_upgraded":0,"win_rate":0.0,"timestamp":1549167354,"path_taken":["M","M","M","$","?","E","R","M","T","$","?","R","E","M","R","BOSS","M","M","?","M","?","E"],"build_version":"2019-01-23","purchased_purges":1,"victory":false,"max_hp_per_floor":[80,80,80,80,80,80,80,80,80,80,80,80,80,80,80,80,85,85,85,85,85,85,85],"card_choices":[{"not_picked":["Thunderclap","Body Slam"],"picked":"Blood for Blood","floor":1},{"not_picked":["Clothesline","Heavy Blade","Rupture"],"picked":"SKIP","floor":2},{"not_picked":["Clothesline","Battle Trance"],"picked":"Rampage","floor":3},{"not_picked":["Thunderclap","Iron Wave"],"picked":"Havoc","floor":6},{"not_picked":["Entrench","Clash"],"picked":"Pommel Strike","floor":8},{"not_picked":["Dual Wield","Second Wind","Limit Break"],"picked":"SKIP","floor":13},{"not_picked":["Wild Strike","Combust","Thunderclap"],"picked":"SKIP","floor":14},{"not_picked":["Juggernaut","Berserk"],"picked":"Double Tap","floor":16},{"not_picked":["Rage","Uppercut+1"],"picked":"Perfected Strike","floor":18},{"not_picked":["Heavy Blade","Ghostly Armor"],"picked":"Wild Strike+1","floor":19},{"not_picked":["Rampage","Thunderclap","Anger"],"picked":"SKIP","floor":21},{"not_picked":["Pommel Strike","Flex"],"picked":"Inflame","floor":22}],"player_experience":333289,"relics_obtained":[{"floor":6,"key":"Charon\u0027s Ashes"},{"floor":9,"key":"Mercury Hourglass"},{"floor":13,"key":"Shovel"},{"floor":15,"key":"Calipers"},{"floor":22,"key":"Red Mask"}],"event_choices":[{"damage_healed":0,"gold_gain":0,"player_choice":"Success","damage_taken":7,"relics_obtained":["Art of War"],"max_hp_gain":0,"max_hp_loss":0,"event_name":"Scrap Ooze","floor":5,"gold_loss":0},{"damage_healed":0,"gold_gain":75,"player_choice":"Gather Gold","damage_taken":11,"max_hp_gain":0,"max_hp_loss":0,"event_name":"World of Goop","floor":11,"gold_loss":0},{"damage_healed":0,"gold_gain":0,"player_choice":"Ignored","damage_taken":0,"max_hp_gain":0,"max_hp_loss":0,"event_name":"The Mausoleum","floor":20,"gold_loss":0},{"damage_healed":0,"gold_gain":0,"player_choice":"Fought Bandits","damage_taken":0,"max_hp_gain":0,"max_hp_loss":0,"event_name":"Masked Bandits","floor":22,"gold_loss":0}],"is_beta":false,"boss_relics":[{"not_picked":["Pandora\u0027s Box","Eternal Feather"],"picked":"Tiny House"}],"items_purged_floors":[4],"is_endless":false,"potions_floor_spawned":[1,13,16,18,19],"killed_by":"Gremlin Leader","ascension_level":0}