{"path_per_floor":["M","?","M","M","M","R","?","$","T","M","R","M","M","M","R","B",null,"M","M","M","$","M","R","E","R","T","M","T","M","M","M","R"],"character_chosen":"THE_SILENT","items_purchased":["Crippling Poison","Backstab","Noxious Fumes"],"gold_per_floor":[113,113,132,147,160,160,160,14,87,98,98,117,130,142,142,244,244,260,273,291,88,105,105,135,135,135,155,231,241,253,269,269,269],"floor_reached":33,"campfire_rested":5,"playtime":1523,"item_purchase_floors":[8,21,21],"current_hp_per_floor":[70,75,72,66,54,54,54,54,54,51,73,55,46,22,44,1,75,62,52,34,34,21,45,19,43,53,41,41,13,13,13,40,0],"items_purged":["Strike_G","Strike_G"],"gold":269,"score":292,"play_id":"3e73bc19-f828-4136-a316-b3c842da4dc4","local_time":"20180619215710","is_prod":false,"is_daily":false,"chose_seed":false,"is_ascension_mode":false,"campfire_upgraded":1,"win_rate":0,"timestamp":1529459830,"campfire_choices":[{"data":"Glass Knife","floor":6,"key":"SMITH"},{"floor":11,"key":"REST"},{"floor":15,"key":"REST"},{"floor":23,"key":"REST"},{"floor":25,"key":"REST"},{"floor":32,"key":"REST"}],"path_taken":["M","?","M","M","M","R","?","?","T","M","R","M","M","M","R","BOSS","M","M","M","$","M","R","E","R","T","M","?","M","M","?","R","BOSS"],"build_version":"2018-06-14v2","seed_source_timestamp":350064552038820,"purchased_purges":2,"victory":false,"master_deck":["Defend_G","Defend_G","Defend_G","Defend_G","Defend_G","Strike_G","Strike_G","Strike_G","Survivor","Neutralize","Poisoned Stab","Bane","Glass Knife+1","Flying Knee","Crippling Poison","Choke","Poisoned Stab","Bane","Backstab","Die Die Die","Backstab","Noxious Fumes","Deadly Poison","Poisoned Stab+1"],"max_hp_per_floor":[70,75,75,75,75,75,75,75,75,75,75,75,75,75,75,75,75,80,80,80,80,80,80,80,80,90,90,90,90,90,90,90,90],"relics":["Ring of the Snake","Matryoshka","Fusion Hammer","Vajra","Lantern","Pear","Tiny Chest","Bag of Marbles"],"card_choices":[{"not_picked":["Distraction","Caltrops"],"picked":"Poisoned Stab","floor":1},{"not_picked":["Underhanded Strike","Deflect"],"picked":"Bane","floor":3},{"not_picked":["Blur","Blade Dance"],"picked":"Glass Knife","floor":4},{"not_picked":["Sucker Punch","Acrobatics"],"picked":"Flying Knee","floor":5},{"not_picked":["Underhanded Strike","Catalyst"],"picked":"Choke","floor":10},{"not_picked":["Sucker Punch","Bane"],"picked":"Poisoned Stab","floor":12},{"not_picked":["Backflip","Poisoned Stab"],"picked":"Bane","floor":13},{"not_picked":["Deadly Poison","Quick Slash"],"picked":"Backstab","floor":14},{"not_picked":["Burst","After Image"],"picked":"Die Die Die","floor":16},{"not_picked":["Underhanded Strike","Quick Slash","Poisoned Stab"],"picked":"SKIP","floor":18},{"not_picked":["Underhanded Strike+1","Bane","Choke"],"picked":"SKIP","floor":19},{"not_picked":["Dodge and Roll","Backflip","Choke"],"picked":"SKIP","floor":20},{"not_picked":["Slice","Terror+1","Flying Knee"],"picked":"SKIP","floor":22},{"not_picked":["Footwork+1","Caltrops+1","Dagger Throw"],"picked":"SKIP","floor":24},{"not_picked":["Endless Agony","Malaise","Riddle With Holes"],"picked":"SKIP","floor":27},{"not_picked":["Dodge and Roll","Dagger Throw","Underhanded Strike"],"picked":"SKIP","floor":29},{"not_picked":["Finisher","Prepared+1"],"picked":"Deadly Poison","floor":30},{"not_picked":["Infinite Blades","Underhanded Strike"],"picked":"Poisoned Stab+1","floor":31}],"player_experience":142079,"potions_floor_usage":[14,16,16,18,27,31,31],"damage_taken":[{"damage":0,"enemies":"2 Louse","floor":1,"turns":6},{"damage":3,"enemies":"Small Slimes","floor":3,"turns":3},{"damage":6,"enemies":"Jaw Worm","floor":4,"turns":3},{"damage":12,"enemies":"Large Slime","floor":5,"turns":6},{"damage":3,"enemies":"3 Louse","floor":10,"turns":2},{"damage":18,"enemies":"Exordium Wildlife","floor":12,"turns":3},{"damage":9,"enemies":"Red Slaver","floor":13,"turns":3},{"damage":24,"enemies":"Gremlin Gang","floor":14,"turns":4},{"damage":43,"enemies":"The Guardian","floor":16,"turns":8},{"damage":18,"enemies":"Shell Parasite","floor":18,"turns":3},{"damage":10,"enemies":"Spheric Guardian","floor":19,"turns":3},{"damage":18,"enemies":"Snake Plant","floor":20,"turns":4},{"damage":13,"enemies":"Snecko","floor":22,"turns":4},{"damage":26,"enemies":"Slavers","floor":24,"turns":5},{"damage":12,"enemies":"Centurion and Healer","floor":27,"turns":3},{"damage":28,"enemies":"Sentry and Sphere","floor":29,"turns":5},{"damage":0,"enemies":"Snake Plant","floor":30,"turns":1},{"damage":0,"enemies":"Cultist and Chosen","floor":31,"turns":4},{"damage":92,"enemies":"Automaton","floor":33,"turns":8}],"relics_obtained":[{"floor":9,"key":"Matryoshka"},{"floor":24,"key":"Vajra"},{"floor":26,"key":"Lantern"},{"floor":26,"key":"Pear"},{"floor":28,"key":"Tiny Chest"},{"floor":28,"key":"Bag of Marbles"}],"event_choices":[{"event_name":"Big Fish","player_choice":"Donut","floor":2,"damage_taken":0},{"event_name":"Liars Game","player_choice":"disagreed","floor":7,"damage_taken":0}],"boss_relics":[{"not_picked":["Runic Pyramid","White Beast Statue"],"picked":"Fusion Hammer"}],"items_purged_floors":[8,21],"is_endless":false,"potions_floor_spawned":[1,5,12,14,16,19,22,24,30],"seed_played":"4852910576511561254","killed_by":"Automaton","ascension_level":0,"potions_obtained":[{"floor":1,"key":"PowerPotion"},{"floor":5,"key":"FearPotion"},{"floor":12,"key":"LiquidBronze"},{"floor":14,"key":"FairyPotion"},{"floor":16,"key":"Fruit Juice"},{"floor":19,"key":"SpeedPotion"},{"floor":24,"key":"SkillPotion"},{"floor":30,"key":"Block Potion"}],"is_trial":false}