{"gold_per_floor":[110,110,121,43,60,60,90,90,164,164],"floor_reached":10,"playtime":245,"items_purged":[],"score":132,"play_id":"50b55f98-3a74-4193-acf1-6bc5fc2769ba","local_time":"20190316182454","is_ascension_mode":true,"campfire_choices":[{"data":"Whirlwind","floor":6,"key":"SMITH"},{"data":"Seeing Red","floor":8,"key":"SMITH"}],"neow_cost":"NONE","seed_source_timestamp":73155477838520,"circlet_count":0,"master_deck":["AscendersBane","Strike_R","Strike_R","Strike_R","Strike_R","Strike_R","Defend_R","Defend_R","Defend_R","Defend_R","Bash","Whirlwind+1","Thunderclap","Seeing Red+1"],"relics":["Burning Blood","Blood Vial","Self Forming Clay"],"potions_floor_usage":[3,7,10],"damage_taken":[{"damage":6,"enemies":"Cultist","floor":1,"turns":3},{"damage":11,"enemies":"Jaw Worm","floor":3,"turns":4},{"damage":9,"enemies":"2 Louse","floor":5,"turns":3},{"damage":30,"enemies":"Lagavulin","floor":7,"turns":4},{"damage":49,"enemies":"Gremlin Nob","floor":10,"turns":4}],"seed_played":"-2744942909340043172","potions_obtained":[{"floor":1,"key":"BloodPotion"},{"floor":3,"key":"SteroidPotion"},{"floor":5,"key":"LiquidBronze"}],"is_trial":false,"path_per_floor":["M","?","M","$","M","R","E","R","T","E"],"character_chosen":"IRONCLAD","items_purchased":["Seeing Red"],"campfire_rested":0,"item_purchase_floors":[4],"current_hp_per_floor":[68,64,66,66,63,63,39,39,39,0],"gold":164,"neow_bonus":"THREE_CARDS","is_prod":false,"is_daily":false,"chose_seed":false,"campfire_upgraded":2,"win_rate":0,"timestamp":1552746294,"path_taken":["M","?","?","$","M","R","E","R","T","E"],"build_version":"2019-01-23","purchased_purges":0,"victory":false,"max_hp_per_floor":[75,75,75,75,75,75,75,75,75,75],"card_choices":[{"not_picked":["Clash","Thunderclap"],"picked":"Whirlwind","floor":0},{"not_picked":["Evolve","Perfected Strike","Armaments"],"picked":"SKIP","floor":1},{"not_picked":["True Grit","Iron Wave"],"picked":"Thunderclap","floor":3},{"not_picked":["Dual Wield","Armaments","Flex"],"picked":"SKIP","floor":5},{"not_picked":["Brutality","Blood for Blood","Havoc"],"picked":"SKIP","floor":7}],"player_experience":742580,"relics_obtained":[{"floor":7,"key":"Blood Vial"},{"floor":9,"key":"Self Forming Clay"}],"event_choices":[{"damage_healed":0,"gold_gain":0,"player_choice":"Bought 0 Potions","damage_taken":0,"max_hp_gain":0,"max_hp_loss":0,"event_name":"The Woman in Blue","floor":2,"gold_loss":0}],"is_beta":false,"boss_relics":[],"items_purged_floors":[],"is_endless":false,"potions_floor_spawned":[1,3,5],"killed_by":"Gremlin Nob","ascension_level":20}