{"gold_per_floor":[117,130,205,225,225,225,252,252,252,252,266,283,308,328,328,430,430,418,418,438,452,471,471,497,497,497,523,523],"floor_reached":28,"playtime":2208,"items_purged":[],"score":297,"play_id":"b220c44c-990f-400d-b4a4-4d6458d95ba0","local_time":"20190327155743","is_ascension_mode":true,"campfire_choices":[{"floor":6.0,"key":"REST"},{"floor":10.0,"key":"REST"},{"floor":15.0,"key":"REST"},{"floor":23,"key":"REST"},{"floor":25,"key":"REST"}],"neow_cost":"NONE","seed_source_timestamp":0,"circlet_count":0,"master_deck":["Strike_B","Strike_B","Strike_B","Defend_B","Defend_B+1","Defend_B","Defend_B","Zap+1","Dualcast","Coolheaded","Coolheaded","Echo Form","Cold Snap","Auto Shields","Cold Snap","Capacitor","Hologram","Conserve Battery","Blizzard"],"special_seed":0,"relics":["Cracked Core","Matryoshka","Potion Belt","Oddly Smooth Stone","War Paint","Letter Opener","Bronze Scales","Velvet Choker","Smiling Mask","Mercury Hourglass","Darkstone Periapt"],"potions_floor_usage":[],"damage_taken":[{"damage":0.0,"enemies":"Cultist","floor":1.0,"turns":3.0},{"damage":3.0,"enemies":"Jaw Worm","floor":2.0,"turns":5.0},{"damage":4.0,"enemies":"Small Slimes","floor":4.0,"turns":4.0},{"damage":18.0,"enemies":"Lagavulin","floor":7.0,"turns":10.0},{"damage":12.0,"enemies":"Blue Slaver","floor":11.0,"turns":4.0},{"damage":0.0,"enemies":"Red Slaver","floor":12.0,"turns":4.0},{"damage":16.0,"enemies":"3 Sentries","floor":13.0,"turns":6.0},{"damage":0.0,"enemies":"Exordium Thugs","floor":14.0,"turns":5.0},{"damage":29.0,"enemies":"Hexaghost","floor":16.0,"turns":11.0},{"damage":20.0,"enemies":"2 Thieves","floor":18.0,"turns":4.0},{"damage":5.0,"enemies":"Shell Parasite","floor":20.0,"turns":4.0},{"damage":28.0,"enemies":"Cultist and Chosen","floor":21.0,"turns":8.0},{"damage":1.0,"enemies":"Sentry and Sphere","floor":22.0,"turns":8.0},{"damage":7,"enemies":"Book of Stabbing","floor":24,"turns":6},{"damage":44,"enemies":"Slavers","floor":27,"turns":5},{"damage":10,"enemies":"Snake Plant","floor":28,"turns":1}],"seed_played":"5594462750399600255","potions_obtained":[{"floor":2.0,"key":"GamblersBrew"},{"floor":7.0,"key":"Strength Potion"},{"floor":14.0,"key":"FearPotion"},{"floor":16.0,"key":"SpeedPotion"},{"floor":18.0,"key":"AttackPotion"},{"floor":20.0,"key":"Explosive Potion"},{"floor":27,"key":"Fire Potion"}],"is_trial":false,"path_per_floor":["M","M","?","M","?","R","E","T","T","R","M","M","E","M","R","B",null,"M","?","M","M","M","R","E","R","T","E","M"],"character_chosen":"DEFECT","items_purchased":[],"campfire_rested":5,"item_purchase_floors":[],"current_hp_per_floor":[75,72,61,57,45,67,49,49,49,71,59,59,43,43,65,36,75,55,48,43,15,14,36,29,51,51,7,0],"gold":523,"neow_bonus":"REMOVE_CARD","is_prod":false,"is_daily":false,"chose_seed":false,"campfire_upgraded":0,"win_rate":0,"timestamp":1553698663,"path_taken":["M","?","?","M","?","R","E","?","T","R","M","M","E","M","R","BOSS","M","?","M","M","M","R","E","R","T","E","M"],"build_version":"2019-01-23","purchased_purges":0,"victory":false,"max_hp_per_floor":[75,75,75,75,75,75,75,75,75,75,75,75,75,75,75,75,75,75,75,75,75,75,75,75,75,75,75,75],"card_choices":[{"not_picked":["Go for the Eyes","Compile Driver"],"picked":"Coolheaded","floor":1.0},{"not_picked":["Redo","Gash"],"picked":"Coolheaded","floor":2.0},{"not_picked":["Steam","Scrape"],"picked":"Echo Form","floor":4.0},{"not_picked":["Skim","Chaos"],"picked":"Cold Snap","floor":7.0},{"not_picked":["Reprogram","Streamline"],"picked":"Auto Shields","floor":11.0},{"not_picked":["Storm","Turbo","Barrage"],"picked":"SKIP","floor":12.0},{"not_picked":["Reboot","Conserve Battery"],"picked":"Cold Snap","floor":13.0},{"not_picked":["Ball Lightning","Undo"],"picked":"Capacitor","floor":14.0},{"not_picked":["Compile Driver+1","Steam"],"picked":"Hologram","floor":18.0},{"not_picked":["Double Energy","Barrage","Coolheaded"],"picked":"SKIP","floor":20.0},{"not_picked":["Sweeping Beam","Coolheaded+1"],"picked":"Conserve Battery","floor":21.0},{"not_picked":["Beam Cell","Aggregate+1"],"picked":"Blizzard","floor":22.0},{"not_picked":["Coolheaded","Sweeping Beam","Ball Lightning"],"picked":"SKIP","floor":24},{"not_picked":["Rip and Tear","Ball Lightning","Skim+1"],"picked":"SKIP","floor":27}],"player_experience":88679,"relics_obtained":[{"floor":7.0,"key":"Potion Belt"},{"floor":8.0,"key":"Oddly Smooth Stone"},{"floor":9.0,"key":"War Paint"},{"floor":9.0,"key":"Letter Opener"},{"floor":13.0,"key":"Bronze Scales"},{"floor":24,"key":"Smiling Mask"},{"floor":26,"key":"Mercury Hourglass"},{"floor":27,"key":"Darkstone Periapt"}],"event_choices":[{"damage_healed":0.0,"max_hp_gain":0.0,"max_hp_loss":0.0,"gold_gain":75.0,"event_name":"World of Goop","player_choice":"Gather Gold","floor":3.0,"gold_loss":0.0,"damage_taken":11.0},{"damage_healed":0.0,"max_hp_gain":0.0,"max_hp_loss":0.0,"gold_gain":0.0,"event_name":"Scrap Ooze","player_choice":"Success","floor":5.0,"gold_loss":0.0,"damage_taken":12.0,"relics_obtained":["Matryoshka"]},{"damage_healed":0.0,"max_hp_gain":0.0,"max_hp_loss":0.0,"gold_gain":0.0,"event_name":"Knowing Skull","player_choice":"","floor":19.0,"potions_obtained":[],"gold_loss":0.0,"damage_taken":7.0,"cards_obtained":[]}],"is_beta":false,"boss_relics":[{"not_picked":["Orrery","Black Star"],"picked":"Velvet Choker"}],"items_purged_floors":[],"is_endless":false,"potions_floor_spawned":[2,7,14,16,18,20,27],"killed_by":"Snake Plant","ascension_level":2}