{"gold_per_floor":[117,137,32,32,50,82,82,82,82,82,7,7,82,93,93,93],"floor_reached":16,"playtime":347,"items_purged":["Strike_G"],"score":98,"play_id":"8dca07cc-7937-4431-b678-e8ead49e8289","local_time":"20180720104352","is_ascension_mode":false,"campfire_choices":[{"floor":10,"key":"REST"},{"floor":15,"key":"REST"}],"neow_cost":"NONE","seed_source_timestamp":184846041494628,"circlet_count":0,"master_deck":["Defend_G","Defend_G","Defend_G","Defend_G","Defend_G","Strike_G","Strike_G","Strike_G","Strike_G","Survivor","Neutralize","All Out Attack","Caltrops","Infinite Blades+1","Dagger Throw","Poisoned Stab","Outmaneuver"],"relics":["Ring of the Snake","NeowsBlessing","Pantograph","Juzu Bracelet","Molten Egg 2"],"potions_floor_usage":[16],"damage_taken":[{"damage":0,"enemies":"Jaw Worm","floor":1,"turns":1},{"damage":0,"enemies":"2 Louse","floor":2,"turns":1},{"damage":0,"enemies":"Small Slimes","floor":5,"turns":1},{"damage":30,"enemies":"3 Sentries","floor":6,"turns":6},{"damage":0,"enemies":"2 Fungi Beasts","floor":14,"turns":4},{"damage":72,"enemies":"The Guardian","floor":16,"turns":6}],"seed_played":"-2944336405727162160","potions_obtained":[{"floor":1,"key":"Strength Potion"},{"floor":2,"key":"Explosive Potion"}],"is_trial":false,"path_per_floor":["M","M","$","?","M","E","?","T","T","R","$","$","?","M","R"],"character_chosen":"THE_SILENT","items_purchased":["Infinite Blades","Dagger Throw"],"campfire_rested":2,"item_purchase_floors":[3,3],"current_hp_per_floor":[70,70,70,70,70,40,40,40,40,61,61,61,50,50,70,0],"gold":93,"neow_bonus":"THREE_ENEMY_KILL","is_prod":false,"is_daily":false,"chose_seed":false,"campfire_upgraded":0,"win_rate":0,"timestamp":1532097832,"path_taken":["M","M","$","?","M","E","?","?","T","R","?","$","?","M","R","BOSS"],"build_version":"2018-07-19v2","purchased_purges":1,"victory":false,"max_hp_per_floor":[70,70,70,70,70,70,70,70,70,70,70,70,70,70,70,70],"card_choices":[{"not_picked":["Terror","Tactician"],"picked":"All Out Attack","floor":1},{"not_picked":["Bane","Sucker Punch"],"picked":"Caltrops","floor":2},{"not_picked":["Setup","Poisoned Stab","Catalyst"],"picked":"SKIP","floor":5},{"not_picked":["Deadly Poison","Finisher"],"picked":"Poisoned Stab","floor":6},{"not_picked":["Leg Sweep","Expertise"],"picked":"Outmaneuver","floor":14}],"player_experience":275794,"relics_obtained":[{"floor":6,"key":"Pantograph"},{"floor":8,"key":"Juzu Bracelet"},{"floor":9,"key":"Molten Egg 2"}],"event_choices":[{"event_name":"The Cleric","player_choice":"Leave","floor":4,"damage_taken":0},{"event_name":"Living Wall","player_choice":"Grow","floor":7,"damage_taken":0},{"event_name":"World of Goop","player_choice":"Gather Gold","floor":13,"damage_taken":0}],"is_beta":false,"boss_relics":[],"items_purged_floors":[11],"is_endless":false,"potions_floor_spawned":[1,2],"killed_by":"The Guardian","ascension_level":0}