{"gold_per_floor":[112,126,153,168,243,243,259,259,338,357,282,300,300,300,300,402,402,422,121,135,146,146],"floor_reached":22,"playtime":754,"items_purged":["Bash","Defend_R"],"score":178,"play_id":"2a29c2b7-ba73-49b7-a630-5762b28fed03","local_time":"20180718154727","is_ascension_mode":false,"campfire_choices":[{"data":"Perfected Strike","floor":6,"key":"SMITH"},{"floor":8,"key":"REST"},{"floor":15,"key":"REST"}],"neow_cost":"NONE","seed_source_timestamp":29845620054481,"circlet_count":0,"master_deck":["Strike_R","Strike_R","Strike_R","Strike_R","Strike_R","Defend_R","Perfected Strike+1","Shrug It Off","Perfected Strike","Wild Strike","Wild Strike"],"relics":["Black Blood","Bronze Scales","Kunai","Membership Card"],"potions_floor_usage":[16],"damage_taken":[{"damage":1,"enemies":"Cultist","floor":1,"turns":3},{"damage":7,"enemies":"2 Louse","floor":2,"turns":2},{"damage":8,"enemies":"Jaw Worm","floor":4,"turns":3},{"damage":5,"enemies":"2 Fungi Beasts","floor":7,"turns":3},{"damage":5,"enemies":"Looter","floor":10,"turns":2},{"damage":19,"enemies":"Lots of Slimes","floor":12,"turns":4},{"damage":60,"enemies":"Slime Boss","floor":16,"turns":14},{"damage":5,"enemies":"Chosen","floor":18,"turns":4},{"damage":33,"enemies":"3 Byrds","floor":20,"turns":4},{"damage":33,"enemies":"Snake Plant","floor":21,"turns":4},{"damage":34,"enemies":"Centurion and Healer","floor":22,"turns":4}],"seed_played":"-8315650247719345412","potions_obtained":[{"floor":1,"key":"Block Potion"},{"floor":4,"key":"Ancient Potion"},{"floor":7,"key":"LiquidBronze"},{"floor":12,"key":"Fire Potion"},{"floor":16,"key":"SkillPotion"}],"is_trial":false,"path_per_floor":["M","M","T","M","?","R","M","R","T","M","$","M","?","?","R","B",null,"M","$","M","M"],"character_chosen":"IRONCLAD","items_purchased":["Perfected Strike","Membership Card"],"campfire_rested":2,"item_purchase_floors":[19,19],"current_hp_per_floor":[80,79,79,77,66,66,67,80,80,80,80,67,67,67,80,26,80,80,80,57,34,0],"gold":146,"neow_bonus":"TRANSFORM_CARD","is_prod":false,"is_daily":false,"chose_seed":false,"campfire_upgraded":1,"win_rate":0.0,"timestamp":1531943247,"path_taken":["M","?","?","M","?","R","M","R","T","M","$","M","?","?","R","BOSS","M","$","M","M","M"],"build_version":"2018-07-12","purchased_purges":2,"victory":false,"max_hp_per_floor":[80,80,80,80,80,80,80,80,80,80,80,80,80,80,80,80,80,80,80,80,80,80],"card_choices":[{"not_picked":["Corruption","Burning Pact","Seeing Red"],"picked":"SKIP","floor":1},{"not_picked":["Body Slam","Sword Boomerang","Corruption"],"picked":"SKIP","floor":2},{"not_picked":["Fire Breathing","Cleave","Burning Pact"],"picked":"SKIP","floor":4},{"not_picked":["Dual Wield","Carnage","Evolve"],"picked":"SKIP","floor":7},{"not_picked":["Fire Breathing","Iron Wave","Second Wind"],"picked":"SKIP","floor":10},{"not_picked":["Cleave","Fire Breathing","Dual Wield"],"picked":"SKIP","floor":12},{"not_picked":["Pummel","Fire Breathing+1"],"picked":"Shrug It Off","floor":18},{"not_picked":["Infernal Blade","Clash"],"picked":"Wild Strike","floor":20},{"not_picked":["Heavy Blade","Clothesline"],"picked":"Wild Strike","floor":21}],"player_experience":270027,"relics_obtained":[{"floor":3,"key":"Bronze Scales"},{"floor":9,"key":"Kunai"}],"event_choices":[{"event_name":"World of Goop","player_choice":"Gather Gold","floor":5,"damage_taken":0},{"event_name":"Purifier","player_choice":"One Purge","floor":13,"damage_taken":0},{"event_name":"Liars Game","player_choice":"disagreed","floor":14,"damage_taken":0}],"boss_relics":[{"not_picked":["Pandora\u0027s Box","Sozu"],"picked":"Black Blood"}],"items_purged_floors":[11,19],"is_endless":false,"potions_floor_spawned":[1,4,7,12,16,21],"killed_by":"Centurion and Healer","ascension_level":0}