{"gold_per_floor":[114,126,51,65,140,140,165,165,211,211,266,282,350,383,383,478,478,493,167,185,284,294,306,323,248,324,355,355],"floor_reached":28,"playtime":1737,"items_purged":["Defend_R","Strike_R"],"score":258,"play_id":"80a007e3-6438-4e43-a2ca-28cae84ac327","local_time":"20190407011422","is_ascension_mode":false,"campfire_choices":[{"data":"Perfected Strike","floor":6,"key":"SMITH"},{"floor":8,"key":"REST"},{"data":"Infernal Blade","floor":10,"key":"SMITH"},{"data":"Bash","floor":15,"key":"SMITH"}],"neow_cost":"NONE","seed_source_timestamp":44082003711753,"circlet_count":0,"master_deck":["Strike_R","Strike_R","Strike_R","Strike_R","Defend_R","Defend_R","Bash+1","Shrug It Off","Perfected Strike+1","Anger","Infernal Blade+1","Cleave","Headbutt+1"],"relics":["Burning Blood","Vajra","Anchor","Tiny Chest","Frozen Egg 2","Dream Catcher","Eternal Feather","Orichalcum","Pantograph","Ornamental Fan"],"potions_floor_usage":[27,28],"damage_taken":[{"damage":11,"enemies":"Jaw Worm","floor":1,"turns":5},{"damage":10,"enemies":"Small Slimes","floor":2,"turns":4},{"damage":5,"enemies":"2 Louse","floor":4,"turns":2},{"damage":28,"enemies":"Gremlin Nob","floor":7,"turns":4},{"damage":22,"enemies":"3 Sentries","floor":11,"turns":6},{"damage":0,"enemies":"Exordium Thugs","floor":12,"turns":3},{"damage":6,"enemies":"Gremlin Nob","floor":14,"turns":3},{"damage":53,"enemies":"Hexaghost","floor":16,"turns":8},{"damage":14,"enemies":"Shell Parasite","floor":18,"turns":4},{"damage":18,"enemies":"3 Byrds","floor":20,"turns":5},{"damage":7,"enemies":"Snecko","floor":22,"turns":4},{"damage":11,"enemies":"Chosen and Byrds","floor":23,"turns":5},{"damage":11,"enemies":"Snake Plant","floor":24,"turns":2},{"damage":37,"enemies":"Book of Stabbing","floor":27,"turns":5},{"damage":37,"enemies":"Centurion and Healer","floor":28,"turns":4}],"seed_played":"-8398253805761680606","potions_obtained":[{"floor":2,"key":"SkillPotion"},{"floor":4,"key":"Poison Potion"},{"floor":7,"key":"SteroidPotion"},{"floor":27,"key":"SkillPotion"}],"is_trial":false,"path_per_floor":["M","M","$","M","?","R","E","R","T","R","E","M","T","E","R","B",null,"M","$","M","?","M","M","M","?","T","E","M"],"character_chosen":"IRONCLAD","items_purchased":["Orichalcum","BloodPotion"],"campfire_rested":1,"item_purchase_floors":[19,19],"current_hp_per_floor":[83,79,79,80,69,69,47,73,73,73,57,63,63,63,63,16,88,80,80,68,68,67,62,57,57,57,34,0],"gold":355,"neow_bonus":"TEN_PERCENT_HP_BONUS","is_prod":false,"is_daily":false,"chose_seed":false,"campfire_upgraded":3,"win_rate":0,"timestamp":1554614062,"path_taken":["M","M","$","M","?","R","E","R","T","R","E","M","?","E","R","BOSS","M","$","M","?","M","M","M","?","T","E","M"],"build_version":"2019-01-23","purchased_purges":2,"victory":false,"max_hp_per_floor":[88,88,88,88,88,88,88,88,88,88,88,88,88,88,88,88,88,88,88,88,88,88,88,88,88,88,88,88],"card_choices":[{"not_picked":["Thunderclap","Warcry"],"picked":"Shrug It Off","floor":1},{"not_picked":["Armaments","Searing Blow"],"picked":"Perfected Strike","floor":2},{"not_picked":["Sentinel","Thunderclap"],"picked":"Anger","floor":4},{"not_picked":["Clash","Immolate"],"picked":"Infernal Blade","floor":7},{"not_picked":["Flex","Clothesline","Heavy Blade"],"picked":"SKIP","floor":11},{"not_picked":["Clothesline","Fire Breathing"],"picked":"Cleave","floor":12},{"not_picked":["Blood for Blood","Rage","Reckless Charge"],"picked":"SKIP","floor":14},{"not_picked":["Feel No Pain+1","Flex"],"picked":"Headbutt+1","floor":18},{"not_picked":["Reckless Charge","Cleave","Warcry"],"picked":"SKIP","floor":20},{"not_picked":["Flame Barrier","Iron Wave","Carnage+1"],"picked":"SKIP","floor":22},{"not_picked":["Battle Trance","Heavy Blade","Sword Boomerang"],"picked":"SKIP","floor":23},{"not_picked":["Clothesline+1","Combust+1","Rampage"],"picked":"SKIP","floor":24},{"not_picked":["Flex","Ghostly Armor","Reaper"],"picked":"SKIP","floor":27}],"player_experience":456387,"relics_obtained":[{"floor":7,"key":"Vajra"},{"floor":9,"key":"Anchor"},{"floor":11,"key":"Tiny Chest"},{"floor":13,"key":"Frozen Egg 2"},{"floor":14,"key":"Dream Catcher"},{"floor":26,"key":"Pantograph"},{"floor":27,"key":"Ornamental Fan"}],"event_choices":[{"damage_healed":0,"gold_gain":75,"player_choice":"Gather Gold","damage_taken":11,"max_hp_gain":0,"max_hp_loss":0,"event_name":"World of Goop","floor":5,"gold_loss":0},{"damage_healed":0,"gold_gain":99,"player_choice":"Stole From Cult","damage_taken":0,"max_hp_gain":0,"max_hp_loss":0,"event_name":"Nest","floor":21,"gold_loss":0},{"cards_removed":["Defend_R"],"damage_healed":0,"gold_gain":0,"player_choice":"Gave Gold","damage_taken":0,"max_hp_gain":0,"max_hp_loss":0,"event_name":"Beggar","floor":25,"gold_loss":75}],"is_beta":false,"boss_relics":[{"not_picked":["Coffee Dripper","Orrery"],"picked":"Eternal Feather"}],"items_purged_floors":[3,19],"is_endless":false,"potions_floor_spawned":[2,4,7,14,20,27],"killed_by":"Centurion and Healer","ascension_level":0}