{"gold_per_floor":[109,59,72,89,104,104,124,139,189,189,205,205,130,130,130,235,235,175,175,175,175,175,175,175,175,175,175,175,175,175,175,175,175,175,175,175,175],"floor_reached":37,"playtime":1622,"items_purged":["Strike_B"],"score":387,"play_id":"e21c7fbc-a169-44bd-8424-67e8c4b4cbc0","local_time":"20180716155439","is_ascension_mode":false,"campfire_choices":[{"floor":6.0,"key":"REST"},{"data":"Zap","floor":10,"key":"SMITH"},{"floor":12,"key":"REST"},{"data":"Defragment","floor":15,"key":"SMITH"},{"floor":24,"key":"REST"},{"floor":27,"key":"REST"},{"floor":32,"key":"REST"}],"neow_cost":"NONE","seed_source_timestamp":0,"circlet_count":0,"master_deck":["Strike_B","Strike_B","Defend_B","Defend_B","Defend_B","Defend_B","Zap+1","Dualcast","Steam","Defragment+1","Conserve Battery+1","Rebound","Tempest+1","Electrodynamics","Melter+1","Conserve Battery","Conserve Battery+1","Biased Cognition","Ball Lightning+1","Tempest"],"special_seed":0,"relics":["Sozu","Dream Catcher","Ectoplasm","Bag of Marbles","Letter Opener","Busted Crown"],"potions_floor_usage":[],"damage_taken":[{"damage":3.0,"enemies":"Jaw Worm","floor":1.0,"turns":4.0},{"damage":1.0,"enemies":"Small Slimes","floor":3.0,"turns":3.0},{"damage":6.0,"enemies":"2 Louse","floor":4.0,"turns":2.0},{"damage":10.0,"enemies":"Gremlin Gang","floor":5.0,"turns":7.0},{"damage":6.0,"enemies":"Blue Slaver","floor":7.0,"turns":5.0},{"damage":9,"enemies":"3 Louse","floor":8,"turns":4},{"damage":8,"enemies":"Red Slaver","floor":11,"turns":5},{"damage":10,"enemies":"Slime Boss","floor":16,"turns":9},{"damage":15,"enemies":"2 Thieves","floor":18,"turns":3},{"damage":0,"enemies":"Spheric Guardian","floor":20,"turns":2},{"damage":11,"enemies":"Snake Plant","floor":22,"turns":3},{"damage":13,"enemies":"Slaver and Parasite","floor":25,"turns":4},{"damage":2,"enemies":"Centurion and Healer","floor":28,"turns":3},{"damage":0,"enemies":"Cultist and Chosen","floor":29,"turns":4},{"damage":26,"enemies":"Gremlin Leader","floor":30,"turns":5},{"damage":9,"enemies":"Snecko","floor":31,"turns":3},{"damage":23,"enemies":"Collector","floor":33,"turns":6},{"damage":49,"enemies":"3 Darklings","floor":35,"turns":4},{"damage":10,"enemies":"Flame Bruiser 1 Orb","floor":36,"turns":4},{"damage":16,"enemies":"Spire Growth","floor":37,"turns":2}],"seed_played":"-9200818513284910257","potions_obtained":[],"is_trial":false,"path_per_floor":["M","?","M","M","M","R","M","M","T","R","M","R","$","?","R","B",null,"M","?","M","?","M","?","R","M","T","R","M","M","E","M","R","B",null,"M","M"],"character_chosen":"DEFECT","items_purchased":[],"campfire_rested":5,"item_purchase_floors":[],"current_hp_per_floor":[72,72,71,65,55,75,69,60,60,60,52,74,74,59,59,49,75,60,60,60,53,42,42,64,51,51,73,71,71,45,36,58,35,75,26,16,0],"gold":175,"neow_bonus":"BOSS_RELIC","is_prod":false,"is_daily":false,"chose_seed":false,"campfire_upgraded":2,"win_rate":0.0,"timestamp":1531770879,"path_taken":["M","?","M","M","M","R","M","M","T","R","M","R","$","?","R","BOSS","M","?","M","?","M","?","R","?","T","R","M","?","E","M","R","BOSS","M","M","M"],"build_version":"2018-07-12","purchased_purges":1,"victory":false,"max_hp_per_floor":[75,75,75,75,75,75,75,75,75,75,75,75,75,75,75,75,75,75,75,75,75,75,75,75,75,75,75,75,75,75,75,75,75,75,75,75,75],"card_choices":[{"not_picked":["Coolheaded","Go for the Eyes"],"picked":"Steam","floor":1.0},{"not_picked":["Skim","Loop"],"picked":"Defragment","floor":3.0},{"not_picked":["Defragment","Cold Snap","Double Energy"],"picked":"SKIP","floor":4.0},{"not_picked":["Self Repair","Coolheaded","Go for the Eyes"],"picked":"SKIP","floor":5.0},{"not_picked":["Chill","Recycle","Redo"],"picked":"SKIP","floor":7.0},{"not_picked":["Sweeping Beam","Steam Power"],"picked":"Conserve Battery","floor":8},{"not_picked":["Heatsinks","Sunder"],"picked":"Rebound","floor":11},{"not_picked":["Compile Driver","Redo"],"picked":"Tempest","floor":12},{"not_picked":["Meteor Strike","Multi-Cast"],"picked":"Electrodynamics","floor":16},{"not_picked":["Go for the Eyes+1","Storm"],"picked":"Melter+1","floor":18},{"not_picked":["Fusion","Coolheaded"],"picked":"Conserve Battery","floor":20},{"not_picked":["Rip and Tear","Aggregate+1"],"picked":"Conserve Battery+1","floor":22},{"not_picked":["Glacier","Stack","Leap"],"picked":"SKIP","floor":25},{"not_picked":["Tempest","Cold Snap"],"picked":"Biased Cognition","floor":27},{"not_picked":["Defragment","BootSequence","Rebound+1"],"picked":"SKIP","floor":28},{"not_picked":["Coolheaded+1","Aggregate","Double Energy"],"picked":"SKIP","floor":29},{"not_picked":["Cold Snap","Beam Cell","Go for the Eyes"],"picked":"SKIP","floor":30},{"not_picked":["Sweeping Beam","Conserve Battery+1"],"picked":"Ball Lightning+1","floor":31},{"not_picked":["Multi-Cast","Redo+1"],"picked":"Tempest","floor":32},{"not_picked":["Doom and Gloom+1"],"picked":"SKIP","floor":35},{"not_picked":["Redo"],"picked":"SKIP","floor":36}],"player_experience":254511,"relics_obtained":[{"floor":9,"key":"Dream Catcher"},{"floor":26,"key":"Bag of Marbles"},{"floor":30,"key":"Letter Opener"}],"event_choices":[{"event_name":"The Cleric","player_choice":"Card Removal","floor":2.0,"damage_taken":0.0},{"event_name":"Shining Light","player_choice":"Entered Light","floor":14,"damage_taken":0},{"event_name":"Wheel of Change","player_choice":"Gold","floor":19,"damage_taken":0},{"event_name":"Knowing Skull","player_choice":"","floor":21,"damage_taken":0},{"event_name":"The Mausoleum","player_choice":"No","floor":23,"damage_taken":0}],"boss_relics":[{"not_picked":["Cursed Key","Runic Pyramid"],"picked":"Ectoplasm"},{"not_picked":["Snecko Eye","Astrolabe"],"picked":"Busted Crown"}],"items_purged_floors":[13],"is_endless":false,"potions_floor_spawned":[1,3,8,11,18,20,31,33],"killed_by":"Spire Growth","ascension_level":0}