{"path_per_floor":["M","M","?","M","$","R","?","M","T","M","?","E","M","M","R","B",null,"M","$","M","M","M","R","M"],"character_chosen":"DEFECT","items_purchased":["Thunder Strike","Redo","Capacitor","Deep Breath"],"gold_per_floor":[118,129,204,217,14,14,14,33,33,45,45,73,91,103,103,204,204,223,48,64,82,98,98,113,113],"floor_reached":25,"campfire_rested":3,"playtime":1882,"item_purchase_floors":[5,5,19,19],"current_hp_per_floor":[74,68,57,57,57,75,75,70,70,65,75,60,60,46,68,39,75,75,75,51,43,27,49,20,0],"items_purged":[],"gold":113,"score":209,"play_id":"34317265-c556-4c93-817c-eb7c08114647","local_time":"20180614221944","is_prod":false,"is_daily":false,"chose_seed":false,"is_ascension_mode":false,"campfire_upgraded":0,"win_rate":0.0,"timestamp":1529029184,"campfire_choices":[{"floor":6,"key":"REST"},{"floor":15,"key":"REST"},{"floor":23,"key":"REST"}],"path_taken":["M","M","?","M","$","R","?","?","T","M","?","E","M","M","R","BOSS","M","$","?","M","M","R","M","M"],"build_version":"2018-06-14","seed_source_timestamp":138152263002036,"purchased_purges":0,"victory":false,"master_deck":["Strike_B","Strike_B","Strike_B","Strike_B","Defend_B","Defend_B","Defend_B","Defend_B","Zap+1","Dualcast","Ball Lightning","Ball Lightning","Self Repair","Thunder Strike","Redo","Leap","Biased Cognition","Parasite","Sweeping Beam","Conserve Battery","Static Discharge","Electrodynamics","Capacitor","Deep Breath","Static Discharge","Ball Lightning"],"max_hp_per_floor":[75,75,75,75,75,75,75,75,75,75,75,75,75,75,75,75,75,75,75,75,75,75,75,75,75],"relics":["Cracked Core","Mummified Hand","Bottled Tornado","Ancient Tea Set","White Beast Statue"],"card_choices":[{"not_picked":["Scrape","Go for the Eyes"],"picked":"Ball Lightning","floor":1},{"not_picked":["Hologram","Steam"],"picked":"Ball Lightning","floor":2},{"not_picked":["Loop","Conserve Battery"],"picked":"Self Repair","floor":4},{"not_picked":["Stack","Defragment"],"picked":"Leap","floor":8},{"not_picked":["Lockon","Rebound"],"picked":"Biased Cognition","floor":10},{"not_picked":["FTL","Barrage"],"picked":"Sweeping Beam","floor":12},{"not_picked":["Undo","Stack"],"picked":"Conserve Battery","floor":13},{"not_picked":["Tempest","Ball Lightning"],"picked":"Static Discharge","floor":14},{"not_picked":["Multi-Cast","Machine Learning"],"picked":"Electrodynamics","floor":16},{"not_picked":["Hello World","Skim","Coolheaded+1"],"picked":"SKIP","floor":18},{"not_picked":["Barrage+1","Coolheaded+1"],"picked":"Static Discharge","floor":20},{"not_picked":["Go for the Eyes","Chill","Cold Snap"],"picked":"SKIP","floor":21},{"not_picked":["Cold Snap","Rainbow","Redo"],"picked":"SKIP","floor":22},{"not_picked":["Go for the Eyes","Fusion"],"picked":"Ball Lightning","floor":24}],"player_experience":29268,"potions_floor_usage":[14,14,16,20,21,24],"damage_taken":[{"damage":1,"enemies":"Cultist","floor":1,"turns":3},{"damage":6,"enemies":"Jaw Worm","floor":2,"turns":3},{"damage":0,"enemies":"Small Slimes","floor":4,"turns":3},{"damage":5,"enemies":"Looter","floor":8,"turns":3},{"damage":12,"enemies":"Exordium Wildlife","floor":10,"turns":2},{"damage":22,"enemies":"Lagavulin","floor":12,"turns":4},{"damage":7,"enemies":"Blue Slaver","floor":13,"turns":2},{"damage":21,"enemies":"Lots of Slimes","floor":14,"turns":3},{"damage":36,"enemies":"Hexaghost","floor":16,"turns":5},{"damage":3,"enemies":"Spheric Guardian","floor":18,"turns":3},{"damage":31,"enemies":"Shell Parasite","floor":20,"turns":5},{"damage":15,"enemies":"Centurion and Healer","floor":21,"turns":6},{"damage":23,"enemies":"Snecko","floor":22,"turns":4},{"damage":36,"enemies":"Snake Plant","floor":24,"turns":4},{"damage":22,"enemies":"Slaver and Parasite","floor":25,"turns":2}],"relics_obtained":[{"floor":9,"key":"Bottled Tornado"},{"floor":12,"key":"Ancient Tea Set"}],"event_choices":[{"event_name":"World of Goop","player_choice":"Gather Gold","floor":3,"damage_taken":0},{"event_name":"Dead Adventurer","player_choice":"Searched \u00271\u0027 times","floor":7,"damage_taken":0},{"event_name":"Mushrooms","player_choice":"Healed and dodged fight","floor":11,"damage_taken":0}],"boss_relics":[{"not_picked":["Runic Dome","Coffee Dripper"],"picked":"White Beast Statue"}],"items_purged_floors":[],"is_endless":false,"potions_floor_spawned":[1,10,12,14,18,20,21,22,24],"seed_played":"1603834142845626610","killed_by":"Slaver and Parasite","ascension_level":0,"potions_obtained":[{"floor":1,"key":"Swift Potion"},{"floor":10,"key":"EssenceOfSteel"},{"floor":12,"key":"Weak Potion"},{"floor":14,"key":"Fire Potion"},{"floor":18,"key":"LiquidBronze"},{"floor":20,"key":"SteroidPotion"},{"floor":21,"key":"Strength Potion"},{"floor":22,"key":"LiquidBronze"},{"floor":24,"key":"SpeedPotion"}],"is_trial":false}