{"gold_per_floor":[109,55,55,75,0,0,75,75,102,118,118,130,148,163,163,266,266,280,280,298,198,123,123,137,137,137,137,60,60,60,60,60,60],"floor_reached":33,"playtime":973,"items_purged":["Sentinel","Twin Strike"],"score":233,"play_id":"19dda8a7-d997-4e09-8208-4789143b86d2","local_time":"20180814201214","daily_mods":["Draft","Vintage"],"is_ascension_mode":false,"campfire_choices":[{"data":"Rampage","floor":6,"key":"SMITH"},{"data":"Flex","floor":11,"key":"SMITH"},{"data":"Slice","floor":15,"key":"SMITH"},{"data":"Bullet Time","floor":23,"key":"SMITH"},{"data":"Endless Agony","floor":25,"key":"SMITH"},{"data":"Headbutt","floor":27,"key":"SMITH"},{"data":"J.A.X.","floor":32,"key":"SMITH"}],"neow_cost":"","seed_source_timestamp":0,"circlet_count":0,"master_deck":["Dodge and Roll","Wild Strike","Slice+1","Cloak And Dagger","Backstab","Endless Agony+1","Headbutt+1","Armaments","Wild Strike","Rampage+1","Flex+1","Bullet Time+1","Bullet Time","J.A.X.+1"],"relics":["Black Blood","Pantograph","Magic Flower","Pen Nib","Question Card","Meat on the Bone","Unceasing Top","Red Skull","Shuriken","Mercury Hourglass","Matryoshka","Pear","Bag of Preparation","Kunai"],"potions_floor_usage":[],"damage_taken":[{"damage":2,"enemies":"Jaw Worm","floor":1,"turns":2},{"damage":0,"enemies":"Small Slimes","floor":4,"turns":2},{"damage":0,"enemies":"Cultist","floor":10,"turns":2},{"damage":0,"enemies":"2 Fungi Beasts","floor":12,"turns":2},{"damage":0,"enemies":"Exordium Wildlife","floor":13,"turns":2},{"damage":0,"enemies":"Blue Slaver","floor":14,"turns":2},{"damage":32,"enemies":"Hexaghost","floor":16,"turns":7},{"damage":13,"enemies":"Shell Parasite","floor":18,"turns":3},{"damage":7,"enemies":"2 Thieves","floor":20,"turns":2},{"damage":27,"enemies":"Centurion and Healer","floor":24,"turns":5},{"damage":97,"enemies":"Collector","floor":33,"turns":5}],"seed_played":"4850619044409397389","potions_obtained":[{"floor":1,"key":"SkillPotion"},{"floor":4,"key":"LiquidBronze"},{"floor":12,"key":"SpeedPotion"},{"floor":20,"key":"SmokeBomb"}],"is_trial":true,"path_per_floor":["M","$","?","M","$","R","?","?","T","M","R","M","M","M","R","B",null,"M","?","M","$","?","R","M","R","T","R","?","$","?","$","R"],"character_chosen":"IRONCLAD","items_purchased":["Flex"],"campfire_rested":0,"item_purchase_floors":[2],"current_hp_per_floor":[80,80,80,80,80,80,69,80,80,80,80,80,80,80,80,57,80,80,80,80,80,80,80,78,78,78,78,78,78,78,78,78,0],"gold":60,"neow_bonus":"","is_prod":false,"is_daily":false,"chose_seed":false,"campfire_upgraded":7,"win_rate":0.0,"timestamp":1534291934,"path_taken":["M","$","?","?","$","R","?","?","T","M","R","?","M","M","R","BOSS","M","?","M","$","?","R","?","R","T","R","?","$","?","?","R","BOSS"],"build_version":"2018-08-09","purchased_purges":2,"victory":false,"max_hp_per_floor":[80,80,80,80,80,80,80,80,80,80,80,80,80,80,80,80,80,80,80,80,80,80,80,90,90,90,90,90,90,90,90,90,90],"card_choices":[{"not_picked":["Entrench","Searing Blow"],"picked":"Dodge and Roll","floor":0},{"not_picked":["Well Laid Plans","Whirlwind"],"picked":"Twin Strike","floor":0},{"not_picked":["Flying Knee","Cleave"],"picked":"Wild Strike","floor":0},{"not_picked":["Prepared","Headbutt"],"picked":"Slice","floor":0},{"not_picked":["True Grit","Havoc"],"picked":"Cloak And Dagger","floor":0},{"not_picked":["Cleave","Clash"],"picked":"Noxious Fumes","floor":0},{"not_picked":["Bloodletting","True Grit"],"picked":"Backstab","floor":0},{"not_picked":["Flame Barrier","Intimidate"],"picked":"Sucker Punch","floor":0},{"not_picked":["Twin Strike","Deadly Poison"],"picked":"Endless Agony","floor":0},{"not_picked":["Deflect","Thunderclap"],"picked":"Headbutt","floor":0},{"not_picked":["Infernal Blade","Dropkick"],"picked":"Armaments","floor":0},{"not_picked":["Dropkick","Cloak And Dagger"],"picked":"Leg Sweep","floor":0},{"not_picked":["Catalyst","Masterful Stab"],"picked":"Sentinel","floor":0},{"not_picked":["Eviscerate","Tactician"],"picked":"Wild Strike","floor":0},{"not_picked":["Prepared","Deflect"],"picked":"Rampage","floor":0},{"not_picked":["Dark Embrace","Bludgeon","Glass Knife"],"picked":"Bullet Time","floor":16}],"player_experience":305974,"relics_obtained":[{"floor":1,"key":"Pantograph"},{"floor":4,"key":"Magic Flower"},{"floor":9,"key":"Pen Nib"},{"floor":10,"key":"Question Card"},{"floor":12,"key":"Meat on the Bone"},{"floor":13,"key":"Unceasing Top"},{"floor":14,"key":"Red Skull"},{"floor":16,"key":"Shuriken"},{"floor":18,"key":"Mercury Hourglass"},{"floor":20,"key":"Matryoshka"},{"floor":24,"key":"Pear"},{"floor":26,"key":"Bag of Preparation"},{"floor":26,"key":"Kunai"}],"event_choices":[{"event_name":"Living Wall","player_choice":"Forget","floor":3,"damage_taken":0},{"event_name":"World of Goop","player_choice":"Gather Gold","floor":7,"damage_taken":0},{"event_name":"Bonfire Elementals","player_choice":"UNCOMMON","floor":8,"damage_taken":0},{"event_name":"Match and Keep!","player_choice":"1 cards matched","floor":19,"damage_taken":0},{"event_name":"Beggar","player_choice":"Gave Gold","floor":22,"damage_taken":0},{"event_name":"Drug Dealer","player_choice":"Got JAXXED","floor":28,"damage_taken":0},{"event_name":"Cursed Tome","player_choice":"Ignored","floor":30,"damage_taken":0}],"is_beta":false,"boss_relics":[{"not_picked":["Sozu","Runic Dome"],"picked":"Black Blood"}],"items_purged_floors":[5,21],"is_endless":false,"potions_floor_spawned":[1,4,12,20,24],"killed_by":"Collector","ascension_level":0}