{"gold_per_floor":[13,29,29,46,60,60,74,94,94,19,19,19,35,46,46,46],"floor_reached":16,"playtime":566,"items_purged":["Bash"],"score":121,"play_id":"ea8f1142-d0d9-4c30-a99c-992b076e7770","local_time":"20180714141501","is_ascension_mode":false,"campfire_choices":[{"data":"Shrug It Off","floor":6,"key":"SMITH"},{"floor":11,"key":"REST"},{"data":"Strike_R","floor":15,"key":"SMITH"}],"neow_cost":"NO_GOLD","seed_source_timestamp":14733010122241,"circlet_count":0,"master_deck":["Strike_R","Strike_R","Strike_R","Strike_R","Strike_R+1","Defend_R","Defend_R","Defend_R","Shrug It Off+1","Carnage+1","Injury"],"relics":["Burning Blood","Bottled Flame"],"potions_floor_usage":[],"damage_taken":[{"damage":6,"enemies":"Jaw Worm","floor":1,"turns":3},{"damage":12,"enemies":"Small Slimes","floor":2,"turns":4},{"damage":1,"enemies":"Cultist","floor":4,"turns":4},{"damage":15,"enemies":"Looter","floor":5,"turns":4},{"damage":39,"enemies":"Exordium Thugs","floor":7,"turns":8},{"damage":19,"enemies":"Lots of Slimes","floor":8,"turns":4},{"damage":10,"enemies":"Looter","floor":13,"turns":3},{"damage":0,"enemies":"Exordium Wildlife","floor":14,"turns":3},{"damage":72,"enemies":"The Guardian","floor":16,"turns":9}],"seed_played":"3784177953103108208","potions_obtained":[{"floor":4,"key":"SpeedPotion"},{"floor":5,"key":"Block Potion"},{"floor":7,"key":"Regen Potion"}],"is_trial":false,"path_per_floor":["M","M","?","M","M","R","M","M","T","$","R","?","M","M","R"],"character_chosen":"IRONCLAD","items_purchased":[],"campfire_rested":1,"item_purchase_floors":[],"current_hp_per_floor":[96,90,90,95,86,86,53,40,40,40,68,68,64,70,70,0],"gold":46,"neow_bonus":"TWENTY_PERCENT_HP_BONUS","is_prod":false,"is_daily":false,"chose_seed":false,"campfire_upgraded":2,"win_rate":0.0,"timestamp":1531592101,"path_taken":["M","M","?","M","M","R","M","?","T","$","R","?","?","M","R","BOSS"],"build_version":"2018-07-12","purchased_purges":1,"victory":false,"max_hp_per_floor":[96,96,96,96,96,96,96,96,96,96,96,96,96,96,96,96],"card_choices":[{"not_picked":["Heavy Blade","Havoc","Power Through"],"picked":"SKIP","floor":1},{"not_picked":["Infernal Blade","Cleave","True Grit"],"picked":"SKIP","floor":2},{"not_picked":["Sever Soul","Ghostly Armor"],"picked":"Shrug It Off","floor":4},{"not_picked":["Burning Pact","Thunderclap","Iron Wave"],"picked":"SKIP","floor":5},{"not_picked":["Havoc","True Grit"],"picked":"Carnage","floor":7},{"not_picked":["Clash","Power Through","True Grit"],"picked":"SKIP","floor":8},{"not_picked":["Flex","Combust","Brutality"],"picked":"SKIP","floor":13},{"not_picked":["Disarm","Body Slam","Searing Blow"],"picked":"SKIP","floor":14}],"player_experience":246378,"relics_obtained":[{"floor":9,"key":"Bottled Flame"}],"event_choices":[{"event_name":"Living Wall","player_choice":"Forget","floor":3,"damage_taken":0},{"event_name":"Accursed Blacksmith","player_choice":"Forge","floor":12,"damage_taken":0}],"boss_relics":[],"items_purged_floors":[10],"is_endless":false,"potions_floor_spawned":[4,5,7,8],"killed_by":"The Guardian","ascension_level":0}