{"gold_per_floor":[109,109,129,129,129,142,142,181,204,55,55],"floor_reached":11,"playtime":468,"items_purged":[],"score":78,"play_id":"e75a33d8-9c13-4306-8e89-56c6ed7836e0","local_time":"20190407182050","is_ascension_mode":true,"campfire_choices":[{"floor":7,"key":"REST"}],"neow_cost":"TEN_PERCENT_HP_LOSS","seed_source_timestamp":343991620583628,"circlet_count":0,"master_deck":["Defend_G","Defend_G","Defend_G+1","Defend_G+1","Defend_G","Strike_G","Strike_G","Strike_G","Strike_G","Strike_G","Survivor","Neutralize+1","Flying Knee","Prepared","Sucker Punch","Grand Finale"],"relics":["Ring of the Snake","Mango","Golden Idol","Smiling Mask","Lantern"],"potions_floor_usage":[],"damage_taken":[{"damage":10,"enemies":"Jaw Worm","floor":1,"turns":7},{"damage":0,"enemies":"Cultist","floor":3,"turns":3},{"damage":0,"enemies":"2 Louse","floor":6,"turns":2},{"damage":31,"enemies":"Lagavulin","floor":8,"turns":9},{"damage":27,"enemies":"3 Sentries","floor":11,"turns":8}],"seed_played":"8708802369593700939","potions_obtained":[{"floor":6,"key":"Fire Potion"},{"floor":8,"key":"Ancient Potion"}],"is_trial":false,"path_per_floor":["M","?","M","?","?","M","R","E","T","$","E"],"character_chosen":"THE_SILENT","items_purchased":["Grand Finale"],"campfire_rested":1,"item_purchase_floors":[10],"current_hp_per_floor":[67,67,67,48,33,33,56,25,25,25,0],"gold":55,"neow_bonus":"ONE_RARE_RELIC","is_prod":false,"is_daily":false,"chose_seed":false,"campfire_upgraded":0,"win_rate":0,"timestamp":1554675650,"path_taken":["M","?","?","?","?","M","R","E","T","$","E"],"build_version":"2019-01-23","purchased_purges":0,"victory":false,"max_hp_per_floor":[77,77,77,77,77,77,77,77,77,77,77],"card_choices":[{"not_picked":["Acrobatics","Quick Slash"],"picked":"Flying Knee","floor":1},{"not_picked":["Quick Slash","Backflip"],"picked":"Prepared","floor":3},{"not_picked":["Blade Dance","Dodge and Roll"],"picked":"Sucker Punch","floor":6},{"not_picked":["PiercingWail","Predator","Flechettes"],"picked":"SKIP","floor":8}],"player_experience":225543,"relics_obtained":[{"floor":8,"key":"Smiling Mask"},{"floor":9,"key":"Lantern"}],"event_choices":[{"damage_healed":0,"gold_gain":0,"player_choice":"Upgraded","damage_taken":0,"max_hp_gain":0,"max_hp_loss":0,"event_name":"Upgrade Shrine","floor":2,"gold_loss":0,"cards_upgraded":["Neutralize"]},{"damage_healed":0,"gold_gain":0,"player_choice":"Take Damage","damage_taken":19,"relics_obtained":["Golden Idol"],"max_hp_gain":0,"max_hp_loss":0,"event_name":"Golden Idol","floor":4,"gold_loss":0},{"damage_healed":0,"gold_gain":0,"player_choice":"Entered Light","damage_taken":15,"max_hp_gain":0,"max_hp_loss":0,"event_name":"Shining Light","floor":5,"gold_loss":0,"cards_upgraded":["Defend_G","Defend_G"]}],"is_beta":false,"boss_relics":[],"items_purged_floors":[],"is_endless":false,"potions_floor_spawned":[6,8],"killed_by":"3 Sentries","ascension_level":2}