{"path_per_floor":["M","$","M","M","$","R","M","M","T","R","?","E","R","?","R","B",null,"M","M","M","$","M","R"],"character_chosen":"THE_SILENT","items_purchased":["Noxious Fumes","Backflip"],"gold_per_floor":[113,43,59,71,20,20,32,50,50,50,80,113,113,113,113,211,211,201,211,231,156,168,168,168],"floor_reached":24,"campfire_rested":4,"playtime":1268,"item_purchase_floors":[],"current_hp_per_floor":[38,38,37,34,34,59,56,52,52,77,77,59,84,84,84,31,84,61,61,19,19,7,32,0],"items_purged":["Strike_G"],"gold":168,"score":198,"play_id":"f8f00328-0086-4178-a5c0-b95bfc2f3dea","local_time":"20180620212830","is_prod":false,"is_daily":false,"chose_seed":false,"is_ascension_mode":false,"campfire_upgraded":1,"win_rate":0,"timestamp":1529544510,"campfire_choices":[{"floor":6.0,"key":"REST"},{"floor":10.0,"key":"REST"},{"floor":13.0,"key":"REST"},{"data":"Blur","floor":15.0,"key":"SMITH"},{"floor":23,"key":"REST"}],"path_taken":["M","$","M","M","$","R","?","M","T","R","?","E","R","?","R","BOSS","M","M","M","$","M","R","E"],"build_version":"2018-06-14v2","seed_source_timestamp":0,"purchased_purges":1,"victory":false,"master_deck":["Defend_G","Defend_G","Defend_G","Defend_G","Strike_G","Strike_G","Strike_G","Strike_G","Survivor","Neutralize","Blur+1","Noxious Fumes+1","Dodge and Roll","Crippling Poison","Backflip","Dagger Throw","Predator","Crippling Poison","Night Terror","Deadly Poison","Bouncing Flask","Unload"],"max_hp_per_floor":[84,84,84,84,84,84,84,84,84,84,84,84,84,84,84,84,84,84,84,84,84,84,84,84],"special_seed":0,"relics":["Ring of the Snake","Bottled Flame","Shuriken","Toolbox","Empty Cage"],"card_choices":[{"not_picked":["Underhanded Strike","Deflect"],"picked":"Blur","floor":1.0},{"not_picked":["Caltrops","Accuracy"],"picked":"Dodge and Roll","floor":3.0},{"not_picked":["Underhanded Strike","Footwork"],"picked":"Crippling Poison","floor":4.0},{"not_picked":["Reflex","Eviscerate"],"picked":"Dagger Throw","floor":7.0},{"not_picked":["Dodge and Roll","Footwork"],"picked":"Predator","floor":8.0},{"not_picked":["Reflex","Deadly Poison"],"picked":"Crippling Poison","floor":12.0},{"not_picked":["Storm of Steel","Tools of the Trade"],"picked":"Night Terror","floor":16.0},{"not_picked":["Dagger Spray","Cloak And Dagger"],"picked":"Deadly Poison","floor":18.0},{"not_picked":["Poisoned Stab","Flying Knee"],"picked":"Bouncing Flask","floor":19.0},{"not_picked":["Dagger Throw+1","Underhanded Strike"],"picked":"Unload","floor":20.0},{"not_picked":["Distraction","Well Laid Plans","Deflect"],"picked":"SKIP","floor":22.0}],"player_experience":156580,"potions_floor_usage":[],"damage_taken":[{"damage":4.0,"enemies":"Cultist","floor":1.0,"turns":4.0},{"damage":1.0,"enemies":"Jaw Worm","floor":3.0,"turns":5.0},{"damage":3.0,"enemies":"2 Louse","floor":4.0,"turns":5.0},{"damage":3.0,"enemies":"Looter","floor":7.0,"turns":5.0},{"damage":4.0,"enemies":"Red Slaver","floor":8.0,"turns":5.0},{"damage":18.0,"enemies":"3 Sentries","floor":12.0,"turns":7.0},{"damage":53.0,"enemies":"The Guardian","floor":16.0,"turns":13.0},{"damage":23.0,"enemies":"2 Thieves","floor":18.0,"turns":4.0},{"damage":0.0,"enemies":"3 Byrds","floor":19.0,"turns":4.0},{"damage":46.0,"enemies":"Sentry and Sphere","floor":20.0,"turns":8.0},{"damage":12.0,"enemies":"Snecko","floor":22.0,"turns":6.0},{"damage":32,"enemies":"Slavers","floor":24,"turns":1}],"relics_obtained":[{"floor":9.0,"key":"Bottled Flame"},{"floor":12.0,"key":"Toolbox"}],"event_choices":[{"event_name":"Dead Adventurer","player_choice":"Searched \u00272\u0027 times","floor":11.0,"damage_taken":0.0},{"event_name":"Accursed Blacksmith","player_choice":"Forge","floor":14.0,"damage_taken":0.0}],"boss_relics":[{"not_picked":["Coffee Dripper","Cursed Key"],"picked":"Empty Cage"}],"items_purged_floors":[],"is_endless":false,"potions_floor_spawned":[7,8,12,16,19],"seed_played":"4389828488757044991","killed_by":"Slavers","ascension_level":0,"potions_obtained":[{"floor":7.0,"key":"Explosive Potion"},{"floor":8.0,"key":"Swift Potion"},{"floor":12.0,"key":"AttackPotion"},{"floor":16.0,"key":"EntropicBrew"},{"floor":19.0,"key":"SneckoOil"}],"is_trial":false}