{"gold_per_floor":[115,115,115,265,265,265,600,600,600,633,683,704,729,747,747,747],"floor_reached":16,"playtime":291,"items_purged":[],"score":416,"play_id":"ec390be3-0924-4cc2-870f-d522f0f58189","local_time":"20190316233208","is_ascension_mode":true,"campfire_choices":[{"data":"Bash","floor":6,"key":"SMITH"},{"data":"Pommel Strike","floor":8,"key":"SMITH"},{"data":"Thunderclap","floor":15,"key":"SMITH"}],"neow_cost":"NONE","seed_source_timestamp":91544863410488,"circlet_count":0,"master_deck":["AscendersBane","Strike_R","Strike_R","Strike_R","Strike_R","Strike_R","Defend_R","Defend_R","Defend_R","Defend_R","Bash+1","Pommel Strike+1","Doubt","Headbutt","Thunderclap+1"],"relics":["Burning Blood","NeowsBlessing","Golden Idol","Self Forming Clay","Old Coin","Du-Vu Doll","Art of War"],"potions_floor_usage":[12,16,16],"damage_taken":[{"damage":0,"enemies":"Jaw Worm","floor":1,"turns":1},{"damage":0,"enemies":"Lagavulin","floor":7,"turns":1},{"damage":0,"enemies":"3 Sentries","floor":10,"turns":2},{"damage":0,"enemies":"2 Louse","floor":12,"turns":2},{"damage":6,"enemies":"Cultist","floor":13,"turns":3},{"damage":11,"enemies":"2 Fungi Beasts","floor":14,"turns":3}],"seed_played":"5991030673850709841","potions_obtained":[{"floor":7,"key":"Explosive Potion"},{"floor":10,"key":"SpeedPotion"},{"floor":14,"key":"GamblersBrew"}],"is_trial":false,"path_per_floor":["M","?","$","?","T","R","E","R","T","E","?","M","M","M","R","B"],"character_chosen":"IRONCLAD","items_purchased":[],"campfire_rested":0,"item_purchase_floors":[],"current_hp_per_floor":[74,48,48,48,48,48,54,54,54,60,60,66,66,61,61,0],"gold":747,"neow_bonus":"THREE_ENEMY_KILL","is_prod":false,"is_daily":false,"chose_seed":false,"campfire_upgraded":3,"win_rate":0,"timestamp":1552764728,"path_taken":["M","?","$","?","?","R","E","R","T","E","?","M","M","?","R","BOSS"],"build_version":"2019-01-23","purchased_purges":0,"victory":false,"max_hp_per_floor":[75,75,75,75,75,75,75,75,75,75,75,75,75,75,75,75],"card_choices":[{"not_picked":["Havoc","Wild Strike"],"picked":"Pommel Strike","floor":1},{"not_picked":["Intimidate","Rupture"],"picked":"Headbutt","floor":7},{"not_picked":["Flex","Infernal Blade"],"picked":"Thunderclap","floor":10},{"not_picked":["Clothesline","True Grit","Iron Wave"],"picked":"SKIP","floor":12},{"not_picked":["Warcry","Burning Pact","Clothesline"],"picked":"SKIP","floor":13},{"not_picked":["Warcry","Armaments","Iron Wave"],"picked":"SKIP","floor":14}],"player_experience":753425,"relics_obtained":[{"floor":5,"key":"Self Forming Clay"},{"floor":7,"key":"Old Coin"},{"floor":9,"key":"Du-Vu Doll"},{"floor":10,"key":"Art of War"}],"event_choices":[{"damage_healed":0,"gold_gain":0,"player_choice":"Take Damage","damage_taken":26,"relics_obtained":["Golden Idol"],"max_hp_gain":0,"max_hp_loss":0,"event_name":"Golden Idol","floor":2,"gold_loss":0},{"damage_healed":0,"gold_gain":150,"player_choice":"AGREE","damage_taken":0,"max_hp_gain":0,"max_hp_loss":0,"event_name":"Liars Game","floor":4,"gold_loss":0,"cards_obtained":["Doubt"]},{"damage_healed":0,"gold_gain":50,"player_choice":"Pray","damage_taken":0,"max_hp_gain":0,"max_hp_loss":0,"event_name":"Golden Shrine","floor":11,"gold_loss":0}],"is_beta":false,"boss_relics":[],"items_purged_floors":[],"is_endless":false,"potions_floor_spawned":[7,10,14],"killed_by":"The Guardian","ascension_level":20}