{"gold_per_floor":[109,124,0,0,17,45,45,45,45,45,55,66,76,92,92,92],"floor_reached":16,"playtime":501,"items_purged":["Bash"],"score":104,"play_id":"b10cedc2-dacb-4bd0-a7bd-db4fd7cb9865","local_time":"20180715200640","is_ascension_mode":false,"campfire_choices":[{"floor":8,"key":"REST"},{"floor":15,"key":"REST"}],"neow_cost":"NONE","seed_source_timestamp":122297337362936,"circlet_count":0,"master_deck":["Strike_R","Strike_R","Strike_R","Strike_R","Strike_R","Defend_R","Defend_R","Defend_R","Defend_R","Headbutt","Pommel Strike","Hemokinesis","Fiend Fire","Infernal Blade"],"relics":["Burning Blood","NeowsBlessing","Mango","Bird Faced Urn"],"potions_floor_usage":[16,16],"damage_taken":[{"damage":0,"enemies":"Cultist","floor":1,"turns":1},{"damage":0,"enemies":"Jaw Worm","floor":2,"turns":1},{"damage":0,"enemies":"2 Louse","floor":5,"turns":1},{"damage":37,"enemies":"Gremlin Nob","floor":6,"turns":4},{"damage":21,"enemies":"Exordium Wildlife","floor":11,"turns":2},{"damage":22,"enemies":"Exordium Thugs","floor":12,"turns":3},{"damage":3,"enemies":"Looter","floor":13,"turns":2},{"damage":31,"enemies":"Gremlin Gang","floor":14,"turns":4},{"damage":74,"enemies":"Slime Boss","floor":16,"turns":10}],"seed_played":"5892349616826724703","potions_obtained":[{"floor":1,"key":"LiquidBronze"},{"floor":6,"key":"Swift Potion"},{"floor":13,"key":"Explosive Potion"}],"is_trial":false,"path_per_floor":["M","M","$","$","M","E","?","R","T","$","M","M","M","M","R"],"character_chosen":"IRONCLAD","items_purchased":["Pommel Strike"],"campfire_rested":2,"item_purchase_floors":[3],"current_hp_per_floor":[80,80,80,80,80,63,63,91,91,91,76,60,63,38,66,0],"gold":92,"neow_bonus":"THREE_ENEMY_KILL","is_prod":false,"is_daily":false,"chose_seed":false,"campfire_upgraded":0,"win_rate":0.0,"timestamp":1531699600,"path_taken":["M","M","?","$","M","E","?","R","T","$","M","M","M","M","R","BOSS"],"build_version":"2018-07-12","purchased_purges":1,"victory":false,"max_hp_per_floor":[80,80,80,80,80,94,94,94,94,94,94,94,94,94,94,94],"card_choices":[{"not_picked":["Flex","Clash","True Grit"],"picked":"SKIP","floor":1},{"not_picked":["Dual Wield","Heavy Blade"],"picked":"Headbutt","floor":2},{"not_picked":["Intimidate","Warcry"],"picked":"Hemokinesis","floor":5},{"not_picked":["Twin Strike","Juggernaut"],"picked":"Fiend Fire","floor":6},{"not_picked":["Sever Soul","Burning Pact","Twin Strike"],"picked":"SKIP","floor":11},{"not_picked":["Burning Pact","Battle Trance"],"picked":"Infernal Blade","floor":12},{"not_picked":["Iron Wave","Cleave","Armaments"],"picked":"SKIP","floor":13},{"not_picked":["Intimidate","Clash","Armaments"],"picked":"SKIP","floor":14}],"player_experience":254010,"relics_obtained":[{"floor":6,"key":"Mango"},{"floor":9,"key":"Bird Faced Urn"}],"event_choices":[{"event_name":"Golden Idol","player_choice":"Ignored","floor":7,"damage_taken":0}],"boss_relics":[],"items_purged_floors":[3],"is_endless":false,"potions_floor_spawned":[1,6,13,14],"killed_by":"Slime Boss","ascension_level":0}