{"gold_per_floor":[119,138,138,151,164,164,199,199,199,210,230,9,26,26,26,126,126,106,44,44,44,57,57,90,90],"floor_reached":25,"playtime":911,"items_purged":["Normality"],"score":259,"play_id":"30b3f7bc-10fe-42da-b2b3-ff8c77d07e6f","local_time":"20190408164053","is_ascension_mode":true,"campfire_choices":[{"data":"Zap","floor":6,"key":"SMITH"},{"floor":8,"key":"REST"},{"data":"Hologram","floor":15,"key":"SMITH"},{"data":"1","floor":23,"key":"LIFT"}],"neow_cost":"TEN_PERCENT_HP_LOSS","seed_source_timestamp":17145076247555,"circlet_count":0,"master_deck":["Strike_B+1","Strike_B+1","Strike_B+1","Strike_B+1","Defend_B+1","Defend_B+1","Defend_B+1","Defend_B+1","Zap+1","Dualcast","Sweeping Beam","Hologram+1","Beam Cell","BootSequence+1","Conserve Battery+1","Echo Form","Steam","Gash"],"relics":["Cracked Core","Mango","FaceOfCleric","Omamori","War Paint","Membership Card","Calling Bell","Happy Flower","Mummified Hand","Girya","Pantograph"],"potions_floor_usage":[16,16,16,24],"damage_taken":[{"damage":0,"enemies":"Small Slimes","floor":1,"turns":3},{"damage":1,"enemies":"Cultist","floor":2,"turns":3},{"damage":6,"enemies":"Jaw Worm","floor":4,"turns":2},{"damage":0,"enemies":"3 Louse","floor":5,"turns":3},{"damage":21,"enemies":"Lagavulin","floor":7,"turns":6},{"damage":2,"enemies":"Looter","floor":10,"turns":3},{"damage":0,"enemies":"Red Slaver","floor":11,"turns":3},{"damage":8,"enemies":"Exordium Thugs","floor":13,"turns":4},{"damage":43,"enemies":"Slime Boss","floor":16,"turns":9},{"damage":15,"enemies":"2 Thieves","floor":18,"turns":4},{"damage":9,"enemies":"Shell Parasite","floor":22,"turns":6},{"damage":64,"enemies":"Slavers","floor":24,"turns":6},{"damage":5,"enemies":"Shelled Parasite and Fungi","floor":25,"turns":1}],"seed_played":"129456477040808321","potions_obtained":[{"floor":4,"key":"SkillPotion"},{"floor":5,"key":"Swift Potion"},{"floor":7,"key":"SpeedPotion"},{"floor":16,"key":"Block Potion"},{"floor":24,"key":"Poison Potion"}],"is_trial":false,"path_per_floor":["M","M","?","M","M","R","E","R","T","M","M","$","M","?","R","B",null,"M","$","?","?","M","R","E","M"],"character_chosen":"DEFECT","items_purchased":["Membership Card","Conserve Battery","Steam"],"campfire_rested":1,"item_purchase_floors":[12,12,19],"current_hp_per_floor":[82,81,81,76,77,77,57,82,82,81,82,82,75,57,57,15,89,75,75,75,75,67,67,4,0],"gold":90,"neow_bonus":"ONE_RARE_RELIC","is_prod":false,"is_daily":false,"chose_seed":false,"campfire_upgraded":2,"win_rate":0,"timestamp":1554756053,"path_taken":["M","M","?","M","M","R","E","R","T","?","M","$","M","?","R","BOSS","M","$","?","?","M","R","E","M"],"build_version":"2019-01-23","purchased_purges":1,"victory":false,"max_hp_per_floor":[82,82,82,83,84,84,85,85,85,86,87,87,88,88,88,89,89,90,90,90,90,91,91,92,92],"card_choices":[{"not_picked":["Cold Snap","Skim"],"picked":"Sweeping Beam","floor":1},{"not_picked":["Consume","Heatsinks"],"picked":"Hologram","floor":2},{"not_picked":["Redo","Chaos","Turbo"],"picked":"SKIP","floor":4},{"not_picked":["Coolheaded","Cold Snap"],"picked":"Beam Cell","floor":5},{"not_picked":["Recycle","Melter"],"picked":"BootSequence","floor":7},{"not_picked":["Leap","Redo","Compile Driver"],"picked":"SKIP","floor":10},{"not_picked":["Steam","Redo","Multi-Cast"],"picked":"SKIP","floor":11},{"not_picked":["Redo","Beam Cell","Sweeping Beam"],"picked":"SKIP","floor":13},{"not_picked":["Buffer","Core Surge"],"picked":"Echo Form","floor":16},{"not_picked":["Coolheaded","Stack+1","Hello World"],"picked":"SKIP","floor":18},{"not_picked":["Cold Snap","Leap","Sweeping Beam"],"picked":"SKIP","floor":22},{"not_picked":["Go for the Eyes","Compile Driver"],"picked":"Gash","floor":24}],"player_experience":463986,"relics_obtained":[{"floor":7,"key":"Omamori"},{"floor":9,"key":"War Paint"},{"floor":17,"key":"Happy Flower"},{"floor":17,"key":"Mummified Hand"},{"floor":17,"key":"Girya"},{"floor":24,"key":"Pantograph"}],"event_choices":[{"damage_healed":0,"gold_gain":0,"player_choice":"Trade","damage_taken":0,"relics_obtained":["FaceOfCleric"],"max_hp_gain":0,"max_hp_loss":0,"event_name":"FaceTrader","floor":3,"gold_loss":0},{"damage_healed":0,"gold_gain":0,"player_choice":"Entered Light","damage_taken":18,"max_hp_gain":0,"max_hp_loss":0,"event_name":"Shining Light","floor":14,"gold_loss":0,"cards_upgraded":["Strike_B","Conserve Battery"]},{"damage_healed":0,"gold_gain":0,"player_choice":"Simplicity","damage_taken":0,"max_hp_gain":0,"max_hp_loss":0,"event_name":"Back to Basics","floor":20,"gold_loss":0,"cards_upgraded":["Strike_B","Strike_B","Strike_B","Defend_B","Defend_B","Defend_B"]},{"damage_healed":0,"gold_gain":0,"player_choice":"Ignored","damage_taken":0,"max_hp_gain":0,"max_hp_loss":0,"event_name":"Beggar","floor":21,"gold_loss":0}],"is_beta":false,"boss_relics":[{"not_picked":["Snecko Eye","Busted Crown"],"picked":"Calling Bell"}],"items_purged_floors":[19],"is_endless":false,"potions_floor_spawned":[4,5,7,10,16,24],"killed_by":"Shelled Parasite and Fungi","ascension_level":1}