{"gold_per_floor":[111,124,139,153,153,153,183,183,183,183,197,222,222,251,251,349,349,366,379,394,44,44,79,89,117,117,117,147,147,157,185,185,284,284,296,342,564,221,321,321,346,346,346,366,391,411,411,425,425,425],"floor_reached":51,"playtime":10588,"items_purged":["Strike_R"],"score":813,"play_id":"ddf5ca08-6d4f-4a85-99c4-1ba2640a2f43","local_time":"20190226234202","is_ascension_mode":true,"campfire_choices":[{"data":"Feed","floor":6,"key":"SMITH"},{"floor":13,"key":"REST"},{"data":"Inflame","floor":15,"key":"SMITH"},{"floor":27,"key":"REST"},{"floor":29,"key":"REST"},{"data":"Limit Break","floor":32,"key":"SMITH"},{"floor":40,"key":"REST"},{"data":"Armaments","floor":42,"key":"SMITH"},{"data":"Armaments","floor":49,"key":"SMITH"}],"neow_cost":"TEN_PERCENT_HP_LOSS","seed_source_timestamp":171101948301284,"circlet_count":0,"master_deck":["Strike_R+1","Strike_R","Strike_R+1","Defend_R","Defend_R","Defend_R","Defend_R","Bash","Feed+1","Warcry","Inflame+1","Heavy Blade","Shrug It Off","Rage","Juggernaut","Iron Wave","Limit Break+1","Fire Breathing","Metallicize","Iron Wave","Metallicize","Ghostly Armor+1","Barricade","Flame Barrier","Armaments+1","Metallicize","Armaments+1"],"relics":["Burning Blood","Bag of Preparation","Letter Opener","Blood Vial","Dream Catcher","Bronze Scales","Sozu","TheAbacus","Red Skull","MutagenicStrength","Strawberry","Kunai","Mummified Hand","Whetstone","Red Mask","Lizard Tail","Peace Pipe","Membership Card","Happy Flower","Charon\u0027s Ashes","Centennial Puzzle","Bag of Marbles","Vajra"],"potions_floor_usage":[25,36],"damage_taken":[{"damage":1,"enemies":"Cultist","floor":1,"turns":3},{"damage":7,"enemies":"2 Louse","floor":2,"turns":3},{"damage":6,"enemies":"Jaw Worm","floor":3,"turns":4},{"damage":11,"enemies":"Exordium Wildlife","floor":4,"turns":5},{"damage":39,"enemies":"Lagavulin","floor":7,"turns":7},{"damage":6,"enemies":"Large Slime","floor":11,"turns":5},{"damage":34,"enemies":"Gremlin Nob","floor":12,"turns":5},{"damage":20,"enemies":"Lagavulin","floor":14,"turns":5},{"damage":20,"enemies":"Hexaghost","floor":16,"turns":9},{"damage":17,"enemies":"Spheric Guardian","floor":18,"turns":4},{"damage":10,"enemies":"3 Byrds","floor":19,"turns":2},{"damage":29,"enemies":"Sentry and Sphere","floor":20,"turns":5},{"damage":21,"enemies":"Book of Stabbing","floor":23,"turns":6},{"damage":12,"enemies":"Snake Plant","floor":24,"turns":3},{"damage":50,"enemies":"Gremlin Leader","floor":25,"turns":6},{"damage":40,"enemies":"Slavers","floor":28,"turns":4},{"damage":12,"enemies":"Snecko","floor":30,"turns":3},{"damage":0,"enemies":"Masked Bandits","floor":31,"turns":3},{"damage":51,"enemies":"Automaton","floor":33,"turns":9},{"damage":17,"enemies":"Orb Walker","floor":35,"turns":3},{"damage":99,"enemies":"2 Orb Walkers","floor":36,"turns":7},{"damage":0,"enemies":"Mind Bloom Boss Battle","floor":39,"turns":7},{"damage":65,"enemies":"Reptomancer","floor":41,"turns":6},{"damage":2,"enemies":"3 Shapes","floor":44,"turns":5},{"damage":8,"enemies":"Sphere and 2 Shapes","floor":46,"turns":5},{"damage":4,"enemies":"Spire Growth","floor":48,"turns":4},{"damage":67,"enemies":"Awakened One","floor":50,"turns":10}],"seed_played":"7760377377365627378","potions_obtained":[{"floor":3,"key":"SteroidPotion"},{"floor":4,"key":"SkillPotion"},{"floor":7,"key":"Swift Potion"}],"is_trial":false,"path_per_floor":["M","M","M","M","?","R","E","?","T","?","M","E","R","E","R","B",null,"M","M","M","$","?","E","M","E","T","R","E","R","M","?","R","B",null,"M","?","?","$","?","R","E","R","T","M","T","M","?","M","R","B",null],"character_chosen":"IRONCLAD","items_purchased":["TheAbacus","Red Skull","Membership Card","Happy Flower","Armaments"],"campfire_rested":4,"item_purchase_floors":[21,21,38,38,38],"current_hp_per_floor":[75,77,80,78,78,78,49,46,46,46,52,26,53,41,41,29,92,85,83,62,62,62,60,60,18,18,51,19,52,52,60,60,17,115,104,13,13,13,25,60,69,69,69,75,75,79,79,83,83,24],"gold":425,"neow_bonus":"THREE_RARE_CARDS","is_prod":false,"is_daily":false,"chose_seed":false,"campfire_upgraded":5,"win_rate":0,"timestamp":1551242522,"path_taken":["M","M","M","M","?","R","E","?","T","?","?","E","R","E","R","BOSS","M","M","M","$","?","E","M","E","T","R","E","R","M","?","R","BOSS","M","?","?","$","?","R","E","R","T","M","?","M","?","M","R","BOSS"],"build_version":"2019-01-23","purchased_purges":1,"victory":true,"max_hp_per_floor":[75,78,81,84,84,84,88,88,88,88,92,92,92,92,92,92,92,96,96,96,96,96,107,111,111,111,111,111,111,115,115,115,115,115,115,115,115,115,119,119,123,123,123,123,123,127,121,121,121,121],"card_choices":[{"not_picked":["Brutality","Offering"],"picked":"Feed","floor":0},{"not_picked":["Power Through","True Grit"],"picked":"Warcry","floor":1},{"not_picked":["Flex","Wild Strike"],"picked":"Inflame","floor":2},{"not_picked":["Reckless Charge","Carnage"],"picked":"Heavy Blade","floor":3},{"not_picked":["Iron Wave","Fire Breathing"],"picked":"Shrug It Off","floor":4},{"not_picked":["Havoc","Pummel"],"picked":"Juggernaut","floor":7},{"not_picked":["Shrug It Off","Combust","Pommel Strike"],"picked":"SKIP","floor":11},{"not_picked":["Burning Pact","Anger","Cleave"],"picked":"SKIP","floor":12},{"not_picked":["Rupture","Double Tap"],"picked":"Iron Wave","floor":14},{"not_picked":["Bludgeon","Exhume"],"picked":"Limit Break","floor":16},{"not_picked":["Cleave","Sword Boomerang+1"],"picked":"Fire Breathing","floor":18},{"not_picked":["Warcry+1","Flex"],"picked":"Metallicize","floor":19},{"not_picked":["Clothesline","Infernal Blade+1"],"picked":"Iron Wave","floor":20},{"not_picked":["Sentinel","Heavy Blade"],"picked":"Metallicize","floor":23},{"not_picked":["Pommel Strike","Cleave+1","Evolve"],"picked":"SKIP","floor":24},{"not_picked":["Evolve","Uppercut","Infernal Blade"],"picked":"SKIP","floor":25},{"not_picked":["Sword Boomerang","Thunderclap","Cleave"],"picked":"SKIP","floor":28},{"not_picked":["Rampage","Heavy Blade","Berserk"],"picked":"SKIP","floor":30},{"not_picked":["Wild Strike","Pummel+1"],"picked":"Ghostly Armor+1","floor":31},{"not_picked":["Berserk","Double Tap"],"picked":"Barricade","floor":33},{"not_picked":["Disarm+1","Intimidate+1"],"picked":"Flame Barrier","floor":35},{"not_picked":["Heavy Blade","Bloodletting+1","Thunderclap"],"picked":"SKIP","floor":41},{"not_picked":["Iron Wave+1","Clothesline+1"],"picked":"Metallicize","floor":44},{"not_picked":["Cleave+1","Wild Strike+1","Perfected Strike"],"picked":"SKIP","floor":46},{"not_picked":["Sever Soul+1","Power Through"],"picked":"Armaments","floor":48}],"player_experience":85543,"relics_obtained":[{"floor":7,"key":"Bag of Preparation"},{"floor":9,"key":"Blood Vial"},{"floor":12,"key":"Dream Catcher"},{"floor":14,"key":"Bronze Scales"},{"floor":23,"key":"Strawberry"},{"floor":25,"key":"Kunai"},{"floor":26,"key":"Mummified Hand"},{"floor":28,"key":"Whetstone"},{"floor":31,"key":"Red Mask"},{"floor":36,"key":"Peace Pipe"},{"floor":39,"key":"Charon\u0027s Ashes"},{"floor":41,"key":"Centennial Puzzle"},{"floor":43,"key":"Bag of Marbles"},{"floor":45,"key":"Vajra"}],"event_choices":[{"damage_healed":0,"gold_gain":0,"cards_transformed":["Strike_R"],"player_choice":"Change","damage_taken":0,"max_hp_gain":0,"max_hp_loss":0,"event_name":"Living Wall","floor":5,"gold_loss":0,"cards_obtained":["Rage"]},{"damage_healed":0,"gold_gain":0,"player_choice":"Success","damage_taken":3,"relics_obtained":["Letter Opener"],"max_hp_gain":0,"max_hp_loss":0,"event_name":"Scrap Ooze","floor":8,"gold_loss":0},{"damage_healed":0,"gold_gain":0,"player_choice":"Ignored","damage_taken":0,"max_hp_gain":0,"max_hp_loss":0,"event_name":"Liars Game","floor":10,"gold_loss":0},{"damage_healed":0,"gold_gain":0,"player_choice":"Inject Mutagens","damage_taken":0,"relics_obtained":["MutagenicStrength"],"max_hp_gain":0,"max_hp_loss":0,"event_name":"Drug Dealer","floor":22,"gold_loss":0},{"damage_healed":0,"gold_gain":0,"player_choice":"Fought Bandits","damage_taken":0,"max_hp_gain":0,"max_hp_loss":0,"event_name":"Masked Bandits","floor":31,"gold_loss":0},{"damage_healed":0,"gold_gain":0,"player_choice":"Fight","damage_taken":0,"max_hp_gain":0,"max_hp_loss":0,"event_name":"Mysterious Sphere","floor":36,"gold_loss":0},{"damage_healed":0,"gold_gain":222,"player_choice":"Wore Mask","damage_taken":0,"max_hp_gain":0,"max_hp_loss":0,"event_name":"Tomb of Lord Red Mask","floor":37,"gold_loss":0},{"damage_healed":0,"gold_gain":0,"player_choice":"Fight","damage_taken":0,"max_hp_gain":0,"max_hp_loss":0,"event_name":"MindBloom","floor":39,"gold_loss":0},{"damage_healed":0,"gold_gain":0,"player_choice":"Max HP","damage_taken":0,"max_hp_gain":0,"max_hp_loss":6,"event_name":"Winding Halls","floor":47,"gold_loss":0}],"is_beta":false,"boss_relics":[{"not_picked":["Snecko Eye","Mark of Pain"],"picked":"Sozu"},{"not_picked":["Cursed Key","Eternal Feather"],"picked":"Lizard Tail"}],"items_purged_floors":[38],"is_endless":false,"potions_floor_spawned":[3,4,7,18,20,25,28,33,35,36,39,44],"ascension_level":1}