{"gold_per_floor":[114,114,114,135,155,196,261,261,307,407,407],"floor_reached":11,"playtime":389,"items_purged":[],"score":82,"play_id":"9ddf51b3-5e67-472a-95a2-9d015e278ddf","local_time":"20190330004141","is_ascension_mode":true,"campfire_choices":[{"floor":8,"key":"REST"}],"neow_cost":"NONE","seed_source_timestamp":357211437852658,"circlet_count":0,"master_deck":["Strike_R","Strike_R","Strike_R","Strike_R","Defend_R","Defend_R","Defend_R","Defend_R","Bash","Flex","Heavy Blade","Armaments"],"relics":["Burning Blood","NeowsBlessing","Golden Idol","Anchor","Oddly Smooth Stone"],"potions_floor_usage":[],"damage_taken":[{"damage":0,"enemies":"Cultist","floor":1,"turns":1},{"damage":0,"enemies":"2 Louse","floor":4,"turns":1},{"damage":0,"enemies":"Small Slimes","floor":5,"turns":1},{"damage":51,"enemies":"3 Sentries","floor":6,"turns":15},{"damage":57,"enemies":"Lagavulin","floor":11,"turns":9}],"seed_played":"718853851664514393","potions_obtained":[],"is_trial":false,"path_per_floor":["M","?","?","M","M","E","?","R","T","?","E"],"character_chosen":"IRONCLAD","items_purchased":[],"campfire_rested":1,"item_purchase_floors":[],"current_hp_per_floor":[80,60,60,66,72,27,27,51,51,51,0],"gold":407,"neow_bonus":"THREE_ENEMY_KILL","is_prod":false,"is_daily":false,"chose_seed":false,"campfire_upgraded":0,"win_rate":0,"timestamp":1553920901,"path_taken":["M","?","?","M","?","E","?","R","T","?","E"],"build_version":"2019-01-23","purchased_purges":0,"victory":false,"max_hp_per_floor":[80,80,80,80,80,80,80,80,80,80,80],"card_choices":[{"not_picked":["Sword Boomerang","True Grit"],"picked":"Flex","floor":1},{"not_picked":["Uppercut","Hemokinesis"],"picked":"Armaments","floor":4},{"not_picked":["Carnage","Rage","Dark Embrace"],"picked":"SKIP","floor":5},{"not_picked":["Havoc","Evolve","Feel No Pain"],"picked":"SKIP","floor":6}],"player_experience":179105,"relics_obtained":[{"floor":6,"key":"Anchor"},{"floor":9,"key":"Oddly Smooth Stone"}],"event_choices":[{"damage_healed":0,"gold_gain":0,"player_choice":"Take Damage","damage_taken":20,"relics_obtained":["Golden Idol"],"max_hp_gain":0,"max_hp_loss":0,"event_name":"Golden Idol","floor":2,"gold_loss":0},{"damage_healed":0,"gold_gain":0,"cards_transformed":["Strike_R"],"player_choice":"Transformed","damage_taken":0,"max_hp_gain":0,"max_hp_loss":0,"event_name":"Transmorgrifier","floor":3,"gold_loss":0,"cards_obtained":["Heavy Blade"]},{"damage_healed":0,"gold_gain":65,"player_choice":"Gained Gold","damage_taken":0,"max_hp_gain":0,"max_hp_loss":0,"event_name":"Golden Wing","floor":7,"gold_loss":0},{"damage_healed":0,"gold_gain":100,"player_choice":"Pray","damage_taken":0,"max_hp_gain":0,"max_hp_loss":0,"event_name":"Golden Shrine","floor":10,"gold_loss":0}],"is_beta":false,"boss_relics":[],"items_purged_floors":[],"is_endless":false,"potions_floor_spawned":[],"killed_by":"Lagavulin","ascension_level":3}