{"gold_per_floor":[114,125,50,50,225,225,238,238,261,261,289,300,317,346,376,481,481,436,436,436,107,107,107,57,57,57,57,57,57,57,57,57,57,57,57,57,57,57,57,57,17,17,17,17,17,17,17,17,17,17],"floor_reached":51,"playtime":932,"items_purged":["Strike_R","Doubt"],"score":876,"play_id":"20c83fc5-c1a1-416f-9daf-687cb592be80","local_time":"20190411155500","is_ascension_mode":false,"campfire_choices":[{"floor":6.0,"key":"DIG"},{"data":"Flex","floor":8.0,"key":"SMITH"},{"floor":10.0,"key":"DIG"},{"floor":15.0,"key":"DIG"},{"floor":23.0,"key":"DIG"},{"floor":28.0,"key":"DIG"},{"floor":32.0,"key":"DIG"},{"floor":40.0,"key":"DIG"},{"floor":42.0,"key":"DIG"},{"floor":44.0,"key":"DIG"},{"floor":46.0,"key":"DIG"},{"floor":49,"key":"DIG"}],"neow_cost":"TEN_PERCENT_HP_LOSS","seed_source_timestamp":1260782355788,"circlet_count":0,"master_deck":["Strike_R","Strike_R","Strike_R","Defend_R+1","Defend_R+1","Defend_R+1","Defend_R","Bash","Flex+1","Whirlwind+1","Heavy Blade","Heavy Blade","Feed","Limit Break","True Grit+1","Panacea","Flex","Decay","Limit Break","Armaments+1","Dark Shackles","Good Instincts","Good Instincts","Uppercut","Havoc+1","Whirlwind+1"],"special_seed":0,"relics":["Burning Blood","Shovel","PreservedInsect","Lantern","War Paint","Bag of Preparation","Centennial Puzzle","Tiny Chest","Ectoplasm","Vajra","Bronze Scales","Shuriken","Orichalcum","Paper Frog","Strawberry","Regal Pillow","Art of War","Coffee Dripper","Oddly Smooth Stone","Blue Candle","Anchor","Singing Bowl","Ornamental Fan","Ancient Tea Set","MawBank","Bag of Marbles"],"potions_floor_usage":[48,50,50],"damage_taken":[{"damage":8.0,"enemies":"2 Louse","floor":1.0,"turns":3.0},{"damage":3.0,"enemies":"Jaw Worm","floor":2.0,"turns":3.0},{"damage":0.0,"enemies":"Cultist","floor":7.0,"turns":3.0},{"damage":10.0,"enemies":"Gremlin Nob","floor":11.0,"turns":3.0},{"damage":0.0,"enemies":"3 Louse","floor":12.0,"turns":1.0},{"damage":0.0,"enemies":"Red Slaver","floor":13.0,"turns":1.0},{"damage":0.0,"enemies":"3 Sentries","floor":14.0,"turns":1.0},{"damage":61.0,"enemies":"The Guardian","floor":16.0,"turns":8.0},{"damage":30.0,"enemies":"2 Thieves","floor":18.0,"turns":3.0},{"damage":0.0,"enemies":"3 Byrds","floor":19.0,"turns":2.0},{"damage":0.0,"enemies":"Gremlin Leader","floor":25.0,"turns":2.0},{"damage":1.0,"enemies":"Cultist and Chosen","floor":27.0,"turns":4.0},{"damage":12.0,"enemies":"Champ","floor":33.0,"turns":6.0},{"damage":0.0,"enemies":"Orb Walker","floor":35.0,"turns":2.0},{"damage":0.0,"enemies":"3 Darklings","floor":36.0,"turns":3.0},{"damage":19.0,"enemies":"4 Shapes","floor":38.0,"turns":4.0},{"damage":0.0,"enemies":"Jaw Worm Horde","floor":45.0,"turns":2.0},{"damage":1,"enemies":"Giant Head","floor":47,"turns":5},{"damage":1,"enemies":"Transient","floor":48,"turns":5},{"damage":26,"enemies":"Awakened One","floor":50,"turns":9}],"seed_played":"-794521106344147443","potions_obtained":[{"floor":2.0,"key":"BloodPotion"},{"floor":7.0,"key":"LiquidBronze"},{"floor":16.0,"key":"BloodPotion"},{"floor":18.0,"key":"Weak Potion"},{"floor":35.0,"key":"Block Potion"},{"floor":36.0,"key":"Swift Potion"},{"floor":38.0,"key":"Dexterity Potion"},{"floor":47,"key":"FearPotion"}],"is_trial":false,"path_per_floor":["M","M","$","?","?","R","M","R","T","R","E","M","M","E","R","B",null,"M","M","?","$","?","R","$","E","T","M","R","T","T","?","R","B",null,"M","M","?","M","T","R","$","R","T","R","M","R","E","M","R","B",null],"character_chosen":"IRONCLAD","items_purchased":["Vajra","Panacea","SteroidPotion","Uppercut"],"campfire_rested":0,"item_purchase_floors":[21,21,24,41],"current_hp_per_floor":[70,72,72,58,58,58,64,64,64,64,60,66,72,72,72,17,72,51,74,74,74,74,74,74,81,81,84,84,91,91,91,91,88,94,94,94,84,71,71,71,71,71,71,71,77,77,82,89,89,69],"gold":17,"neow_bonus":"ONE_RARE_RELIC","is_prod":false,"is_daily":false,"chose_seed":false,"campfire_upgraded":1,"win_rate":0,"timestamp":1555019700,"path_taken":["M","M","$","?","?","R","M","R","T","R","E","M","M","E","R","BOSS","M","M","?","?","?","R","$","E","T","?","R","?","?","?","R","BOSS","M","?","?","M","?","R","$","R","T","R","?","R","E","M","R","BOSS"],"build_version":"2019-01-23","purchased_purges":2,"victory":true,"max_hp_per_floor":[72,72,72,72,72,72,72,72,72,72,72,72,72,72,72,72,72,75,78,78,78,78,78,78,81,81,84,84,91,91,91,91,94,94,94,94,94,94,94,94,94,94,94,94,94,94,94,96,96,96],"card_choices":[{"not_picked":["True Grit","Thunderclap"],"picked":"Flex","floor":1.0},{"not_picked":["Ghostly Armor","Thunderclap"],"picked":"Whirlwind","floor":2.0},{"not_picked":["Rampage","Sentinel"],"picked":"Heavy Blade","floor":7.0},{"not_picked":["Flame Barrier","Body Slam","Armaments"],"picked":"SKIP","floor":11.0},{"not_picked":["Cleave","Fire Breathing","Body Slam"],"picked":"SKIP","floor":12.0},{"not_picked":["Perfected Strike","Wild Strike"],"picked":"Heavy Blade","floor":13.0},{"not_picked":["Dropkick","Barricade"],"picked":"Feed","floor":14.0},{"not_picked":["Offering","Exhume"],"picked":"Limit Break","floor":16.0},{"not_picked":["Clothesline","Heavy Blade"],"picked":"True Grit+1","floor":18.0},{"not_picked":["Havoc","Shrug It Off","Rupture+1"],"picked":"SKIP","floor":19.0},{"not_picked":["Flame Barrier","Berserk"],"picked":"Flex","floor":25.0},{"not_picked":["Shrug It Off","Entrench","Wild Strike"],"picked":"SKIP","floor":27.0},{"not_picked":["Dark Embrace","Brutality"],"picked":"Limit Break","floor":33.0},{"not_picked":["Shrug It Off+1","Pommel Strike+1","Bloodletting+1"],"picked":"SKIP","floor":35.0},{"not_picked":["Sword Boomerang","Second Wind+1"],"picked":"Armaments+1","floor":36.0},{"not_picked":["Metamorphosis","Secret Weapon"],"picked":"Dark Shackles","floor":37.0},{"not_picked":["Bandage Up","Transmutation"],"picked":"Good Instincts","floor":37.0},{"not_picked":["Mind Blast","Dark Shackles"],"picked":"Good Instincts","floor":37.0},{"not_picked":["Spot Weakness","Clothesline+1","Second Wind+1"],"picked":"SKIP","floor":38.0},{"not_picked":["Thunderclap+1","Twin Strike+1"],"picked":"Havoc+1","floor":45.0},{"not_picked":["Power Through","Armaments+1"],"picked":"Whirlwind+1","floor":47},{"not_picked":["True Grit","Iron Wave","Reckless Charge+1"],"picked":"Singing Bowl","floor":48}],"player_experience":1190119,"relics_obtained":[{"floor":6.0,"key":"PreservedInsect"},{"floor":9.0,"key":"Lantern"},{"floor":10.0,"key":"War Paint"},{"floor":11.0,"key":"Bag of Preparation"},{"floor":14.0,"key":"Centennial Puzzle"},{"floor":15.0,"key":"Tiny Chest"},{"floor":23.0,"key":"Bronze Scales"},{"floor":25.0,"key":"Shuriken"},{"floor":26.0,"key":"Orichalcum"},{"floor":28.0,"key":"Paper Frog"},{"floor":29.0,"key":"Strawberry"},{"floor":30.0,"key":"Regal Pillow"},{"floor":32.0,"key":"Art of War"},{"floor":39.0,"key":"Oddly Smooth Stone"},{"floor":40.0,"key":"Blue Candle"},{"floor":42.0,"key":"Anchor"},{"floor":43.0,"key":"Singing Bowl"},{"floor":44.0,"key":"Ornamental Fan"},{"floor":46.0,"key":"Ancient Tea Set"},{"floor":47,"key":"MawBank"},{"floor":49,"key":"Bag of Marbles"}],"event_choices":[{"damage_healed":0.0,"max_hp_gain":0.0,"max_hp_loss":0.0,"gold_gain":0.0,"event_name":"Shining Light","player_choice":"Entered Light","floor":4.0,"gold_loss":0.0,"damage_taken":14.0,"cards_upgraded":["Whirlwind","Defend_R"]},{"damage_healed":0.0,"max_hp_gain":0.0,"max_hp_loss":0.0,"gold_gain":175.0,"event_name":"Liars Game","player_choice":"AGREE","floor":5.0,"gold_loss":0.0,"damage_taken":0.0,"cards_obtained":["Doubt"]},{"damage_healed":0.0,"max_hp_gain":0.0,"max_hp_loss":0.0,"gold_gain":0.0,"cards_transformed":["Strike_R"],"event_name":"Transmorgrifier","player_choice":"Transformed","floor":20.0,"gold_loss":0.0,"damage_taken":0.0,"cards_obtained":["Searing Blow"]},{"cards_removed":["Searing Blow"],"damage_healed":0.0,"max_hp_gain":0.0,"max_hp_loss":0.0,"gold_gain":0.0,"event_name":"Purifier","player_choice":"Purged","floor":22.0,"gold_loss":0.0,"damage_taken":0.0},{"damage_healed":0.0,"max_hp_gain":0.0,"max_hp_loss":0.0,"gold_gain":0.0,"event_name":"Wheel of Change","player_choice":"Cursed","floor":31.0,"gold_loss":0.0,"damage_taken":0.0,"cards_obtained":["Decay"]},{"damage_healed":0.0,"max_hp_gain":0.0,"max_hp_loss":0.0,"gold_gain":0.0,"event_name":"SensoryStone","player_choice":"Memory 3","floor":37.0,"gold_loss":0.0,"damage_taken":10.0}],"is_beta":false,"boss_relics":[{"not_picked":["Tiny House","Runic Cube"],"picked":"Ectoplasm"},{"not_picked":["Runic Dome","Mark of Pain"],"picked":"Coffee Dripper"}],"items_purged_floors":[3,21],"is_endless":false,"potions_floor_spawned":[2,7,16,18,35,36,38,47],"ascension_level":0}