{"gold_per_floor":[219,219,394,114,126,126,152,152,152,102,122,122,146,228,228,327,327,344,344,344,364,389,417,417,367,394,493,508,526,626,277,277,374,374,387,235,254,271,287,287,312,312,312,312,325,325,340,13,13,13],"floor_reached":51,"playtime":1022,"items_purged":["Doubt","Defend_R","Strike_R","Strike_R","Strike_R"],"score":768,"play_id":"54636b4b-bfcc-4429-bb38-24668199e07e","local_time":"20190415151105","is_ascension_mode":false,"campfire_choices":[{"data":"Whirlwind","floor":6.0,"key":"SMITH"},{"data":"Bash","floor":8.0,"key":"SMITH"},{"data":"Heavy Blade","floor":12.0,"key":"SMITH"},{"data":"Whirlwind","floor":15.0,"key":"SMITH"},{"data":"Double Tap","floor":24,"key":"SMITH"},{"data":"Panacea","floor":32,"key":"SMITH"},{"data":"Limit Break","floor":40,"key":"SMITH"},{"data":"Offering","floor":42,"key":"SMITH"},{"floor":49,"key":"REST"}],"neow_cost":"NONE","seed_source_timestamp":4088708443500,"circlet_count":0,"master_deck":["Strike_R","Defend_R+1","Defend_R+1","Defend_R+1","Bash+1","Heavy Blade+1","Whirlwind+1","Whirlwind+1","Offering+1","Thunderclap+1","Double Tap+1","Flex+1","Inflame+1","Panacea+1","Limit Break+1","Heavy Blade+1","Juggernaut+1"],"special_seed":0,"relics":["Burning Blood","Membership Card","Art of War","Frozen Egg 2","Odd Mushroom","Question Card","Velvet Choker","Nilry\u0027s Codex","Red Mask","Turnip","Omamori","Calipers","Kunai","Champion Belt","Snecko Eye","Bag of Preparation","Lantern","Ornamental Fan","War Paint","TheAbacus"],"potions_floor_usage":[22,29,31,35,39,46,50,50,50],"damage_taken":[{"damage":6.0,"enemies":"Cultist","floor":1.0,"turns":3.0},{"damage":5.0,"enemies":"Small Slimes","floor":5.0,"turns":4.0},{"damage":31.0,"enemies":"Lagavulin","floor":7.0,"turns":5.0},{"damage":0.0,"enemies":"2 Louse","floor":11.0,"turns":1.0},{"damage":0.0,"enemies":"The Mushroom Lair","floor":13.0,"turns":2.0},{"damage":69.0,"enemies":"The Guardian","floor":16.0,"turns":12.0},{"damage":0.0,"enemies":"3 Byrds","floor":18.0,"turns":2.0},{"damage":13,"enemies":"Shell Parasite","floor":21,"turns":4},{"damage":0,"enemies":"Masked Bandits","floor":22,"turns":2},{"damage":6,"enemies":"Gremlin Leader","floor":23,"turns":5},{"damage":6,"enemies":"Snecko","floor":28,"turns":2},{"damage":15,"enemies":"Centurion and Healer","floor":29,"turns":2},{"damage":9,"enemies":"Colosseum Slavers","floor":30,"turns":2},{"damage":11,"enemies":"Colosseum Nobs","floor":30,"turns":2},{"damage":32,"enemies":"Collector","floor":33,"turns":4},{"damage":17,"enemies":"3 Shapes","floor":35,"turns":2},{"damage":17,"enemies":"Orb Walker","floor":37,"turns":3},{"damage":9,"enemies":"Maw","floor":38,"turns":4},{"damage":20,"enemies":"Spire Growth","floor":39,"turns":3},{"damage":0,"enemies":"Reptomancer","floor":41,"turns":1},{"damage":7,"enemies":"4 Shapes","floor":45,"turns":2},{"damage":6,"enemies":"Maw","floor":46,"turns":2},{"damage":0,"enemies":"Sphere and 2 Shapes","floor":47,"turns":1},{"damage":36,"enemies":"Donu and Deca","floor":50,"turns":3}],"seed_played":"-3350069638676529285","potions_obtained":[{"floor":5.0,"key":"Poison Potion"},{"floor":7.0,"key":"FearPotion"},{"floor":11.0,"key":"PowerPotion"},{"floor":16.0,"key":"Explosive Potion"},{"floor":21,"key":"Weak Potion"},{"floor":23,"key":"SmokeBomb"},{"floor":28,"key":"BloodPotion"},{"floor":29,"key":"Block Potion"},{"floor":38,"key":"FearPotion"},{"floor":47,"key":"AttackPotion"}],"is_trial":false,"path_per_floor":["M","?","?","$","M","R","E","R","T","?","M","R","?","T","R","B",null,"M","?","?","M","?","E","R","$","T","?","M","M","?","$","R","B",null,"M","$","M","M","M","R","E","R","T","?","M","M","M","$","R","B",null],"character_chosen":"IRONCLAD","items_purchased":["Membership Card","Whirlwind","Inflame+1","Champion Belt","Fruit Juice","Panacea","Bag of Preparation","SteroidPotion","War Paint","Regen Potion","TheAbacus"],"campfire_rested":1,"item_purchase_floors":[4,4,31,31,31,31,36,48,48,48,48],"current_hp_per_floor":[80,85,85,85,85,85,60,60,60,60,66,66,72,72,72,9,85,85,69,85,78,84,84,84,84,84,84,84,83,75,80,80,54,90,79,79,68,65,51,51,57,57,57,57,56,56,62,62,89,64],"gold":13,"neow_bonus":"HUNDRED_GOLD","is_prod":false,"is_daily":false,"chose_seed":false,"campfire_upgraded":8,"win_rate":0,"timestamp":1555362665,"path_taken":["M","?","?","$","M","R","E","R","T","?","M","R","?","?","R","BOSS","M","?","?","M","?","E","R","$","T","?","M","M","?","$","R","BOSS","M","$","M","M","M","R","E","R","T","?","M","M","?","$","R","BOSS"],"build_version":"2019-01-23","purchased_purges":5,"victory":true,"max_hp_per_floor":[80,85,85,85,85,85,85,85,85,85,85,85,85,85,85,85,85,85,85,85,85,85,85,85,85,85,85,85,85,85,90,90,90,90,90,90,90,90,90,90,90,90,90,90,90,90,90,90,90,90],"card_choices":[{"not_picked":["Sword Boomerang","Clothesline"],"picked":"Heavy Blade","floor":1.0},{"not_picked":["Perfected Strike","True Grit","Twin Strike"],"picked":"SKIP","floor":5.0},{"not_picked":["True Grit","Havoc","Seeing Red"],"picked":"SKIP","floor":7.0},{"not_picked":["Entrench","Warcry","Pommel Strike"],"picked":"SKIP","floor":11.0},{"not_picked":["Exhume","Seeing Red"],"picked":"Whirlwind","floor":13.0},{"not_picked":["Berserk+1","Exhume","Double Tap"],"picked":"Offering","floor":16.0},{"not_picked":["Reckless Charge","Feel No Pain+1","Sword Boomerang+1"],"picked":"Thunderclap+1","floor":18.0},{"not_picked":["Clothesline","Iron Wave","Rupture+1","Cleave"],"picked":"SKIP","floor":21},{"not_picked":["Pummel","Perfected Strike","Flame Barrier"],"picked":"Double Tap","floor":23},{"not_picked":["Body Slam+1","Iron Wave","Wild Strike","Fire Breathing+1"],"picked":"SKIP","floor":28},{"not_picked":["Anger","Burning Pact+1","Twin Strike","Shrug It Off"],"picked":"SKIP","floor":29},{"not_picked":["Blood for Blood","Sword Boomerang","Warcry"],"picked":"Flex+1","floor":30},{"not_picked":["Reaper","Impervious","Juggernaut+1"],"picked":"Limit Break","floor":33},{"not_picked":["Sentinel+1","Evolve+1","Wild Strike","Bloodletting+1"],"picked":"SKIP","floor":35},{"not_picked":["Ghostly Armor","Blood for Blood+1","Headbutt+1","Iron Wave+1"],"picked":"SKIP","floor":37},{"not_picked":["Cleave+1","Wild Strike+1","Warcry+1"],"picked":"Heavy Blade+1","floor":38},{"not_picked":["Spot Weakness+1","Pummel","Juggernaut+1","Twin Strike"],"picked":"SKIP","floor":39},{"not_picked":["Body Slam+1","Battle Trance","Headbutt+1"],"picked":"Juggernaut+1","floor":41},{"not_picked":["Twin Strike+1","Clash","Anger","Clothesline+1"],"picked":"SKIP","floor":45},{"not_picked":["Searing Blow","Clash","Sword Boomerang","Heavy Blade+1"],"picked":"SKIP","floor":47}],"player_experience":1221038,"relics_obtained":[{"floor":7.0,"key":"Art of War"},{"floor":9.0,"key":"Frozen Egg 2"},{"floor":13.0,"key":"Odd Mushroom"},{"floor":14.0,"key":"Question Card"},{"floor":19.0,"key":"Nilry\u0027s Codex"},{"floor":22,"key":"Red Mask"},{"floor":23,"key":"Turnip"},{"floor":26,"key":"Omamori"},{"floor":30,"key":"Calipers"},{"floor":30,"key":"Kunai"},{"floor":41,"key":"Lantern"},{"floor":43,"key":"Ornamental Fan"}],"event_choices":[{"damage_healed":0.0,"max_hp_gain":5.0,"max_hp_loss":0.0,"gold_gain":0.0,"event_name":"Big Fish","player_choice":"Donut","floor":2.0,"gold_loss":0.0,"damage_taken":0.0},{"damage_healed":0.0,"max_hp_gain":0.0,"max_hp_loss":0.0,"gold_gain":175.0,"event_name":"Liars Game","player_choice":"AGREE","floor":3.0,"gold_loss":0.0,"damage_taken":0.0,"cards_obtained":["Doubt"]},{"cards_removed":["Strike_R"],"damage_healed":0.0,"max_hp_gain":0.0,"max_hp_loss":0.0,"gold_gain":0.0,"event_name":"The Cleric","player_choice":"Card Removal","floor":10.0,"gold_loss":50.0,"damage_taken":0.0},{"damage_healed":0.0,"max_hp_gain":0.0,"max_hp_loss":0.0,"gold_gain":0.0,"event_name":"Mushrooms","player_choice":"Fought Mushrooms","floor":13.0,"gold_loss":0.0,"damage_taken":0.0},{"damage_healed":0.0,"max_hp_gain":0.0,"max_hp_loss":0.0,"gold_gain":0.0,"event_name":"Cursed Tome","player_choice":"Obtained Book","floor":19.0,"gold_loss":0.0,"damage_taken":16.0},{"damage_healed":28,"gold_gain":0,"player_choice":"Heal","damage_taken":0,"max_hp_gain":0,"max_hp_loss":0,"event_name":"The Library","floor":20,"gold_loss":0},{"damage_healed":0,"gold_gain":0,"player_choice":"Fought Bandits","damage_taken":0,"max_hp_gain":0,"max_hp_loss":0,"event_name":"Masked Bandits","floor":22,"gold_loss":0},{"damage_healed":0,"gold_gain":99,"player_choice":"Stole From Cult","damage_taken":0,"max_hp_gain":0,"max_hp_loss":0,"event_name":"Nest","floor":27,"gold_loss":0},{"damage_healed":0,"gold_gain":0,"player_choice":"Fight","damage_taken":0,"max_hp_gain":0,"max_hp_loss":0,"event_name":"Colosseum","floor":30,"gold_loss":0},{"damage_healed":0,"gold_gain":0,"player_choice":"Fought Nobs","damage_taken":0,"max_hp_gain":0,"max_hp_loss":0,"event_name":"Colosseum","floor":30,"gold_loss":0},{"damage_healed":0,"gold_gain":0,"player_choice":"Forge","damage_taken":0,"max_hp_gain":0,"max_hp_loss":0,"event_name":"Accursed Blacksmith","floor":44,"gold_loss":0,"cards_upgraded":["Defend_R"]}],"is_beta":false,"boss_relics":[{"not_picked":["Fusion Hammer","Empty Cage"],"picked":"Velvet Choker"},{"not_picked":["Sozu","Tiny House"],"picked":"Snecko Eye"}],"items_purged_floors":[4,25,31,36,48],"is_endless":false,"potions_floor_spawned":[5,7,11,16,21,23,28,29,38,47],"ascension_level":0}