{"gold_per_floor":[118,24,41,15,29,29,56,56,56,71,99,99,99,115,115,220,220,240,268,65,35],"floor_reached":21,"playtime":944,"items_purged":[],"score":224,"play_id":"85355fc3-2bf4-4fe6-b3a6-07240e127991","local_time":"20190415210209","is_ascension_mode":true,"campfire_choices":[{"data":"Demon Form","floor":6,"key":"SMITH"},{"floor":13,"key":"REST"},{"floor":15,"key":"REST"}],"neow_cost":"NONE","seed_source_timestamp":337503262192148,"circlet_count":0,"master_deck":["Strike_R","Strike_R","Strike_R","Defend_R","Defend_R","Defend_R","Defend_R","Bash","Dropkick","Shrug It Off","Inflame","Demon Form+1","Flex","Flex","Cleave","Seeing Red","Double Tap","Spot Weakness","Heavy Blade"],"special_seed":0,"relics":["Burning Blood","Du-Vu Doll","Champion Belt","Ornamental Fan","Cursed Key","Red Mask","Medical Kit"],"potions_floor_usage":[11,16,19,19,19,19,19],"damage_taken":[{"damage":5,"enemies":"2 Louse","floor":1,"turns":4},{"damage":0,"enemies":"Cultist","floor":3,"turns":3},{"damage":9,"enemies":"Jaw Worm","floor":5,"turns":4},{"damage":50,"enemies":"Gremlin Nob","floor":7,"turns":5},{"damage":9,"enemies":"Exordium Wildlife","floor":10,"turns":4},{"damage":11,"enemies":"3 Sentries","floor":11,"turns":5},{"damage":8,"enemies":"2 Fungi Beasts","floor":14,"turns":3},{"damage":30,"enemies":"Hexaghost","floor":16,"turns":8},{"damage":10,"enemies":"Shell Parasite","floor":18,"turns":5},{"damage":78,"enemies":"Masked Bandits","floor":19,"turns":5},{"damage":11,"enemies":"2 Thieves","floor":21,"turns":1}],"seed_played":"-2976480920755513778","potions_obtained":[{"floor":0,"key":"GamblersBrew"},{"floor":0,"key":"SkillPotion"},{"floor":0,"key":"EntropicBrew"},{"floor":1,"key":"Swift Potion"},{"floor":11,"key":"Poison Potion"}],"is_trial":false,"path_per_floor":["M","$","M","$","M","R","E","?","T","M","E","?","R","M","R","B",null,"M","?","$","M"],"character_chosen":"IRONCLAD","items_purchased":["Shrug It Off","Inflame","Flex","Medical Kit"],"campfire_rested":2,"item_purchase_floors":[2,2,4,20],"current_hp_per_floor":[80,80,80,80,77,77,33,26,26,23,18,18,42,40,64,40,80,76,9,9,0],"gold":35,"neow_bonus":"THREE_SMALL_POTIONS","is_prod":false,"is_daily":false,"chose_seed":false,"campfire_upgraded":1,"win_rate":0,"timestamp":1555376529,"path_taken":["M","$","M","$","M","R","E","?","T","M","E","?","R","M","R","BOSS","M","?","$","M"],"build_version":"2019-01-23","purchased_purges":0,"victory":false,"max_hp_per_floor":[80,80,80,80,80,80,80,80,80,80,80,80,80,80,80,80,80,80,80,80,80],"card_choices":[{"not_picked":["Shrug It Off","Perfected Strike"],"picked":"Dropkick","floor":1},{"not_picked":["Body Slam","Dropkick"],"picked":"Demon Form","floor":3},{"not_picked":["Clothesline","Whirlwind"],"picked":"Flex","floor":5},{"not_picked":["Body Slam","Iron Wave"],"picked":"Cleave","floor":7},{"not_picked":["Carnage","Headbutt"],"picked":"Seeing Red","floor":10},{"not_picked":["Cleave","Iron Wave","Impervious"],"picked":"SKIP","floor":11},{"not_picked":["Body Slam","Headbutt","Anger"],"picked":"SKIP","floor":14},{"not_picked":["Juggernaut","Brutality"],"picked":"Double Tap","floor":16},{"not_picked":["True Grit","Sentinel"],"picked":"Spot Weakness","floor":18},{"not_picked":["Headbutt+1","Twin Strike"],"picked":"Heavy Blade","floor":19}],"player_experience":257406,"relics_obtained":[{"floor":7,"key":"Du-Vu Doll"},{"floor":9,"key":"Champion Belt"},{"floor":11,"key":"Ornamental Fan"},{"floor":19,"key":"Red Mask"}],"event_choices":[{"cards_removed":["Strike_R"],"damage_healed":0,"gold_gain":0,"player_choice":"Card Removal","damage_taken":7,"max_hp_gain":0,"max_hp_loss":0,"event_name":"Golden Wing","floor":8,"gold_loss":0},{"cards_removed":["Strike_R"],"damage_healed":0,"gold_gain":0,"player_choice":"Offered Basic","damage_taken":0,"max_hp_gain":0,"max_hp_loss":0,"event_name":"Bonfire Elementals","floor":12,"gold_loss":0},{"damage_healed":0,"gold_gain":0,"player_choice":"Fought Bandits","damage_taken":0,"max_hp_gain":0,"max_hp_loss":0,"event_name":"Masked Bandits","floor":19,"gold_loss":0}],"is_beta":false,"boss_relics":[{"not_picked":["Velvet Choker","Snecko Eye"],"picked":"Cursed Key"}],"items_purged_floors":[],"is_endless":false,"potions_floor_spawned":[1,5,11,14],"killed_by":"2 Thieves","ascension_level":4}