{"gold_per_floor":[118,12,31,47,60,60,78,78,78,107,257,184,184,202,202,278,278,291,303,303,321,331,331,331],"floor_reached":24,"playtime":1436,"items_purged":[],"score":400,"play_id":"417e899a-101e-4e76-9b9b-6e539092576b","local_time":"20190110034918","is_ascension_mode":true,"campfire_choices":[{"data":"Armaments","floor":6.0,"key":"SMITH"},{"data":"Seeing Red","floor":8.0,"key":"SMITH"},{"data":"Iron Wave","floor":13.0,"key":"SMITH"},{"data":"Spot Weakness","floor":15.0,"key":"SMITH"},{"data":"Heavy Blade","floor":23,"key":"SMITH"}],"neow_cost":"NONE","seed_source_timestamp":6314839030938700,"circlet_count":0,"master_deck":["AscendersBane","Strike_R","Strike_R","Strike_R","Strike_R","Strike_R","Defend_R","Defend_R","Defend_R","Defend_R","Bash+1","Battle Trance","Spot Weakness+1","Shrug It Off","Evolve","Iron Wave+1","Armaments+1","Seeing Red+1","Thunderclap","Doubt","Pommel Strike","Double Tap","Shrug It Off","Clothesline+1","Heavy Blade+1","Pummel"],"special_seed":0,"relics":["Burning Blood","Bottled Flame","Paper Frog","Philosopher\u0027s Stone","FaceOfCleric"],"potions_floor_usage":[22],"damage_taken":[{"damage":6.0,"enemies":"2 Louse","floor":1.0,"turns":3.0},{"damage":7.0,"enemies":"Jaw Worm","floor":3.0,"turns":3.0},{"damage":3.0,"enemies":"Cultist","floor":4.0,"turns":4.0},{"damage":30.0,"enemies":"Exordium Thugs","floor":5.0,"turns":7.0},{"damage":3.0,"enemies":"Large Slime","floor":7.0,"turns":10.0},{"damage":8.0,"enemies":"Gremlin Nob","floor":10.0,"turns":3.0},{"damage":0.0,"enemies":"Blue Slaver","floor":14.0,"turns":2.0},{"damage":14.0,"enemies":"The Guardian","floor":16.0,"turns":9.0},{"damage":40.0,"enemies":"3 Byrds","floor":18.0,"turns":6.0},{"damage":14.0,"enemies":"Spheric Guardian","floor":19.0,"turns":4.0},{"damage":17.0,"enemies":"Snake Plant","floor":21.0,"turns":6.0},{"damage":2,"enemies":"Cultist and Chosen","floor":22,"turns":4},{"damage":39,"enemies":"Sentry and Sphere","floor":24,"turns":5}],"seed_played":"3070809507059287197","potions_obtained":[{"floor":4.0,"key":"GamblersBrew"},{"floor":7.0,"key":"Fire Potion"},{"floor":10.0,"key":"SteroidPotion"},{"floor":14.0,"key":"Energy Potion"},{"floor":16.0,"key":"FearPotion"},{"floor":19.0,"key":"BloodPotion"},{"floor":21.0,"key":"SteroidPotion"}],"is_trial":false,"path_per_floor":["M","$","M","M","M","R","M","R","T","E","?","?","R","M","R","B",null,"M","M","?","M","M","R","M"],"character_chosen":"IRONCLAD","items_purchased":["Spot Weakness","Shrug It Off"],"campfire_rested":0,"item_purchase_floors":[2,2],"current_hp_per_floor":[68,68,67,70,46,46,49,49,49,47,47,47,47,53,53,45,68,34,26,26,23,28,28,0],"gold":331,"neow_bonus":"UPGRADE_CARD","is_prod":false,"is_daily":false,"chose_seed":false,"campfire_upgraded":5,"win_rate":0,"timestamp":1547120958,"path_taken":["M","$","M","M","M","R","M","R","T","E","?","?","R","M","R","BOSS","M","M","?","M","M","R","M"],"build_version":"2019-01-09","purchased_purges":0,"victory":false,"max_hp_per_floor":[75,75,75,75,75,75,75,75,75,75,75,75,75,75,75,75,75,75,75,75,76,77,77,77],"card_choices":[{"not_picked":["Sword Boomerang","Warcry"],"picked":"Battle Trance","floor":1.0},{"not_picked":["Flex","Sentinel"],"picked":"Evolve","floor":3.0},{"not_picked":["Havoc","Pommel Strike"],"picked":"Iron Wave","floor":4.0},{"not_picked":["True Grit","Power Through"],"picked":"Armaments","floor":5.0},{"not_picked":["Sentinel","Dropkick"],"picked":"Seeing Red","floor":7.0},{"not_picked":["Clothesline","Iron Wave"],"picked":"Thunderclap","floor":10.0},{"not_picked":["Feel No Pain","Body Slam"],"picked":"Pommel Strike","floor":14.0},{"not_picked":["Impervious","Fiend Fire"],"picked":"Double Tap","floor":16.0},{"not_picked":["Blood for Blood","Headbutt"],"picked":"Shrug It Off","floor":18.0},{"not_picked":["Cleave","Sever Soul"],"picked":"Clothesline+1","floor":19.0},{"not_picked":["Rampage+1","Perfected Strike"],"picked":"Heavy Blade","floor":21.0},{"not_picked":["Twin Strike","Intimidate"],"picked":"Pummel","floor":22}],"player_experience":3201513,"relics_obtained":[{"floor":9.0,"key":"Bottled Flame"},{"floor":10.0,"key":"Paper Frog"}],"event_choices":[{"damage_healed":0.0,"max_hp_gain":0.0,"max_hp_loss":0.0,"gold_gain":150.0,"event_name":"Liars Game","player_choice":"AGREE","floor":11.0,"gold_loss":0.0,"damage_taken":0.0,"cards_obtained":["Doubt"]},{"damage_healed":0.0,"max_hp_gain":0.0,"max_hp_loss":0.0,"gold_gain":0.0,"event_name":"World of Goop","player_choice":"Left Gold","floor":12.0,"gold_loss":73.0,"damage_taken":0.0},{"damage_healed":0.0,"max_hp_gain":0.0,"max_hp_loss":0.0,"gold_gain":0.0,"event_name":"FaceTrader","player_choice":"Trade","floor":20.0,"gold_loss":0.0,"damage_taken":0.0,"relics_obtained":["FaceOfCleric"]}],"is_beta":true,"boss_relics":[{"not_picked":["Runic Dome","Astrolabe"],"picked":"Philosopher\u0027s Stone"}],"items_purged_floors":[],"is_endless":false,"potions_floor_spawned":[4,7,10,14,16,19,21],"killed_by":"Sentry and Sphere","ascension_level":20}