{"gold_per_floor":[317,392,402,402,422,21,54,54,54,54,70,70,80,93,93,172,172,191,210,410,421,440,440,440],"floor_reached":24,"playtime":1036,"items_purged":["Strike_B"],"score":425,"play_id":"8f31ef39-a26e-4ec1-ace7-a826265bf12e","local_time":"20190211002048","is_ascension_mode":true,"campfire_choices":[{"floor":10,"key":"REST"},{"data":"Barrage","floor":12,"key":"SMITH"},{"data":"Zap","floor":15,"key":"SMITH"},{"floor":23,"key":"REST"}],"neow_cost":"NO_GOLD","seed_source_timestamp":1421926082427100,"circlet_count":0,"master_deck":["AscendersBane","Strike_B","Strike_B","Defend_B","Defend_B","Defend_B","Defend_B","Zap+1","Dualcast","Ball Lightning","Ball Lightning","Barrage+1","Gash+1","FTL+1","Sweeping Beam+1","Undo","Coolheaded","Thunder Strike+1","Ball Lightning+1","Conserve Battery","Ball Lightning+1","Lockon+1"],"relics":["Cracked Core","Old Coin","Molten Egg 2","Ice Cream","Dead Branch","Matryoshka","Philosopher\u0027s Stone"],"potions_floor_usage":[7,13,24,24],"damage_taken":[{"damage":1,"enemies":"Cultist","floor":1,"turns":3},{"damage":2,"enemies":"Jaw Worm","floor":3,"turns":3},{"damage":10,"enemies":"2 Louse","floor":5,"turns":2},{"damage":30,"enemies":"Lagavulin","floor":7,"turns":5},{"damage":2,"enemies":"2 Fungi Beasts","floor":11,"turns":3},{"damage":0,"enemies":"Large Slime","floor":13,"turns":3},{"damage":2,"enemies":"3 Louse","floor":14,"turns":2},{"damage":17,"enemies":"Slime Boss","floor":16,"turns":8},{"damage":7,"enemies":"Shell Parasite","floor":18,"turns":3},{"damage":0,"enemies":"Chosen","floor":19,"turns":3},{"damage":16,"enemies":"3 Cultists","floor":21,"turns":4},{"damage":30,"enemies":"Snake Plant","floor":22,"turns":4},{"damage":28,"enemies":"Slavers","floor":24,"turns":1}],"seed_played":"-1008570182369203146","potions_obtained":[{"floor":3,"key":"SkillPotion"},{"floor":11,"key":"Energy Potion"},{"floor":19,"key":"FocusPotion"},{"floor":21,"key":"FocusPotion"}],"is_trial":false,"path_per_floor":["M","?","M","?","M","$","E","T","T","R","M","R","M","M","R","B",null,"M","M","?","M","M","R","E"],"character_chosen":"DEFECT","items_purchased":["Molten Egg 2","Gash+1"],"campfire_rested":2,"item_purchase_floors":[6,6],"current_hp_per_floor":[63,52,50,50,40,40,10,10,10,31,29,29,29,27,27,10,56,49,49,49,33,3,24,0],"gold":440,"neow_bonus":"ONE_RARE_RELIC","is_prod":false,"is_daily":false,"chose_seed":false,"campfire_upgraded":2,"win_rate":0,"timestamp":1549873248,"path_taken":["M","?","M","?","?","$","E","?","T","R","?","R","M","M","R","BOSS","M","M","?","M","M","R","E"],"build_version":"2019-02-06","purchased_purges":1,"victory":false,"max_hp_per_floor":[71,71,71,71,71,71,71,71,71,71,71,71,71,71,71,71,71,71,71,71,71,71,71,71],"card_choices":[{"not_picked":["Steam","Conserve Battery"],"picked":"Ball Lightning","floor":1},{"not_picked":["Rebound","Turbo"],"picked":"Ball Lightning","floor":3},{"not_picked":["Leap","Beam Cell"],"picked":"Barrage","floor":5},{"not_picked":["Conserve Battery","Coolheaded"],"picked":"FTL+1","floor":7},{"not_picked":["Storm","Conserve Battery"],"picked":"Sweeping Beam+1","floor":11},{"not_picked":["Barrage+1","Scrape+1"],"picked":"Undo","floor":13},{"not_picked":["Undo","Hologram"],"picked":"Coolheaded","floor":14},{"not_picked":["Amplify","Core Surge+1"],"picked":"Thunder Strike+1","floor":16},{"not_picked":["Force Field","Compile Driver+1"],"picked":"Ball Lightning+1","floor":18},{"not_picked":["Heatsinks","Storm"],"picked":"Conserve Battery","floor":19},{"not_picked":["Go for the Eyes+1","Hologram"],"picked":"Ball Lightning+1","floor":21},{"not_picked":["Ball Lightning+1","Leap+1"],"picked":"Lockon+1","floor":22}],"player_experience":3259335,"relics_obtained":[{"floor":7,"key":"Ice Cream"},{"floor":8,"key":"Dead Branch"},{"floor":9,"key":"Matryoshka"}],"event_choices":[{"damage_healed":0,"gold_gain":75,"player_choice":"Gather Gold","damage_taken":11,"max_hp_gain":0,"max_hp_loss":0,"event_name":"World of Goop","floor":2,"gold_loss":0},{"cards_removed":["Strike_B"],"damage_healed":0,"gold_gain":0,"player_choice":"Offered Basic","damage_taken":0,"max_hp_gain":0,"max_hp_loss":0,"event_name":"Bonfire Elementals","floor":4,"gold_loss":0},{"damage_healed":0,"gold_gain":250,"player_choice":"Bet on Owner","damage_taken":0,"max_hp_gain":0,"max_hp_loss":0,"event_name":"The Joust","floor":20,"gold_loss":50}],"is_beta":true,"boss_relics":[{"not_picked":["Runic Pyramid","Runic Dome"],"picked":"Philosopher\u0027s Stone"}],"items_purged_floors":[6],"is_endless":false,"potions_floor_spawned":[3,11,19,21],"killed_by":"Slavers","ascension_level":20}