{"gold_per_floor":[15,33,33,33,45,77,94,128,196,196,209,241,241,516,516,612,612,631,631,731,731,253,253],"floor_reached":23,"playtime":1490,"items_purged":["Regret"],"score":242,"play_id":"0cc82662-4246-4d90-9f9b-c83091972d85","local_time":"20190222173522","is_ascension_mode":true,"campfire_choices":[{"floor":10,"key":"REST"},{"floor":13,"key":"REST"},{"floor":15,"key":"REST"}],"neow_cost":"NO_GOLD","seed_source_timestamp":569712156473117,"circlet_count":0,"master_deck":["Defend_R","Defend_R","Defend_R","Defend_R","Bash","Body Slam","Flex","Rampage","Heavy Blade","Iron Wave","Limit Break","Inflame","Bite","Bite","Bite","Bite","Bite","Spot Weakness","Flex"],"relics":["Burning Blood","Calipers","Ginger","Mango","Letter Opener","Pen Nib","Philosopher\u0027s Stone","Champion Belt","Molten Egg 2","Bronze Scales","Bottled Lightning"],"potions_floor_usage":[20,20,23,23],"damage_taken":[{"damage":2,"enemies":"Small Slimes","floor":1,"turns":5},{"damage":2,"enemies":"2 Louse","floor":2,"turns":3},{"damage":6,"enemies":"Cultist","floor":5,"turns":5},{"damage":55,"enemies":"3 Sentries","floor":6,"turns":15},{"damage":0,"enemies":"3 Louse","floor":7,"turns":3},{"damage":15,"enemies":"Gremlin Nob","floor":8,"turns":4},{"damage":18,"enemies":"Exordium Wildlife","floor":11,"turns":5},{"damage":39,"enemies":"3 Sentries","floor":12,"turns":10},{"damage":53,"enemies":"Slime Boss","floor":16,"turns":12},{"damage":2,"enemies":"Chosen","floor":18,"turns":4},{"damage":42,"enemies":"Colosseum Slavers","floor":20,"turns":5},{"damage":20,"enemies":"Colosseum Nobs","floor":20,"turns":4},{"damage":38,"enemies":"Slavers","floor":23,"turns":2}],"seed_played":"-5845369548449491660","potions_obtained":[{"floor":2,"key":"LiquidBronze"},{"floor":6,"key":"Strength Potion"},{"floor":7,"key":"AttackPotion"},{"floor":20,"key":"Ancient Potion"}],"is_trial":false,"path_per_floor":["M","M","$","?","M","E","M","E","T","R","M","E","R","?","R","B",null,"M","?","?","?","$","E"],"character_chosen":"IRONCLAD","items_purchased":["Bronze Scales","Bottled Lightning"],"campfire_rested":3,"item_purchase_floors":[22,22],"current_hp_per_floor":[80,80,80,80,80,31,37,42,42,70,58,25,53,53,81,34,94,94,65,33,33,33,0],"gold":253,"neow_bonus":"ONE_RARE_RELIC","is_prod":false,"is_daily":false,"chose_seed":false,"campfire_upgraded":0,"win_rate":0,"timestamp":1550874922,"path_taken":["M","M","$","?","M","E","M","E","T","R","M","E","R","?","R","BOSS","M","?","?","?","$","E"],"build_version":"2019-01-23","purchased_purges":1,"victory":false,"max_hp_per_floor":[80,80,80,80,80,80,80,94,94,94,94,94,94,94,94,94,94,94,65,65,65,65,65],"card_choices":[{"not_picked":["Clothesline","Headbutt"],"picked":"Body Slam","floor":1},{"not_picked":["Clothesline","Headbutt","Perfected Strike"],"picked":"SKIP","floor":2},{"not_picked":["Seeing Red","Clothesline"],"picked":"Flex","floor":5},{"not_picked":["Cleave","Pommel Strike"],"picked":"Rampage","floor":6},{"not_picked":["Seeing Red","Clothesline","Clash"],"picked":"SKIP","floor":7},{"not_picked":["Brutality","Thunderclap"],"picked":"Heavy Blade","floor":8},{"not_picked":["Clothesline","Thunderclap"],"picked":"Iron Wave","floor":11},{"not_picked":["Perfected Strike","Havoc","Rupture"],"picked":"SKIP","floor":12},{"not_picked":["Brutality","Bludgeon"],"picked":"Limit Break","floor":16},{"not_picked":["Twin Strike","Heavy Blade+1"],"picked":"Inflame","floor":18},{"not_picked":["Heavy Blade","Dual Wield"],"picked":"Spot Weakness","floor":20}],"player_experience":67264,"relics_obtained":[{"floor":6,"key":"Ginger"},{"floor":8,"key":"Mango"},{"floor":9,"key":"Letter Opener"},{"floor":12,"key":"Pen Nib"},{"floor":20,"key":"Champion Belt"},{"floor":20,"key":"Molten Egg 2"}],"event_choices":[{"damage_healed":0,"gold_gain":0,"player_choice":"Leave","damage_taken":0,"max_hp_gain":0,"max_hp_loss":0,"event_name":"The Cleric","floor":4,"gold_loss":0},{"damage_healed":0,"gold_gain":275,"player_choice":"Desecrate","damage_taken":0,"max_hp_gain":0,"max_hp_loss":0,"event_name":"Golden Shrine","floor":14,"gold_loss":0,"cards_obtained":["Regret"]},{"damage_healed":0,"gold_gain":0,"player_choice":"Became a vampire","damage_taken":0,"max_hp_gain":0,"max_hp_loss":29,"event_name":"Vampires","floor":19,"gold_loss":0,"cards_obtained":["Bite","Bite","Bite","Bite","Bite"]},{"damage_healed":0,"gold_gain":0,"player_choice":"Fight","damage_taken":0,"max_hp_gain":0,"max_hp_loss":0,"event_name":"Colosseum","floor":20,"gold_loss":0},{"damage_healed":0,"gold_gain":0,"player_choice":"Fought Nobs","damage_taken":0,"max_hp_gain":0,"max_hp_loss":0,"event_name":"Colosseum","floor":20,"gold_loss":0},{"damage_healed":0,"gold_gain":0,"player_choice":"Read","damage_taken":0,"max_hp_gain":0,"max_hp_loss":0,"event_name":"The Library","floor":21,"gold_loss":0,"cards_obtained":["Flex"]}],"is_beta":false,"boss_relics":[{"not_picked":["Runic Dome","Calling Bell"],"picked":"Philosopher\u0027s Stone"}],"items_purged_floors":[22],"is_endless":false,"potions_floor_spawned":[2,6,7,11,20,20],"killed_by":"Slavers","ascension_level":1}