{"gold_per_floor":[114,125,138,153,153,153,78,78,125,125],"floor_reached":10,"playtime":315,"items_purged":["Barricade"],"score":83,"play_id":"8a7e4936-247c-4607-824c-aac5ec72abf1","local_time":"20180629133428","daily_mods":["Diverse","Insanity"],"is_ascension_mode":false,"campfire_choices":[{"data":"Demon Form","floor":6,"key":"SMITH"},{"data":"Corruption","floor":8,"key":"SMITH"}],"neow_cost":"","seed_source_timestamp":0,"circlet_count":0,"master_deck":["Intimidate","Shrug It Off","Limit Break","Reckless Charge","Searing Blow","Exhume","Whirlwind","Havoc","Sentinel","Clothesline","Hemokinesis","Evolve","Reaper","Shockwave","Burning Pact","Strike_R","Evolve","Defend_R","Flame Barrier","Feel No Pain","Corruption+1","Reaper","Searing Blow","Anger","Infernal Blade","Iron Wave","Uppercut","Second Wind","Pommel Strike","Fiend Fire","Rage","Flex","Intimidate","Infernal Blade","Exhume","Blood for Blood","Exhume","Demon Form+1","Bash","Feel No Pain","Dropkick","Disarm","Flex","Barricade","Hemokinesis","Double Tap","Headbutt","Evolve","Shrug It Off"],"relics":["Burning Blood","Boot"],"potions_floor_usage":[],"damage_taken":[{"damage":14,"enemies":"Jaw Worm","floor":1,"turns":2},{"damage":11,"enemies":"Small Slimes","floor":2,"turns":4},{"damage":14,"enemies":"2 Louse","floor":3,"turns":3},{"damage":17,"enemies":"Looter","floor":4,"turns":4},{"damage":65,"enemies":"Gremlin Nob","floor":10,"turns":4}],"seed_played":"8068407392543182760","potions_obtained":[{"floor":3,"key":"FearPotion"},{"floor":4,"key":"Energy Potion"}],"is_trial":true,"path_per_floor":["M","M","M","M","?","R","$","R","T"],"character_chosen":"IRONCLAD","items_purchased":[],"campfire_rested":0,"item_purchase_floors":[],"current_hp_per_floor":[72,76,68,57,57,57,57,57,57,0],"gold":125,"neow_bonus":"","is_prod":false,"is_daily":false,"chose_seed":false,"campfire_upgraded":2,"win_rate":0.0,"timestamp":1530293668,"path_taken":["M","M","M","M","?","R","$","R","T","E"],"build_version":"2018-06-28","purchased_purges":1,"victory":false,"max_hp_per_floor":[80,80,80,80,80,80,80,80,80,80],"card_choices":[{"not_picked":["Sweeping Beam","Coolheaded"],"picked":"Shrug It Off","floor":1},{"not_picked":["Clash","Sucker Punch","Reprogram"],"picked":"SKIP","floor":2},{"not_picked":["Clothesline","Well Laid Plans","Masterful Stab"],"picked":"SKIP","floor":3},{"not_picked":["Steam","Quick Slash","Reprogram"],"picked":"SKIP","floor":4}],"player_experience":186552,"relics_obtained":[{"floor":9,"key":"Boot"}],"event_choices":[{"event_name":"Living Wall","player_choice":"Forget","floor":5,"damage_taken":0}],"boss_relics":[],"items_purged_floors":[7],"is_endless":false,"potions_floor_spawned":[3,4],"killed_by":"Gremlin Nob","ascension_level":0}