{"gold_per_floor":[115,115,95,46,46,46,71,71,94,94,113,123,48,48,48,153,153,167,167,167,181,181,206,206,58,140,63,63,63,63,63,63,167,167,179,179],"floor_reached":36,"playtime":1132,"items_purged":["Strike_B","Dualcast"],"score":372,"play_id":"1a41b44b-f4e8-403b-b22e-4d430c59eb3b","local_time":"20180727223423","is_ascension_mode":false,"campfire_choices":[{"floor":6,"key":"REST"},{"data":"Zap","floor":8,"key":"SMITH"},{"floor":10,"key":"REST"},{"data":"Steam","floor":15,"key":"SMITH"},{"floor":24,"key":"REST"},{"data":"J.A.X.","floor":28,"key":"SMITH"},{"data":"Streamline","floor":32,"key":"SMITH"}],"neow_cost":"NONE","seed_source_timestamp":831505091122490,"circlet_count":0,"master_deck":["Defend_B","Defend_B+1","Zap+1","Stack+1","Sweeping Beam+1","Chill+1","Steam+1","Streamline+1","Lockon","Gash+1","Gash","Static Discharge","Rebound","Conserve Battery","Gash","J.A.X.+1"],"relics":["Astrolabe","Blood Vial","Orichalcum","Ancient Tea Set","Sozu","Juzu Bracelet","Darkstone Periapt","Nuclear Battery"],"potions_floor_usage":[16,16,33],"damage_taken":[{"damage":4,"enemies":"Jaw Worm","floor":1,"turns":5},{"damage":24,"enemies":"Gremlin Nob","floor":7,"turns":4},{"damage":0,"enemies":"2 Louse","floor":11,"turns":2},{"damage":0,"enemies":"Cultist","floor":12,"turns":3},{"damage":42,"enemies":"Hexaghost","floor":16,"turns":10},{"damage":0,"enemies":"Chosen","floor":18,"turns":6},{"damage":7,"enemies":"Shell Parasite","floor":21,"turns":4},{"damage":32,"enemies":"Slavers","floor":23,"turns":7},{"damage":50,"enemies":"Champ","floor":33,"turns":11},{"damage":27,"enemies":"3 Shapes","floor":35,"turns":5},{"damage":55,"enemies":"Flame Bruiser 1 Orb","floor":36,"turns":4}],"seed_played":"-987346970146710074","potions_obtained":[{"floor":3,"key":"GamblersBrew"},{"floor":7,"key":"EntropicBrew"},{"floor":12,"key":"Ancient Potion"}],"is_trial":false,"path_per_floor":["M","?","?","$","?","R","E","R","T","R","M","M","$","?","R","B",null,"M","?","?","M","?","E","R","$","T","?","R","?","$","?","R","B",null,"M"],"character_chosen":"DEFECT","items_purchased":["Streamline","Gash"],"campfire_rested":3,"item_purchase_floors":[4,25],"current_hp_per_floor":[71,46,46,46,46,68,46,46,46,68,70,72,72,57,57,17,75,75,75,75,68,68,38,60,60,60,60,60,60,60,60,60,12,75,48,0],"gold":179,"neow_bonus":"BOSS_RELIC","is_prod":false,"is_daily":false,"chose_seed":false,"campfire_upgraded":4,"win_rate":0.0,"timestamp":1532745263,"path_taken":["M","?","?","?","?","R","E","R","T","R","?","M","$","?","R","BOSS","M","?","?","?","?","E","R","$","T","?","R","?","?","?","R","BOSS","M","M"],"build_version":"2018-07-26","purchased_purges":2,"victory":false,"max_hp_per_floor":[75,75,75,75,75,75,75,75,75,75,75,75,75,75,75,75,75,75,75,75,75,75,75,75,75,75,75,75,75,75,75,75,75,75,75,75],"card_choices":[{"not_picked":["Sweeping Beam","Coolheaded"],"picked":"Steam","floor":1},{"not_picked":["Conserve Battery","Self Repair"],"picked":"Lockon","floor":7},{"not_picked":["Steam","Double Energy"],"picked":"Gash","floor":11},{"not_picked":["Capacitor","Conserve Battery"],"picked":"Gash","floor":12},{"not_picked":["Blizzard","Barrage"],"picked":"Static Discharge","floor":18},{"not_picked":["Double Energy","Go for the Eyes+1"],"picked":"Rebound","floor":21},{"not_picked":["Stack","Coolheaded","Compile Driver"],"picked":"SKIP","floor":23},{"not_picked":["Force Field","Sweeping Beam+1","Auto Shields"],"picked":"SKIP","floor":35}],"player_experience":294871,"relics_obtained":[{"floor":7,"key":"Orichalcum"},{"floor":9,"key":"Ancient Tea Set"},{"floor":23,"key":"Juzu Bracelet"},{"floor":26,"key":"Darkstone Periapt"}],"event_choices":[{"event_name":"Scrap Ooze","player_choice":"success","floor":2,"damage_taken":25},{"event_name":"The Woman in Blue","player_choice":"Bought 1 Potion","floor":3,"damage_taken":0},{"event_name":"Living Wall","player_choice":"Forget","floor":5,"damage_taken":0},{"event_name":"Shining Light","player_choice":"Entered Light","floor":14,"damage_taken":0},{"event_name":"Ghosts","player_choice":"Ignored","floor":19,"damage_taken":0},{"event_name":"Bonfire Elementals","player_choice":"BASIC","floor":20,"damage_taken":0},{"event_name":"Match and Keep!","player_choice":"1 cards matched","floor":22,"damage_taken":0},{"event_name":"Drug Dealer","player_choice":"Got JAXXED","floor":27,"damage_taken":0},{"event_name":"The Lab","player_choice":"Got Potions","floor":29,"damage_taken":0},{"event_name":"Beggar","player_choice":"Ignored","floor":31,"damage_taken":0}],"is_beta":false,"boss_relics":[{"not_picked":["White Beast Statue","Coffee Dripper"],"picked":"Sozu"},{"not_picked":["Snecko Eye","Orrery"],"picked":"Nuclear Battery"}],"items_purged_floors":[13,25],"is_endless":false,"potions_floor_spawned":[7,12,18,23],"killed_by":"Flame Bruiser 1 Orb","ascension_level":0}