{"gold_per_floor":[362,39,53,53,64,64,83,83,140,39,51,51,81,97,97,174,174,194,213,228,261,261,294,294,23,74,100,100,110,140,35,35,107,107,124,143,153,198,298,298,314,314,338,338,353,368,368,380,380,380,380],"floor_reached":51,"playtime":3603,"items_purged":["Strike_R"],"score":1493,"play_id":"88eda8f6-792d-477e-b98d-7c33eb2cdc55","local_time":"20190218135639","is_ascension_mode":true,"campfire_choices":[{"data":"Shockwave","floor":6.0,"key":"SMITH"},{"data":"Cleave","floor":8.0,"key":"SMITH"},{"data":"True Grit","floor":12.0,"key":"SMITH"},{"data":"Sever Soul","floor":15.0,"key":"SMITH"},{"data":"Double Tap","floor":24.0,"key":"SMITH"},{"data":"Rage","floor":28.0,"key":"SMITH"},{"data":"Carnage","floor":32.0,"key":"SMITH"},{"data":"1","floor":40.0,"key":"LIFT"},{"data":"2","floor":44.0,"key":"LIFT"},{"data":"3","floor":47.0,"key":"LIFT"},{"floor":49.0,"key":"RECALL"}],"neow_cost":"TEN_PERCENT_HP_LOSS","seed_source_timestamp":173212715228700,"circlet_count":0,"master_deck":["AscendersBane","Defend_R","Defend_R","Defend_R","Defend_R","Bash","Cleave+1","Battle Trance","Shockwave+1","Sever Soul+1","True Grit+1","Shrug It Off","Feed","Rage+1","Double Tap+1","Parasite","Decay","Sword Boomerang+1","Carnage+1","Warcry+1","Warcry+1","Bite","Bite","Bite","Bite","Bite","Pommel Strike","Thunderclap","Thunderclap","Ghostly Armor","Feed","Iron Wave","Shrug It Off","Demon Form","Evolve","Battle Trance","Battle Trance","Pummel+1","Intimidate","Injury","Offering","Parasite","Burning Pact"],"special_seed":0,"relics":["Burning Blood","Du-Vu Doll","FaceOfCleric","Tiny Chest","Vajra","Calling Bell","Orichalcum","Question Card","StoneCalendar","Red Mask","Happy Flower","Potion Belt","Anchor","Bottled Flame","Charon\u0027s Ashes","Mark of Pain","Prayer Wheel","Girya"],"potions_floor_usage":[],"damage_taken":[{"damage":10.0,"enemies":"2 Louse","floor":1.0,"turns":3.0},{"damage":7.0,"enemies":"Cultist","floor":3.0,"turns":4.0},{"damage":0.0,"enemies":"Small Slimes","floor":5.0,"turns":3.0},{"damage":1.0,"enemies":"2 Fungi Beasts","floor":7.0,"turns":3.0},{"damage":0.0,"enemies":"Exordium Wildlife","floor":11.0,"turns":2.0},{"damage":22.0,"enemies":"3 Sentries","floor":13.0,"turns":6.0},{"damage":0.0,"enemies":"Looter","floor":14.0,"turns":3.0},{"damage":36.0,"enemies":"Slime Boss","floor":16.0,"turns":9.0},{"damage":11.0,"enemies":"Spheric Guardian","floor":18.0,"turns":4.0},{"damage":0.0,"enemies":"Chosen","floor":19.0,"turns":3.0},{"damage":17.0,"enemies":"Snake Plant","floor":20.0,"turns":3.0},{"damage":13.0,"enemies":"Masked Bandits","floor":21.0,"turns":4.0},{"damage":23.0,"enemies":"Gremlin Leader","floor":23.0,"turns":5.0},{"damage":6.0,"enemies":"Book of Stabbing","floor":27.0,"turns":3.0},{"damage":6.0,"enemies":"Centurion and Healer","floor":29.0,"turns":4.0},{"damage":7.0,"enemies":"Gremlin Leader","floor":30.0,"turns":4.0},{"damage":53.0,"enemies":"Collector","floor":33.0,"turns":7.0},{"damage":0.0,"enemies":"3 Shapes","floor":35.0,"turns":1.0},{"damage":2.0,"enemies":"Orb Walker","floor":36.0,"turns":2.0},{"damage":0.0,"enemies":"Jaw Worm Horde","floor":37.0,"turns":2.0},{"damage":37.0,"enemies":"2 Orb Walkers","floor":38.0,"turns":4.0},{"damage":14.0,"enemies":"Mind Bloom Boss Battle","floor":39.0,"turns":4.0},{"damage":0.0,"enemies":"3 Darklings","floor":41.0,"turns":2.0},{"damage":21.0,"enemies":"Spire Growth","floor":45.0,"turns":3.0},{"damage":10.0,"enemies":"Writhing Mass","floor":46.0,"turns":3.0},{"damage":33.0,"enemies":"Transient","floor":48.0,"turns":6.0},{"damage":38.0,"enemies":"Donu and Deca","floor":50.0,"turns":7.0},{"damage":30,"enemies":"Time Eater","floor":51,"turns":3}],"seed_played":"3860187875189901038","potions_obtained":[{"floor":3.0,"key":"BloodPotion"},{"floor":5.0,"key":"Ancient Potion"},{"floor":11.0,"key":"BloodPotion"},{"floor":14.0,"key":"Regen Potion"},{"floor":19.0,"key":"Ancient Potion"},{"floor":21.0,"key":"LiquidBronze"},{"floor":29.0,"key":"EntropicBrew"},{"floor":30.0,"key":"SpeedPotion"},{"floor":33.0,"key":"Energy Potion"},{"floor":35.0,"key":"Explosive Potion"},{"floor":36.0,"key":"Dexterity Potion"},{"floor":46.0,"key":"LiquidBronze"},{"floor":48.0,"key":"Poison Potion"}],"is_trial":false,"path_per_floor":["M","$","M","?","M","R","M","R","T","$","M","R","E","M","R","B",null,"M","M","M","?","?","E","R","$","T","E","R","M","E","$","R","B",null,"M","M","M","?","?","R","M","?","T","R","M","M","R","M","R","B","B"],"character_chosen":"IRONCLAD","items_purchased":["Du-Vu Doll","True Grit","Thunderclap","Potion Belt","AttackPotion","Iron Wave","Shrug It Off"],"campfire_rested":0,"item_purchase_floors":[2,10,25,25,25,31,31],"current_hp_per_floor":[64,64,63,63,69,69,70,70,70,70,71,71,63,73,73,54,74,70,77,67,76,60,57,57,57,57,62,62,66,69,69,69,32,61,68,73,74,55,54,54,67,67,67,67,58,59,59,41,41,27,0],"gold":380,"neow_bonus":"TWO_FIFTY_GOLD","is_prod":false,"is_daily":false,"chose_seed":false,"campfire_upgraded":7,"win_rate":0,"timestamp":1550526999,"path_taken":["M","$","M","?","M","R","M","R","T","?","M","R","E","M","R","BOSS","M","M","?","?","?","E","R","?","T","E","R","M","E","$","R","BOSS","M","M","M","?","?","R","M","?","T","R","M","M","R","?","R","BOSS","BOSS"],"build_version":"2019-02-06","purchased_purges":1,"victory":false,"max_hp_per_floor":[68,68,68,68,69,69,70,70,70,70,71,71,72,76,76,80,80,81,82,83,87,60,64,64,64,64,65,65,66,70,70,70,71,71,72,73,74,78,79,79,80,80,80,80,84,85,85,86,86,90,90],"card_choices":[{"not_picked":["Clash","Iron Wave"],"picked":"Cleave","floor":1.0},{"not_picked":["Shrug It Off","Fire Breathing"],"picked":"Battle Trance","floor":3.0},{"not_picked":["Clash","Combust"],"picked":"Shockwave","floor":5.0},{"not_picked":["Hemokinesis","Havoc"],"picked":"Sever Soul","floor":7.0},{"not_picked":["Headbutt","Havoc"],"picked":"Shrug It Off","floor":11.0},{"not_picked":["Rupture","Heavy Blade"],"picked":"Feed","floor":13.0},{"not_picked":["Armaments","Sever Soul"],"picked":"Rage","floor":14.0},{"not_picked":["Impervious","Juggernaut"],"picked":"Double Tap","floor":16.0},{"not_picked":["Shrug It Off","Spot Weakness","Rampage"],"picked":"Sword Boomerang+1","floor":18.0},{"not_picked":["Infernal Blade","Ghostly Armor","Havoc"],"picked":"Carnage","floor":19.0},{"not_picked":["Iron Wave","Wild Strike","Entrench"],"picked":"Warcry+1","floor":20.0},{"not_picked":["Rupture+1","Sword Boomerang","Flex"],"picked":"Warcry+1","floor":21.0},{"not_picked":["Clothesline","Corruption","Body Slam"],"picked":"Pommel Strike","floor":23.0},{"not_picked":["Headbutt","Bludgeon","Wild Strike"],"picked":"Thunderclap","floor":27.0},{"not_picked":["Headbutt","Cleave","Body Slam"],"picked":"Ghostly Armor","floor":29.0},{"not_picked":["Warcry","Wild Strike","Fire Breathing"],"picked":"Feed","floor":30.0},{"not_picked":["Impervious","Dark Embrace","Bludgeon"],"picked":"Demon Form","floor":33.0},{"not_picked":["Hemokinesis","Iron Wave","Rupture+1"],"picked":"Evolve","floor":35.0},{"not_picked":["Metallicize+1","Shrug It Off","Inflame"],"picked":"Battle Trance","floor":36.0},{"not_picked":["Entrench+1","Hemokinesis+1","Twin Strike+1"],"picked":"Battle Trance","floor":37.0},{"not_picked":["Sword Boomerang","Iron Wave+1","Clothesline+1"],"picked":"Pummel+1","floor":38.0},{"not_picked":["Headbutt","Wild Strike+1","Blood for Blood"],"picked":"Intimidate","floor":41.0},{"not_picked":["Shrug It Off+1","Searing Blow","Clash","Thunderclap+1"],"picked":"SKIP","floor":41.0},{"not_picked":["Thunderclap+1","Wild Strike","Havoc"],"picked":"Offering","floor":45.0},{"not_picked":["Perfected Strike+1","Wild Strike","Dropkick+1","Twin Strike+1"],"picked":"SKIP","floor":45.0},{"not_picked":["Infernal Blade","Warcry","Shockwave"],"picked":"Burning Pact","floor":46.0},{"not_picked":["Battle Trance","Wild Strike","Entrench","Perfected Strike"],"picked":"SKIP","floor":46.0},{"not_picked":["Berserk","Carnage","Entrench+1","Inflame"],"picked":"SKIP","floor":48.0},{"not_picked":["Clothesline","Perfected Strike","Heavy Blade+1","Armaments"],"picked":"SKIP","floor":48.0}],"player_experience":3290443,"relics_obtained":[{"floor":9.0,"key":"Tiny Chest"},{"floor":13.0,"key":"Vajra"},{"floor":17.0,"key":"Orichalcum"},{"floor":17.0,"key":"Question Card"},{"floor":17.0,"key":"StoneCalendar"},{"floor":21.0,"key":"Red Mask"},{"floor":23.0,"key":"Happy Flower"},{"floor":26.0,"key":"Anchor"},{"floor":27.0,"key":"Bottled Flame"},{"floor":30.0,"key":"Charon\u0027s Ashes"},{"floor":38.0,"key":"Prayer Wheel"},{"floor":39.0,"key":"Girya"}],"event_choices":[{"damage_healed":0.0,"max_hp_gain":0.0,"max_hp_loss":0.0,"gold_gain":0.0,"event_name":"FaceTrader","player_choice":"Trade","floor":4.0,"gold_loss":0.0,"damage_taken":0.0,"relics_obtained":["FaceOfCleric"]},{"damage_healed":0.0,"max_hp_gain":0.0,"max_hp_loss":0.0,"gold_gain":0.0,"event_name":"Masked Bandits","player_choice":"Fought Bandits","floor":21.0,"gold_loss":0.0,"damage_taken":0.0},{"damage_healed":0.0,"max_hp_gain":0.0,"max_hp_loss":27.0,"gold_gain":0.0,"event_name":"Vampires","player_choice":"Became a vampire","floor":22.0,"gold_loss":0.0,"damage_taken":0.0,"cards_obtained":["Bite","Bite","Bite","Bite","Bite"]},{"damage_healed":0.0,"max_hp_gain":0.0,"max_hp_loss":0.0,"gold_gain":0.0,"event_name":"Mysterious Sphere","player_choice":"Fight","floor":38.0,"gold_loss":0.0,"damage_taken":0.0},{"damage_healed":0.0,"max_hp_gain":0.0,"max_hp_loss":0.0,"gold_gain":0.0,"event_name":"MindBloom","player_choice":"Fight","floor":39.0,"gold_loss":0.0,"damage_taken":0.0},{"damage_healed":0.0,"max_hp_gain":0.0,"max_hp_loss":0.0,"gold_gain":0.0,"cards_transformed":["Normality"],"event_name":"Transmorgrifier","player_choice":"Transformed","floor":42.0,"gold_loss":0.0,"damage_taken":0.0,"cards_obtained":["Injury"]}],"is_beta":true,"boss_relics":[{"not_picked":["Black Star","Runic Cube"],"picked":"Calling Bell"},{"not_picked":["Coffee Dripper","Philosopher\u0027s Stone"],"picked":"Mark of Pain"}],"items_purged_floors":[10],"is_endless":false,"potions_floor_spawned":[3,5,11,14,19,21,29,30,33,35,36,46,48],"killed_by":"Time Eater","ascension_level":20}