{"gold_per_floor":[117,117,117,133,133,164,164,199,199,199,210,241,241,241,241,320,320,333,333,248,228,245,245,265,298,324,400,416,428,95,113,113,113],"floor_reached":33,"playtime":1380,"items_purged":[],"score":616,"play_id":"79c0e5f6-9d67-4ad2-a4ad-d49aa5f575a3","local_time":"20190412183302","is_ascension_mode":true,"campfire_choices":[{"data":"1","floor":7,"key":"LIFT"},{"floor":10,"key":"REST"},{"floor":15,"key":"REST"},{"floor":23,"key":"REST"},{"floor":32,"key":"REST"}],"neow_cost":"NONE","seed_source_timestamp":225727861632863,"circlet_count":0,"master_deck":["AscendersBane","Strike_R","Strike_R","Strike_R","Strike_R","Strike_R","Defend_R","Defend_R","Defend_R","Defend_R","Bash","Spot Weakness","Power Through","Blood for Blood","Headbutt","Ghostly Armor","Shockwave","Feed","Body Slam","Metallicize+1","Limit Break","Armaments","Immolate","Sever Soul"],"relics":["Burning Blood","NeowsBlessing","Girya","Ornamental Fan","Dodecahedron","StoneCalendar","Bronze Scales","Sozu","MutagenicStrength","Peace Pipe","Art of War","PreservedInsect","Darkstone Periapt","Orichalcum"],"potions_floor_usage":[16,16],"damage_taken":[{"damage":0,"enemies":"Small Slimes","floor":1,"turns":1},{"damage":0,"enemies":"Jaw Worm","floor":4,"turns":1},{"damage":0,"enemies":"Gremlin Nob","floor":6,"turns":1},{"damage":30,"enemies":"3 Sentries","floor":8,"turns":7},{"damage":15,"enemies":"2 Louse","floor":11,"turns":2},{"damage":28,"enemies":"Gremlin Nob","floor":12,"turns":4},{"damage":25,"enemies":"Hexaghost","floor":16,"turns":7},{"damage":26,"enemies":"2 Thieves","floor":18,"turns":5},{"damage":4,"enemies":"3 Byrds","floor":22,"turns":3},{"damage":22,"enemies":"3 Cultists","floor":24,"turns":7},{"damage":45,"enemies":"Slavers","floor":25,"turns":7},{"damage":19,"enemies":"Snecko","floor":28,"turns":7},{"damage":18,"enemies":"Centurion and Healer","floor":29,"turns":5},{"damage":3,"enemies":"3 Cultists","floor":31,"turns":4},{"damage":68,"enemies":"Automaton","floor":33,"turns":6}],"seed_played":"5413745039323442702","potions_obtained":[{"floor":1,"key":"Strength Potion"},{"floor":4,"key":"Swift Potion"},{"floor":11,"key":"LiquidBronze"}],"is_trial":false,"path_per_floor":["M","$","?","M","?","E","R","E","T","R","M","E","?","?","R","B",null,"M","?","?","?","M","R","M","E","T","T","M","M","$","M","R","B"],"character_chosen":"IRONCLAD","items_purchased":["Orichalcum","Immolate"],"campfire_rested":4,"item_purchase_floors":[30,30],"current_hp_per_floor":[74,74,74,75,75,75,75,51,51,73,64,42,67,56,75,56,70,53,53,53,53,55,78,65,29,29,29,19,10,10,16,43,0],"gold":113,"neow_bonus":"THREE_ENEMY_KILL","is_prod":false,"is_daily":false,"chose_seed":false,"campfire_upgraded":0,"win_rate":0,"timestamp":1555119182,"path_taken":["M","$","?","M","?","E","R","E","T","R","M","E","?","?","R","BOSS","M","?","?","?","M","R","?","E","T","?","M","?","$","M","R","BOSS"],"build_version":"2019-01-23","purchased_purges":0,"victory":false,"max_hp_per_floor":[75,75,75,75,75,75,75,75,75,75,75,75,75,75,75,75,75,78,78,78,78,78,78,81,84,84,84,87,90,90,93,93,93],"card_choices":[{"not_picked":["Intimidate","Sword Boomerang"],"picked":"Spot Weakness","floor":1},{"not_picked":["Armaments","Thunderclap"],"picked":"Power Through","floor":4},{"not_picked":["Rupture","Clash"],"picked":"Blood for Blood","floor":6},{"not_picked":["Flex","Flame Barrier"],"picked":"Headbutt","floor":8},{"not_picked":["Dark Embrace","Rampage"],"picked":"Ghostly Armor","floor":11},{"not_picked":["Clash","Cleave"],"picked":"Shockwave","floor":12},{"not_picked":["Barricade","Double Tap"],"picked":"Feed","floor":16},{"not_picked":["Twin Strike","Intimidate","Flex"],"picked":"SKIP","floor":18},{"not_picked":["Clash","Flex"],"picked":"Body Slam","floor":22},{"not_picked":["Corruption","Perfected Strike+1"],"picked":"Metallicize+1","floor":24},{"not_picked":["Shrug It Off","Cleave"],"picked":"Limit Break","floor":25},{"not_picked":["Reckless Charge","Inflame","Infernal Blade"],"picked":"SKIP","floor":28},{"not_picked":["Reckless Charge+1","Rupture"],"picked":"Armaments","floor":29},{"not_picked":["True Grit","Searing Blow"],"picked":"Sever Soul","floor":31}],"player_experience":664823,"relics_obtained":[{"floor":6,"key":"Girya"},{"floor":8,"key":"Ornamental Fan"},{"floor":9,"key":"Dodecahedron"},{"floor":12,"key":"StoneCalendar"},{"floor":25,"key":"Art of War"},{"floor":26,"key":"PreservedInsect"},{"floor":27,"key":"Darkstone Periapt"}],"event_choices":[{"damage_healed":0,"gold_gain":0,"player_choice":"Ignored","damage_taken":0,"max_hp_gain":0,"max_hp_loss":0,"event_name":"Golden Wing","floor":3,"gold_loss":0},{"damage_healed":0,"gold_gain":0,"player_choice":"Ignored","damage_taken":0,"max_hp_gain":0,"max_hp_loss":0,"event_name":"Shining Light","floor":5,"gold_loss":0},{"damage_healed":25,"gold_gain":0,"player_choice":"Banana","damage_taken":0,"max_hp_gain":0,"max_hp_loss":0,"event_name":"Big Fish","floor":13,"gold_loss":0},{"damage_healed":0,"gold_gain":0,"player_choice":"Success","damage_taken":11,"relics_obtained":["Bronze Scales"],"max_hp_gain":0,"max_hp_loss":0,"event_name":"Scrap Ooze","floor":14,"gold_loss":0},{"damage_healed":0,"gold_gain":0,"player_choice":"Inject Mutagens","damage_taken":0,"relics_obtained":["MutagenicStrength"],"max_hp_gain":0,"max_hp_loss":0,"event_name":"Drug Dealer","floor":19,"gold_loss":0},{"damage_healed":0,"gold_gain":0,"player_choice":"Obtained Relic","damage_taken":0,"relics_obtained":["Peace Pipe"],"max_hp_gain":0,"max_hp_loss":0,"event_name":"Addict","floor":20,"gold_loss":85},{"damage_healed":0,"gold_gain":0,"player_choice":"Bought 1 Potion","damage_taken":0,"max_hp_gain":0,"max_hp_loss":0,"event_name":"The Woman in Blue","floor":21,"gold_loss":0}],"is_beta":false,"boss_relics":[{"not_picked":["Philosopher\u0027s Stone","Astrolabe"],"picked":"Sozu"}],"items_purged_floors":[],"is_endless":false,"potions_floor_spawned":[1,4,11,22,24,31],"killed_by":"Automaton","ascension_level":20}