{"gold_per_floor":[111,111,261,329,339,339,370,370,370,40,54,88,9,44,44,121,121,137,89,0,19,34,65,76,76,154,187,202,50,76,86,86,157,157,169,185,204,218,11,11,44,44,44,79,79,96,46,93,93,93,93],"floor_reached":52,"playtime":4590,"items_purged":["Doubt","Defend_G","Strike_G","Strike_G"],"score":2280,"play_id":"7ea3dc3a-0d8f-41f3-8910-f10ec63aec8b","local_time":"20190224102830","is_ascension_mode":true,"campfire_choices":[{"data":"Predator","floor":6.0,"key":"SMITH"},{"data":"Regret","floor":8.0,"key":"PURGE"},{"data":"Neutralize","floor":15.0,"key":"SMITH"},{"data":"After Image","floor":25.0,"key":"SMITH"},{"data":"Noxious Fumes","floor":32.0,"key":"SMITH"},{"data":"Noxious Fumes","floor":40.0,"key":"SMITH"},{"data":"Strike_G","floor":42.0,"key":"PURGE"},{"floor":45,"key":"RECALL"},{"floor":49,"key":"REST"}],"neow_cost":"NONE","seed_source_timestamp":678329651939900,"circlet_count":0,"master_deck":["AscendersBane","Defend_G","Defend_G","Defend_G","Defend_G","Strike_G","Strike_G","Survivor","Neutralize+1","Predator+1","Deflect","Sucker Punch","Masterful Stab","Dash","Dark Shackles","Dagger Throw","Noxious Fumes+1","Noxious Fumes+1","Blur+1","After Image+1","Backflip+1","Caltrops","Leg Sweep+1","Expertise+1","Sucker Punch","Deflect+1","Crippling Poison+1","Enlightenment+1","Crippling Poison+1","Footwork","Prepared+1","Deflect+1","Deflect+1","Deflect+1","Footwork","Dodge and Roll+1","Noxious Fumes","Infinite Blades+1","Corpse Explosion+1","Leg Sweep+1","Calculated Gamble+1","Noxious Fumes+1","Predator","Wraith Form v2","Noxious Fumes","Caltrops+1"],"special_seed":0,"relics":["Ring of the Snake","NeowsBlessing","Smiling Mask","Pear","Peace Pipe","Paper Crane","Mummified Hand","Toxic Egg 2","Orrery","Incense Burner","Meat on the Bone","Blood Vial","Bronze Scales","Snecko Eye","Anchor","Bottled Flame","Happy Flower","Orichalcum","Dead Branch"],"potions_floor_usage":[48,51],"damage_taken":[{"damage":0.0,"enemies":"2 Louse","floor":1.0,"turns":1.0},{"damage":0.0,"enemies":"Small Slimes","floor":5.0,"turns":1.0},{"damage":0.0,"enemies":"Gremlin Nob","floor":7.0,"turns":1.0},{"damage":0.0,"enemies":"Jaw Worm","floor":11.0,"turns":3.0},{"damage":30.0,"enemies":"3 Sentries","floor":12.0,"turns":11.0},{"damage":13.0,"enemies":"Lagavulin","floor":14.0,"turns":6.0},{"damage":0.0,"enemies":"Hexaghost","floor":16.0,"turns":9.0},{"damage":15.0,"enemies":"3 Byrds","floor":18.0,"turns":5.0},{"damage":2.0,"enemies":"2 Thieves","floor":19.0,"turns":5.0},{"damage":6.0,"enemies":"Sentry and Sphere","floor":21.0,"turns":7.0},{"damage":6.0,"enemies":"Chosen and Byrds","floor":22.0,"turns":7.0},{"damage":14.0,"enemies":"Gremlin Leader","floor":23.0,"turns":8.0},{"damage":0.0,"enemies":"Snecko","floor":24.0,"turns":6.0},{"damage":17.0,"enemies":"Slavers","floor":27.0,"turns":5.0},{"damage":2.0,"enemies":"Snake Plant","floor":28.0,"turns":5.0},{"damage":0.0,"enemies":"Gremlin Leader","floor":30.0,"turns":7.0},{"damage":8.0,"enemies":"Centurion and Healer","floor":31.0,"turns":7.0},{"damage":10.0,"enemies":"Collector","floor":33.0,"turns":9.0},{"damage":0.0,"enemies":"3 Darklings","floor":35.0,"turns":4.0},{"damage":0.0,"enemies":"Orb Walker","floor":36.0,"turns":4.0},{"damage":0.0,"enemies":"Writhing Mass","floor":37.0,"turns":6.0},{"damage":8.0,"enemies":"Jaw Worm Horde","floor":38.0,"turns":4.0},{"damage":30.0,"enemies":"Giant Head","floor":41.0,"turns":10.0},{"damage":9,"enemies":"Reptomancer","floor":44,"turns":6},{"damage":2,"enemies":"3 Darklings","floor":46,"turns":4},{"damage":8,"enemies":"2 Orb Walkers","floor":48,"turns":4},{"damage":29,"enemies":"Time Eater","floor":50,"turns":11},{"damage":6,"enemies":"Donu and Deca","floor":51,"turns":6}],"seed_played":"-4033621987568096115","potions_obtained":[{"floor":1.0,"key":"Regen Potion"},{"floor":7.0,"key":"Strength Potion"},{"floor":14.0,"key":"LiquidBronze"},{"floor":18.0,"key":"GhostInAJar"},{"floor":19.0,"key":"Weak Potion"},{"floor":23.0,"key":"Strength Potion"},{"floor":27.0,"key":"Weak Potion"},{"floor":30.0,"key":"Dexterity Potion"},{"floor":31.0,"key":"FairyPotion"},{"floor":33.0,"key":"GamblersBrew"},{"floor":38.0,"key":"PowerPotion"},{"floor":44,"key":"Energy Potion"},{"floor":48,"key":"PowerPotion"}],"is_trial":false,"path_per_floor":["M","?","?","T","M","R","E","R","T","$","M","E","$","E","R","B",null,"M","M","$","M","M","E","M","R","T","E","M","$","E","M","R","B",null,"M","M","M","M","$","R","E","R","T","E","R","M","$","?","R","B","B",null],"character_chosen":"THE_SILENT","items_purchased":["Masterful Stab","Dash","Dark Shackles","Noxious Fumes","Enlightenment+1","Footwork","Dodge and Roll+1","Anchor"],"campfire_rested":1,"item_purchase_floors":[10,10,10,13,20,29,29,39],"current_hp_per_floor":[59,59,59,69,69,69,69,69,69,69,69,39,39,41,41,41,67,52,50,50,44,38,24,24,24,24,19,31,31,45,39,39,43,68,70,72,74,68,68,68,40,40,40,45,45,45,45,39,61,46,42],"gold":93,"neow_bonus":"THREE_ENEMY_KILL","is_prod":false,"is_daily":false,"chose_seed":false,"campfire_upgraded":5,"win_rate":0,"timestamp":1551032910,"path_taken":["M","?","?","?","M","R","E","R","T","$","M","E","$","E","R","BOSS","M","M","$","M","M","E","M","R","T","E","M","$","E","M","R","BOSS","M","M","?","M","$","R","E","R","T","E","R","M","?","?","R","BOSS","BOSS"],"build_version":"2019-02-06","purchased_purges":4,"victory":true,"max_hp_per_floor":[66,66,66,76,76,76,76,76,76,76,76,76,76,76,76,76,76,76,76,76,76,76,76,76,76,76,76,76,76,76,76,76,76,76,76,76,76,76,76,76,76,76,76,76,76,76,76,76,76,76,76],"card_choices":[{"not_picked":["PiercingWail","Blade Dance"],"picked":"Predator","floor":1.0},{"not_picked":["Catalyst","PiercingWail"],"picked":"Deflect","floor":5.0},{"not_picked":["Envenom","Bane"],"picked":"Sucker Punch","floor":7.0},{"not_picked":["Concentrate","Blade Dance"],"picked":"Dagger Throw","floor":11.0},{"not_picked":["Tactician","Distraction"],"picked":"Noxious Fumes","floor":12.0},{"not_picked":["Eviscerate","Setup"],"picked":"Blur","floor":14.0},{"not_picked":["Phantasmal Killer+1","Venomology+1"],"picked":"After Image","floor":16.0},{"not_picked":["Dodge and Roll+1","Slice"],"picked":"Backflip+1","floor":17.0},{"not_picked":["Prepared+1","Slice"],"picked":"Caltrops","floor":17.0},{"not_picked":["Dagger Spray","Flying Knee"],"picked":"Leg Sweep+1","floor":17.0},{"not_picked":["Riddle With Holes","Choke"],"picked":"Expertise+1","floor":17.0},{"not_picked":["Flying Knee","Dash"],"picked":"Sucker Punch","floor":17.0},{"not_picked":["Sucker Punch","Prepared+1"],"picked":"Deflect+1","floor":18.0},{"not_picked":["Underhanded Strike+1","Sucker Punch"],"picked":"Crippling Poison+1","floor":19.0},{"not_picked":["PiercingWail+1","Skewer"],"picked":"Crippling Poison+1","floor":21.0},{"not_picked":["Distraction+1","Night Terror+1"],"picked":"Footwork","floor":22.0},{"not_picked":["Dash","Night Terror+1"],"picked":"Prepared+1","floor":23.0},{"not_picked":["PiercingWail+1","Endless Agony"],"picked":"Deflect+1","floor":24.0},{"not_picked":["Cloak And Dagger+1","Dagger Spray"],"picked":"Deflect+1","floor":27.0},{"not_picked":["Blade Dance+1","Choke"],"picked":"Deflect+1","floor":28.0},{"not_picked":["Cloak And Dagger+1","Accuracy"],"picked":"Noxious Fumes","floor":30.0},{"not_picked":["Bane","Blade Dance+1"],"picked":"Infinite Blades+1","floor":31.0},{"not_picked":["Burst+1","Storm of Steel+1"],"picked":"Corpse Explosion+1","floor":33.0},{"not_picked":["Deflect+1","Quick Slash+1"],"picked":"Leg Sweep+1","floor":35.0},{"not_picked":["Acrobatics+1","Dagger Throw"],"picked":"Calculated Gamble+1","floor":36.0},{"not_picked":["Choke","Dagger Throw"],"picked":"Noxious Fumes+1","floor":37.0},{"not_picked":["Backflip+1","Quick Slash"],"picked":"Predator","floor":38.0},{"not_picked":["Cloak And Dagger+1","Accuracy"],"picked":"Wraith Form v2","floor":41.0},{"not_picked":["Accuracy+1","Terror+1"],"picked":"Noxious Fumes","floor":44},{"not_picked":["Deflect+1","Masterful Stab","PiercingWail+1"],"picked":"SKIP","floor":46},{"not_picked":["Quick Slash+1","Deflect+1"],"picked":"Caltrops+1","floor":48}],"player_experience":3308503,"relics_obtained":[{"floor":4.0,"key":"Pear"},{"floor":7.0,"key":"Peace Pipe"},{"floor":9.0,"key":"Paper Crane"},{"floor":12.0,"key":"Mummified Hand"},{"floor":14.0,"key":"Toxic Egg 2"},{"floor":23.0,"key":"Incense Burner"},{"floor":26.0,"key":"Meat on the Bone"},{"floor":27.0,"key":"Blood Vial"},{"floor":30.0,"key":"Bronze Scales"},{"floor":41.0,"key":"Bottled Flame"},{"floor":43.0,"key":"Happy Flower"},{"floor":44,"key":"Orichalcum"},{"floor":48,"key":"Dead Branch"}],"event_choices":[{"damage_healed":0.0,"max_hp_gain":0.0,"max_hp_loss":0.0,"gold_gain":0.0,"event_name":"Big Fish","player_choice":"Box","floor":2.0,"gold_loss":0.0,"damage_taken":0.0,"relics_obtained":["Smiling Mask"],"cards_obtained":["Regret"]},{"damage_healed":0.0,"max_hp_gain":0.0,"max_hp_loss":0.0,"gold_gain":150.0,"event_name":"Liars Game","player_choice":"AGREE","floor":3.0,"gold_loss":0.0,"damage_taken":0.0,"cards_obtained":["Doubt"]},{"damage_healed":0,"gold_gain":0,"player_choice":"Fight","damage_taken":0,"max_hp_gain":0,"max_hp_loss":0,"event_name":"Mysterious Sphere","floor":48,"gold_loss":0}],"is_beta":true,"boss_relics":[{"not_picked":["Lizard Tail","Astrolabe"],"picked":"Orrery"},{"not_picked":["Pandora\u0027s Box","Runic Dome"],"picked":"Snecko Eye"}],"items_purged_floors":[10,29,39,47],"is_endless":false,"potions_floor_spawned":[1,7,11,14,18,19,23,27,30,31,33,38,44,48],"ascension_level":20}