{"gold_per_floor":[111,111,123,123,140,140,173,173,173,195,237,98,125,145,145,243,243,258,278,278,289,301,329,329,357,357,357,390,410,423,435,435,532,582,602,132,152,162,174,207,207,241,241,40,40,72,72,88,88,88],"floor_reached":51,"playtime":2859,"items_purged":[],"score":1119,"play_id":"664499ce-eb72-4099-9018-c7379086c8e5","local_time":"20190117184125","is_ascension_mode":false,"campfire_choices":[{"data":"Body Slam","floor":6,"key":"SMITH"},{"data":"Body Slam","floor":15,"key":"SMITH"},{"data":"Entrench","floor":24,"key":"SMITH"},{"data":"Impervious","floor":32,"key":"SMITH"},{"data":"Juggernaut","floor":41,"key":"SMITH"},{"floor":47,"key":"REST"},{"floor":49,"key":"REST"}],"neow_cost":"","seed_source_timestamp":0,"circlet_count":0,"master_deck":["Shrug It Off+1","Shrug It Off+1","Impervious+1","Juggernaut+1","Barricade+1","Entrench+1","Body Slam+1","Body Slam+1"],"relics":["Burning Blood","Paper Frog","Vajra","MawBank","Magic Flower","Oddly Smooth Stone","Self Forming Clay","Velvet Choker","MutagenicStrength","Strawberry","Centennial Puzzle","Question Card","Gremlin Horn","Tiny House","Tiny Chest","Happy Flower","Strange Spoon","Bag of Marbles","Mummified Hand","Shuriken","ClockworkSouvenir","Orichalcum"],"potions_floor_usage":[50,50],"damage_taken":[{"damage":5,"enemies":"2 Louse","floor":1,"turns":3},{"damage":0,"enemies":"Cultist","floor":3,"turns":3},{"damage":0,"enemies":"Small Slimes","floor":5,"turns":3},{"damage":8,"enemies":"Gremlin Nob","floor":7,"turns":3},{"damage":5,"enemies":"Red Slaver","floor":10,"turns":3},{"damage":0,"enemies":"Lagavulin","floor":11,"turns":4},{"damage":9,"enemies":"3 Sentries","floor":13,"turns":5},{"damage":1,"enemies":"Looter","floor":14,"turns":2},{"damage":0,"enemies":"Hexaghost","floor":16,"turns":5},{"damage":0,"enemies":"Shell Parasite","floor":18,"turns":2},{"damage":0,"enemies":"Spheric Guardian","floor":19,"turns":3},{"damage":0,"enemies":"Snecko","floor":21,"turns":3},{"damage":0,"enemies":"Snake Plant","floor":22,"turns":3},{"damage":17,"enemies":"Gremlin Leader","floor":23,"turns":3},{"damage":0,"enemies":"Book of Stabbing","floor":25,"turns":3},{"damage":4,"enemies":"Gremlin Leader","floor":28,"turns":3},{"damage":0,"enemies":"Cultist and Chosen","floor":29,"turns":2},{"damage":0,"enemies":"Snecko","floor":30,"turns":2},{"damage":0,"enemies":"3 Cultists","floor":31,"turns":2},{"damage":0,"enemies":"Automaton","floor":33,"turns":4},{"damage":10,"enemies":"Orb Walker","floor":35,"turns":2},{"damage":4,"enemies":"3 Darklings","floor":37,"turns":3},{"damage":0,"enemies":"Maw","floor":38,"turns":4},{"damage":0,"enemies":"Transient","floor":39,"turns":3},{"damage":0,"enemies":"Nemesis","floor":40,"turns":6},{"damage":13,"enemies":"Giant Head","floor":42,"turns":2},{"damage":0,"enemies":"Reptomancer","floor":46,"turns":1},{"damage":0,"enemies":"Spire Growth","floor":48,"turns":2},{"damage":0,"enemies":"Awakened One","floor":50,"turns":4}],"seed_played":"2105332940103795517","potions_obtained":[{"floor":1,"key":"PowerPotion"},{"floor":3,"key":"Swift Potion"},{"floor":10,"key":"BloodPotion"},{"floor":13,"key":"PowerPotion"},{"floor":19,"key":"Fire Potion"},{"floor":21,"key":"Swift Potion"},{"floor":42,"key":"EssenceOfSteel"}],"is_trial":true,"path_per_floor":["M","?","M","?","M","R","E","?","T","M","E","$","E","M","R","B",null,"M","M","?","M","M","E","R","E","T","?","E","M","M","M","R","B",null,"M","$","M","M","M","E","R","E","T","$","?","E","R","M","R","B",null],"character_chosen":"IRONCLAD","items_purchased":["Oddly Smooth Stone","Tiny Chest","Happy Flower","Strange Spoon","ClockworkSouvenir"],"campfire_rested":2,"item_purchase_floors":[12,36,36,36,44],"current_hp_per_floor":[80,80,80,80,80,80,78,78,78,79,80,80,80,80,80,80,80,80,80,80,80,80,79,79,87,87,87,87,87,87,87,87,87,92,91,91,92,92,92,92,92,88,88,88,88,92,92,92,92,92],"gold":88,"neow_bonus":"","is_prod":false,"is_daily":false,"chose_seed":false,"campfire_upgraded":5,"win_rate":0.0,"timestamp":1547746885,"path_taken":["M","?","M","?","M","R","E","?","T","M","E","$","E","?","R","BOSS","M","M","?","M","M","E","R","E","T","?","E","M","M","M","R","BOSS","M","?","M","?","M","E","R","E","T","$","?","E","R","M","R","BOSS"],"build_version":"2019-01-10","purchased_purges":0,"victory":true,"max_hp_per_floor":[80,80,80,80,80,80,80,80,80,80,80,80,80,80,80,80,80,80,80,80,80,80,87,87,87,87,87,87,87,87,87,87,87,92,92,92,92,92,92,92,92,92,92,92,92,92,92,92,92,92],"card_choices":[{"not_picked":["Flex","Bloodletting","Rupture"],"picked":"SKIP","floor":1},{"not_picked":["Body Slam","True Grit","Thunderclap"],"picked":"SKIP","floor":3},{"not_picked":["Carnage","Rage","Reckless Charge"],"picked":"SKIP","floor":5},{"not_picked":["Fiend Fire","Impervious","Anger"],"picked":"SKIP","floor":7},{"not_picked":["Sword Boomerang","Heavy Blade","Dropkick"],"picked":"SKIP","floor":10},{"not_picked":["Twin Strike","Whirlwind","Warcry"],"picked":"SKIP","floor":11},{"not_picked":["Infernal Blade","Perfected Strike","Double Tap"],"picked":"SKIP","floor":13},{"not_picked":["Armaments","Power Through","Shockwave"],"picked":"SKIP","floor":14},{"not_picked":["Fire Breathing","Twin Strike","Iron Wave"],"picked":"SKIP","floor":18},{"not_picked":["Inflame","Anger","Dual Wield"],"picked":"SKIP","floor":19},{"not_picked":["Pummel+1","Metallicize","Sever Soul"],"picked":"SKIP","floor":21},{"not_picked":["Pummel+1","Metallicize","Sever Soul"],"picked":"SKIP","floor":21},{"not_picked":["Flex","Cleave","Exhume"],"picked":"SKIP","floor":22},{"not_picked":["Headbutt","Anger+1","Combust"],"picked":"SKIP","floor":23},{"not_picked":["True Grit+1","Offering","Fire Breathing"],"picked":"SKIP","floor":25},{"not_picked":["Combust","Iron Wave","Brutality","Clothesline"],"picked":"SKIP","floor":28},{"not_picked":["Shrug It Off","Warcry","Clash+1","Cleave"],"picked":"SKIP","floor":29},{"not_picked":["Dropkick","Wild Strike+1","Cleave","Thunderclap"],"picked":"SKIP","floor":30},{"not_picked":["Pommel Strike+1","Rupture","Anger+1","Whirlwind"],"picked":"SKIP","floor":31},{"not_picked":["Blood for Blood","Clothesline","Wild Strike","Headbutt"],"picked":"SKIP","floor":35},{"not_picked":["Pommel Strike+1","Twin Strike+1","Uppercut","Perfected Strike"],"picked":"SKIP","floor":37},{"not_picked":["Flame Barrier+1","Intimidate","Inflame+1","Entrench"],"picked":"SKIP","floor":38},{"not_picked":["Clothesline+1","Perfected Strike","Thunderclap+1","Heavy Blade+1"],"picked":"SKIP","floor":39},{"not_picked":["Infernal Blade","Iron Wave","Perfected Strike","Power Through+1"],"picked":"SKIP","floor":40},{"not_picked":["Immolate","Power Through+1","Thunderclap","Bloodletting"],"picked":"SKIP","floor":42},{"not_picked":["Immolate","Sword Boomerang","Cleave+1","Wild Strike"],"picked":"SKIP","floor":46},{"not_picked":["Ghostly Armor","Iron Wave","Flex","Flame Barrier"],"picked":"SKIP","floor":48}],"player_experience":2166,"relics_obtained":[{"floor":7,"key":"Paper Frog"},{"floor":9,"key":"MawBank"},{"floor":11,"key":"Magic Flower"},{"floor":13,"key":"Self Forming Clay"},{"floor":23,"key":"Strawberry"},{"floor":25,"key":"Centennial Puzzle"},{"floor":26,"key":"Question Card"},{"floor":28,"key":"Gremlin Horn"},{"floor":40,"key":"Bag of Marbles"},{"floor":42,"key":"Mummified Hand"},{"floor":43,"key":"Shuriken"},{"floor":46,"key":"Orichalcum"}],"event_choices":[{"damage_healed":0,"gold_gain":0,"player_choice":"Ignored","damage_taken":0,"max_hp_gain":0,"max_hp_loss":0,"event_name":"Golden Wing","floor":2,"gold_loss":0},{"damage_healed":0,"gold_gain":0,"player_choice":"Grow","damage_taken":0,"max_hp_gain":0,"max_hp_loss":0,"event_name":"Living Wall","floor":4,"gold_loss":0,"cards_upgraded":["Barricade"]},{"damage_healed":0,"gold_gain":0,"player_choice":"Gave Potion","damage_taken":0,"relics_obtained":["Vajra"],"max_hp_gain":0,"max_hp_loss":0,"event_name":"WeMeetAgain","floor":8,"gold_loss":0},{"damage_healed":0,"gold_gain":0,"player_choice":"Inject Mutagens","damage_taken":0,"relics_obtained":["MutagenicStrength"],"max_hp_gain":0,"max_hp_loss":0,"event_name":"Drug Dealer","floor":20,"gold_loss":0},{"damage_healed":0,"gold_gain":0,"player_choice":"0 cards matched","damage_taken":0,"max_hp_gain":0,"max_hp_loss":0,"event_name":"Match and Keep!","floor":27,"gold_loss":0,"cards_obtained":[]},{"damage_healed":0,"gold_gain":0,"player_choice":"Upgraded","damage_taken":0,"max_hp_gain":0,"max_hp_loss":0,"event_name":"Upgrade Shrine","floor":45,"gold_loss":0,"cards_upgraded":["Shrug It Off"]}],"is_beta":false,"boss_relics":[{"not_picked":["Calling Bell","Pandora\u0027s Box"],"picked":"Velvet Choker"},{"not_picked":["Lizard Tail","Mark of Pain"],"picked":"Tiny House"}],"items_purged_floors":[],"is_endless":false,"potions_floor_spawned":[1,3,10,13,19,21,29,31,35,38,42],"ascension_level":0}