{"gold_per_floor":[118,133,133,133,133,133,149,160,160,177,189,209,209,227,227,325,325,343,361,20,37,51,51,51,66,115,115,115,115,115,132,132,228,228,247,257,257],"floor_reached":37,"playtime":1675,"items_purged":["Strike_B"],"score":417,"play_id":"427ba99b-4e0e-42a2-8527-70567122799e","local_time":"20180724093404","is_ascension_mode":false,"campfire_choices":[{"data":"Streamline","floor":6,"key":"SMITH"},{"data":"Defend_B","floor":15,"key":"PURGE"},{"floor":23,"key":"REST"},{"floor":28,"key":"REST"},{"data":"Strike_B","floor":30,"key":"PURGE"},{"data":"Defend_B","floor":32,"key":"PURGE"}],"neow_cost":"NONE","seed_source_timestamp":524932333372099,"circlet_count":0,"master_deck":["Strike_B","Strike_B","Defend_B","Defend_B","Zap+1","Dualcast","Leap","Streamline+1","Leap","Lockon","Hologram","Seek","Static Discharge+1","Conserve Battery","Rebound","Steam+1","Go for the Eyes","Ball Lightning","Zap+1","Streamline","Loop+1"],"relics":["Eternal Feather","Thread and Needle","Peace Pipe","Runic Pyramid","Membership Card","Dream Catcher","Inserter"],"potions_floor_usage":[19],"damage_taken":[{"damage":10,"enemies":"Cultist","floor":1,"turns":4},{"damage":7,"enemies":"2 Louse","floor":2,"turns":3},{"damage":2,"enemies":"Small Slimes","floor":7,"turns":3},{"damage":13,"enemies":"Red Slaver","floor":8,"turns":3},{"damage":0,"enemies":"Looter","floor":10,"turns":3},{"damage":0,"enemies":"3 Louse","floor":11,"turns":3},{"damage":0,"enemies":"Red Slaver","floor":12,"turns":3},{"damage":0,"enemies":"2 Fungi Beasts","floor":14,"turns":3},{"damage":0,"enemies":"Slime Boss","floor":16,"turns":9},{"damage":24,"enemies":"3 Byrds","floor":18,"turns":5},{"damage":5,"enemies":"Shell Parasite","floor":19,"turns":5},{"damage":14,"enemies":"Sentry and Sphere","floor":21,"turns":4},{"damage":38,"enemies":"Slaver and Parasite","floor":22,"turns":5},{"damage":12,"enemies":"Centurion and Healer","floor":25,"turns":7},{"damage":0,"enemies":"Chosen and Byrds","floor":31,"turns":6},{"damage":72,"enemies":"Automaton","floor":33,"turns":11},{"damage":15,"enemies":"Orb Walker","floor":35,"turns":3},{"damage":41,"enemies":"3 Darklings","floor":36,"turns":4},{"damage":47,"enemies":"Flame Bruiser 2 Orb","floor":37,"turns":2}],"seed_played":"-8524732537999634489","potions_obtained":[{"floor":7,"key":"Regen Potion"},{"floor":8,"key":"Dexterity Potion"},{"floor":10,"key":"Ancient Potion"},{"floor":21,"key":"Swift Potion"}],"is_trial":false,"path_per_floor":["M","M","?","?","?","R","M","M","T","M","M","M","?","M","R","B",null,"M","M","$","M","M","R","$","M","T","?","R","?","R","M","R","B",null,"M","M"],"character_chosen":"DEFECT","items_purchased":["Membership Card","Conserve Battery","Rebound"],"campfire_rested":2,"item_purchase_floors":[20,20,20],"current_hp_per_floor":[65,58,58,58,58,64,62,49,49,49,49,49,49,49,58,58,75,51,60,60,46,8,39,39,27,27,13,49,49,61,61,73,1,80,65,24,0],"gold":257,"neow_bonus":"BOSS_RELIC","is_prod":false,"is_daily":false,"chose_seed":false,"campfire_upgraded":1,"win_rate":0.0,"timestamp":1532439244,"path_taken":["M","M","?","?","?","R","M","M","T","M","M","M","?","M","R","BOSS","M","M","$","M","M","R","$","M","T","?","R","?","R","M","R","BOSS","M","M","M"],"build_version":"2018-07-19v2","purchased_purges":1,"victory":false,"max_hp_per_floor":[75,75,75,75,75,75,75,75,75,75,75,75,75,75,75,75,75,75,75,75,75,75,75,75,75,75,80,80,80,80,80,80,80,80,80,80,80],"card_choices":[{"not_picked":["Coolheaded","Undo"],"picked":"Leap","floor":1},{"not_picked":["Defragment","Glacier"],"picked":"Streamline","floor":2},{"not_picked":["FTL","Sweeping Beam"],"picked":"Leap","floor":7},{"not_picked":["Turbo","Aggregate","Beam Cell"],"picked":"SKIP","floor":8},{"not_picked":["Redo","Reprogram"],"picked":"Lockon","floor":10},{"not_picked":["Multi-Cast","Glacier","Storm"],"picked":"SKIP","floor":11},{"not_picked":["Leap","Turbo","Coolheaded"],"picked":"SKIP","floor":12},{"not_picked":["Blizzard","Force Field"],"picked":"Hologram","floor":14},{"not_picked":["Hyperbeam","Echo Form"],"picked":"Seek","floor":16},{"not_picked":["Reprogram","Sweeping Beam+1"],"picked":"Static Discharge+1","floor":18},{"not_picked":["Leap","Reinforced Body","Coolheaded+1"],"picked":"SKIP","floor":19},{"not_picked":["Rebound","Sweeping Beam+1","Steam+1"],"picked":"SKIP","floor":21},{"not_picked":["Rebound","Sweeping Beam+1"],"picked":"Steam+1","floor":21},{"not_picked":["Beam Cell+1","Darkness"],"picked":"Go for the Eyes","floor":22},{"not_picked":["Lockon","Melter"],"picked":"Ball Lightning","floor":25},{"not_picked":["Hello World","Redo"],"picked":"Streamline","floor":31},{"not_picked":["Steam+1","Rebound"],"picked":"Loop+1","floor":35},{"not_picked":["Hello World","Skim","Streamline"],"picked":"SKIP","floor":36}],"player_experience":293196,"relics_obtained":[{"floor":9,"key":"Thread and Needle"},{"floor":26,"key":"Dream Catcher"}],"event_choices":[{"event_name":"Accursed Blacksmith","player_choice":"Forge","floor":3,"damage_taken":0},{"event_name":"Living Wall","player_choice":"Forget","floor":4,"damage_taken":0},{"event_name":"Golden Idol","player_choice":"Ignored","floor":5,"damage_taken":0},{"event_name":"Wheel of Change","player_choice":"Relic","floor":13,"damage_taken":0},{"event_name":"Forgotten Altar","player_choice":"Shed Blood","floor":27,"damage_taken":0},{"event_name":"Duplicator","player_choice":"One dupe","floor":29,"damage_taken":0}],"is_beta":false,"boss_relics":[{"not_picked":["Black Star","Coffee Dripper"],"picked":"Runic Pyramid"},{"not_picked":["Tiny House","Cursed Key"],"picked":"Inserter"}],"items_purged_floors":[20],"is_endless":false,"potions_floor_spawned":[7,8,10,14,18,21,22,31,36],"killed_by":"Flame Bruiser 2 Orb","ascension_level":0}