{"gold_per_floor":[117,292,305,37,48,48,82,99,171,199,126,126,74,90,90,90],"floor_reached":16,"playtime":546,"items_purged":["Doubt"],"score":127,"play_id":"d996d31a-5d81-45e5-8b25-7d31e835edea","local_time":"20190415225422","is_ascension_mode":true,"campfire_choices":[{"data":"Blade Dance","floor":6,"key":"SMITH"},{"floor":15,"key":"REST"}],"neow_cost":"NONE","seed_source_timestamp":344658454692118,"circlet_count":0,"master_deck":["Defend_G","Defend_G","Defend_G","Defend_G","Defend_G","Strike_G","Strike_G","Strike_G","Strike_G","Survivor","Neutralize","Prepared","Blade Dance+1","Blade Dance","Accuracy","Accuracy","Dagger Throw","Well Laid Plans","Outmaneuver","Prepared"],"relics":["Ring of the Snake","NeowsBlessing","TwistedFunnel","Shovel","Question Card","Boot"],"potions_floor_usage":[7,10,10,16],"damage_taken":[{"damage":0,"enemies":"Small Slimes","floor":1,"turns":1},{"damage":0,"enemies":"2 Louse","floor":3,"turns":1},{"damage":0,"enemies":"Cultist","floor":5,"turns":1},{"damage":35,"enemies":"Gremlin Nob","floor":7,"turns":4},{"damage":6,"enemies":"Blue Slaver","floor":8,"turns":3},{"damage":11,"enemies":"Lagavulin","floor":10,"turns":5},{"damage":0,"enemies":"Exordium Thugs","floor":14,"turns":3},{"damage":41,"enemies":"Hexaghost","floor":16,"turns":9}],"seed_played":"-7110000582097784276","potions_obtained":[{"floor":3,"key":"Fire Potion"},{"floor":7,"key":"GhostInAJar"},{"floor":8,"key":"Ancient Potion"},{"floor":10,"key":"Explosive Potion"}],"is_trial":false,"path_per_floor":["M","?","M","$","M","R","E","M","T","E","$","?","$","M","R","B"],"character_chosen":"THE_SILENT","items_purchased":["TwistedFunnel","Well Laid Plans","Outmaneuver"],"campfire_rested":1,"item_purchase_floors":[4,11,13],"current_hp_per_floor":[70,70,70,70,70,70,35,29,29,18,18,18,18,18,39,0],"gold":90,"neow_bonus":"THREE_ENEMY_KILL","is_prod":false,"is_daily":false,"chose_seed":false,"campfire_upgraded":1,"win_rate":0,"timestamp":1555383262,"path_taken":["M","?","M","$","M","R","E","M","T","E","$","?","$","M","R","BOSS"],"build_version":"2019-01-23","purchased_purges":1,"victory":false,"max_hp_per_floor":[70,70,70,70,70,70,70,70,70,70,70,70,70,70,70,70],"card_choices":[{"not_picked":["Dagger Spray","Slice"],"picked":"Prepared","floor":1},{"not_picked":["Dodge and Roll","Outmaneuver"],"picked":"Blade Dance","floor":3},{"not_picked":["Reflex","Poisoned Stab"],"picked":"Blade Dance","floor":5},{"not_picked":["Crippling Poison","Bane"],"picked":"Accuracy","floor":7},{"not_picked":["Quick Slash","Underhanded Strike"],"picked":"Accuracy","floor":8},{"not_picked":["Heel Hook","Bane","Skewer"],"picked":"Dagger Throw","floor":10},{"not_picked":["Dodge and Roll","Deflect","Quick Slash"],"picked":"Prepared","floor":14}],"player_experience":264329,"relics_obtained":[{"floor":7,"key":"Shovel"},{"floor":9,"key":"Question Card"},{"floor":10,"key":"Boot"}],"event_choices":[{"damage_healed":0,"gold_gain":175,"player_choice":"AGREE","damage_taken":0,"max_hp_gain":0,"max_hp_loss":0,"event_name":"Liars Game","floor":2,"gold_loss":0,"cards_obtained":["Doubt"]},{"cards_removed":["Strike_G"],"damage_healed":0,"gold_gain":0,"player_choice":"Card Removal","damage_taken":0,"max_hp_gain":0,"max_hp_loss":0,"event_name":"Wheel of Change","floor":12,"gold_loss":0}],"is_beta":false,"boss_relics":[],"items_purged_floors":[4],"is_endless":false,"potions_floor_spawned":[3,7,8,10],"killed_by":"Hexaghost","ascension_level":3}