{"gold_per_floor":[113,126,142,217,217,249,249,284,284,302,302,302,81,81],"floor_reached":14,"playtime":512,"items_purged":["Strike_R"],"score":105,"play_id":"92976747-8b7c-48f8-a743-8379d28dba59","local_time":"20190202132209","daily_mods":["Diverse"],"is_ascension_mode":true,"campfire_choices":[{"floor":7,"key":"REST"}],"neow_cost":"","seed_source_timestamp":0,"circlet_count":0,"master_deck":["Strike_R","Strike_R","Strike_R","Strike_R","Defend_R","Defend_R","Defend_R","Defend_R","Bash","Shrug It Off","Reprogram","Infinite Blades","Wild Strike","Madness"],"relics":["Burning Blood","Singing Bowl","PreservedInsect","Letter Opener"],"potions_floor_usage":[6,10,12],"damage_taken":[{"damage":1,"enemies":"2 Louse","floor":1,"turns":2},{"damage":14,"enemies":"Jaw Worm","floor":2,"turns":5},{"damage":2,"enemies":"Cultist","floor":3,"turns":4},{"damage":34,"enemies":"Gremlin Nob","floor":6,"turns":5},{"damage":49,"enemies":"3 Sentries","floor":8,"turns":11},{"damage":7,"enemies":"Looter","floor":10,"turns":4},{"damage":0,"enemies":"2 Fungi Beasts","floor":12,"turns":1},{"damage":27,"enemies":"Gremlin Gang","floor":14,"turns":4}],"seed_played":"3698912495410696859","potions_obtained":[{"floor":1,"key":"Strength Potion"},{"floor":6,"key":"GamblersBrew"},{"floor":8,"key":"PowerPotion"},{"floor":11,"key":"SmokeBomb"},{"floor":11,"key":"SkillPotion"}],"is_trial":true,"path_per_floor":["M","M","M","?","?","E","R","E","T","M","?","M","$","M"],"character_chosen":"IRONCLAD","items_purchased":["Wild Strike","Madness"],"campfire_rested":1,"item_purchase_floors":[13,13],"current_hp_per_floor":[80,72,76,65,65,39,63,22,22,21,21,27,27,0],"gold":81,"neow_bonus":"","is_prod":false,"is_daily":false,"chose_seed":false,"campfire_upgraded":0,"win_rate":0.0,"timestamp":1549131729,"path_taken":["M","M","M","?","?","E","R","E","T","M","?","M","$","M"],"build_version":"2019-01-23","purchased_purges":1,"victory":false,"max_hp_per_floor":[80,80,80,80,80,82,82,84,84,84,84,84,84,84],"card_choices":[{"not_picked":["Hello World","Seeing Red","Go for the Eyes"],"picked":"SKIP","floor":1},{"not_picked":["Deadly Poison","Glacier"],"picked":"Shrug It Off","floor":2},{"not_picked":["Gash","Skewer"],"picked":"Reprogram","floor":3},{"not_picked":["Distraction","Hello World","Buffer"],"picked":"Singing Bowl","floor":6},{"not_picked":["Havoc","Twin Strike","Blur"],"picked":"Singing Bowl","floor":8},{"not_picked":["Pommel Strike","Thunderclap"],"picked":"Infinite Blades","floor":10}],"player_experience":328575,"relics_obtained":[{"floor":6,"key":"Singing Bowl"},{"floor":8,"key":"PreservedInsect"},{"floor":9,"key":"Letter Opener"}],"event_choices":[{"damage_healed":0,"gold_gain":75,"player_choice":"Gather Gold","damage_taken":11,"max_hp_gain":0,"max_hp_loss":0,"event_name":"World of Goop","floor":4,"gold_loss":0},{"damage_healed":0,"gold_gain":0,"player_choice":"Ignored","damage_taken":0,"max_hp_gain":0,"max_hp_loss":0,"event_name":"Golden Idol","floor":5,"gold_loss":0},{"damage_healed":0,"gold_gain":0,"player_choice":"Got Potions","damage_taken":0,"max_hp_gain":0,"max_hp_loss":0,"event_name":"Lab","floor":11,"gold_loss":0}],"is_beta":false,"boss_relics":[],"items_purged_floors":[13],"is_endless":false,"potions_floor_spawned":[1,6,8],"killed_by":"Gremlin Gang","ascension_level":1}