{"gold_per_floor":[111,30,30,30,30,30,54,395,395,410,450,450,474,96,96,96],"floor_reached":16,"playtime":1198,"items_purged":["Strike_G"],"score":119,"play_id":"948e0edc-1a40-4bdd-bf8d-454d644cafe3","local_time":"20190313161707","is_ascension_mode":true,"campfire_choices":[{"data":"After Image","floor":6,"key":"SMITH"},{"floor":12,"key":"REST"},{"floor":15,"key":"REST"}],"neow_cost":"NONE","seed_source_timestamp":163020351402788,"circlet_count":0,"master_deck":["Defend_G","Defend_G","Defend_G","Defend_G","Defend_G","Strike_G","Strike_G","Strike_G","Survivor","Neutralize","Backflip","After Image+1","Cloak And Dagger","Bouncing Flask","Blur","Cloak And Dagger","Deadly Poison","Cloak And Dagger"],"relics":["Ring of the Snake","Golden Idol","Old Coin","Question Card","Gremlin Horn"],"potions_floor_usage":[16],"damage_taken":[{"damage":3,"enemies":"Cultist","floor":1,"turns":6},{"damage":4,"enemies":"Jaw Worm","floor":7,"turns":8},{"damage":30,"enemies":"Gremlin Nob","floor":8,"turns":5},{"damage":0,"enemies":"2 Louse","floor":10,"turns":4},{"damage":13,"enemies":"3 Sentries","floor":11,"turns":19},{"damage":0,"enemies":"Red Slaver","floor":13,"turns":4},{"damage":60,"enemies":"Slime Boss","floor":16,"turns":14}],"seed_played":"-2147820508154834039","potions_obtained":[{"floor":7,"key":"Ancient Potion"},{"floor":8,"key":"AttackPotion"},{"floor":11,"key":"SpeedPotion"}],"is_trial":false,"path_per_floor":["M","$","?","?","?","R","M","E","T","M","E","R","M","$","R","B"],"character_chosen":"THE_SILENT","items_purchased":["After Image","Gremlin Horn","Cloak And Dagger"],"campfire_rested":2,"item_purchase_floors":[2,14,14],"current_hp_per_floor":[74,74,55,55,55,55,51,21,21,21,8,31,31,31,54,0],"gold":96,"neow_bonus":"TEN_PERCENT_HP_BONUS","is_prod":false,"is_daily":false,"chose_seed":false,"campfire_upgraded":1,"win_rate":0,"timestamp":1552490227,"path_taken":["M","$","?","?","?","R","M","E","T","?","E","R","M","$","R","BOSS"],"build_version":"2019-01-23","purchased_purges":1,"victory":false,"max_hp_per_floor":[77,77,77,77,77,77,77,77,77,77,77,77,77,77,77,77],"card_choices":[{"not_picked":["Deflect","Prepared"],"picked":"Backflip","floor":1},{"not_picked":["Skewer","Dagger Spray"],"picked":"Bouncing Flask","floor":7},{"not_picked":["Dagger Throw","Masterful Stab"],"picked":"Blur","floor":8},{"not_picked":["Underhanded Strike","Caltrops"],"picked":"Cloak And Dagger","floor":10},{"not_picked":["Tactician","Burst","Riddle With Holes"],"picked":"SKIP","floor":11},{"not_picked":["Slice","Skewer","Quick Slash"],"picked":"Deadly Poison","floor":13}],"player_experience":59985,"relics_obtained":[{"floor":8,"key":"Old Coin"},{"floor":11,"key":"Question Card"}],"event_choices":[{"damage_healed":0,"gold_gain":0,"player_choice":"Take Damage","damage_taken":19,"relics_obtained":["Golden Idol"],"max_hp_gain":0,"max_hp_loss":0,"event_name":"Golden Idol","floor":3,"gold_loss":0},{"damage_healed":0,"gold_gain":0,"player_choice":"Leave","damage_taken":0,"max_hp_gain":0,"max_hp_loss":0,"event_name":"The Cleric","floor":4,"gold_loss":0},{"damage_healed":0,"gold_gain":0,"cards_transformed":["Strike_G"],"player_choice":"Transformed","damage_taken":0,"max_hp_gain":0,"max_hp_loss":0,"event_name":"Transmorgrifier","floor":5,"gold_loss":0,"cards_obtained":["Cloak And Dagger"]}],"is_beta":false,"boss_relics":[],"items_purged_floors":[14],"is_endless":false,"potions_floor_spawned":[7,8,11],"killed_by":"Slime Boss","ascension_level":2}