{"gold_per_floor":[111,111,111,111,111,111,111,126,179,204,229,243,243,256,256,376,376,395,395,413,85,105,105,105,105],"floor_reached":25,"playtime":531,"items_purged":["Strike_B"],"score":191,"play_id":"81b6651e-a93f-4369-b2e8-38fc200eb4fd","local_time":"20180716194059","is_ascension_mode":false,"campfire_choices":[{"data":"Zap","floor":6,"key":"SMITH"},{"data":"Ball Lightning","floor":13,"key":"SMITH"},{"data":"Tempest","floor":15,"key":"SMITH"},{"data":"Apotheosis","floor":23,"key":"SMITH"}],"neow_cost":"NONE","seed_source_timestamp":75602569641936,"circlet_count":0,"master_deck":["Strike_B+1","Defend_B","Defend_B","Zap+1","Dualcast+1","Tempest+1","Rebound","Ball Lightning+1","Thunder Strike","Gash+1","Rebound+1","Apotheosis+1","Gash","Ball Lightning+1"],"relics":["Coffee Dripper","Golden Idol","Omamori","Ancient Tea Set","Astrolabe"],"potions_floor_usage":[],"damage_taken":[{"damage":3,"enemies":"Jaw Worm","floor":1,"turns":4},{"damage":0,"enemies":"Cultist","floor":8,"turns":2},{"damage":0,"enemies":"Small Slimes","floor":10,"turns":2},{"damage":13,"enemies":"3 Louse","floor":12,"turns":2},{"damage":9,"enemies":"Exordium Wildlife","floor":14,"turns":3},{"damage":26,"enemies":"Hexaghost","floor":16,"turns":8},{"damage":10,"enemies":"Chosen","floor":18,"turns":3},{"damage":28,"enemies":"Shell Parasite","floor":20,"turns":3},{"damage":15,"enemies":"Chosen and Byrds","floor":22,"turns":4},{"damage":17,"enemies":"Slaver and Parasite","floor":25,"turns":1}],"seed_played":"-8558427908655706066","potions_obtained":[{"floor":10,"key":"Energy Potion"},{"floor":12,"key":"Explosive Potion"},{"floor":20,"key":"Fire Potion"}],"is_trial":false,"path_per_floor":["M","?","?","?","?","R","?","M","T","M","T","M","R","M","R","B",null,"M","?","M","$","M","R","?"],"character_chosen":"DEFECT","items_purchased":["Apotheosis","Gash"],"campfire_rested":0,"item_purchase_floors":[21,21],"current_hp_per_floor":[72,57,57,57,39,39,57,57,57,57,57,44,44,35,35,9,72,62,62,34,34,19,19,10,0],"gold":105,"neow_bonus":"BOSS_RELIC","is_prod":false,"is_daily":false,"chose_seed":false,"campfire_upgraded":4,"win_rate":0.0,"timestamp":1531784459,"path_taken":["M","?","?","?","?","R","?","M","T","?","?","M","R","M","R","BOSS","M","?","M","$","M","R","?","M"],"build_version":"2018-07-12","purchased_purges":1,"victory":false,"max_hp_per_floor":[75,75,75,75,75,75,75,75,75,75,75,75,75,75,75,75,72,72,72,72,72,72,72,72,72],"card_choices":[{"not_picked":["Barrage","Turbo"],"picked":"Tempest","floor":1},{"not_picked":["Recycle","Cold Snap"],"picked":"Rebound","floor":8},{"not_picked":["Tempest","Stack"],"picked":"Ball Lightning","floor":10},{"not_picked":["Cold Snap","Chaos","Scrape"],"picked":"SKIP","floor":12},{"not_picked":["Redo","Conserve Battery","BootSequence"],"picked":"SKIP","floor":14},{"not_picked":["Buffer","Amplify"],"picked":"Thunder Strike","floor":16},{"not_picked":["Genetic Algorithm","Redo","Cold Snap"],"picked":"SKIP","floor":18},{"not_picked":["Rebound","Go for the Eyes","Cold Snap"],"picked":"SKIP","floor":20},{"not_picked":["Rebound","Loop"],"picked":"Ball Lightning+1","floor":22}],"player_experience":262149,"relics_obtained":[{"floor":9,"key":"Omamori"},{"floor":11,"key":"Ancient Tea Set"}],"event_choices":[{"event_name":"Shining Light","player_choice":"Entered Light","floor":2,"damage_taken":0},{"event_name":"Living Wall","player_choice":"Forget","floor":3,"damage_taken":0},{"event_name":"Bonfire Elementals","player_choice":"BASIC","floor":4,"damage_taken":0},{"event_name":"Golden Idol","player_choice":"Take Damage","floor":5,"damage_taken":0},{"event_name":"Mushrooms","player_choice":"Healed and dodged fight","floor":7,"damage_taken":0},{"event_name":"Accursed Blacksmith","player_choice":"Ignore","floor":19,"damage_taken":0},{"event_name":"Cursed Tome","player_choice":"Stopped","floor":24,"damage_taken":0}],"boss_relics":[{"not_picked":["Runic Dome","Philosopher\u0027s Stone"],"picked":"Astrolabe"}],"items_purged_floors":[21],"is_endless":false,"potions_floor_spawned":[10,12,20,22],"killed_by":"Slaver and Parasite","ascension_level":0}