{"gold_per_floor":[365,10,10,24,38,66,66,83,83,83,99,99,130,148,148,224,224,235,253,253,271,286,317,317,337,337,337,371,389,389,304,304,383,383,395,444,444,544,41,75,75,75,75,75,75,106,118,5,5,5],"floor_reached":50,"playtime":4480,"items_purged":["Strike_R","Defend_R","Defend_R"],"score":1177,"play_id":"b4655cbb-e557-40cf-8597-102956443c30","local_time":"20190221011859","is_ascension_mode":true,"campfire_choices":[{"data":"Uppercut","floor":7.0,"key":"SMITH"},{"data":"Limit Break","floor":10.0,"key":"SMITH"},{"data":"Flex","floor":12.0,"key":"SMITH"},{"data":"Armaments","floor":15.0,"key":"SMITH"},{"data":"Demon Form","floor":24.0,"key":"SMITH"},{"data":"Battle Trance","floor":27.0,"key":"SMITH"},{"floor":30.0,"key":"REST"},{"floor":32.0,"key":"REST"},{"data":"Sword Boomerang","floor":41.0,"key":"SMITH"},{"data":"Pummel","floor":42.0,"key":"SMITH"},{"data":"Bandage Up","floor":44.0,"key":"SMITH"},{"floor":47.0,"key":"RECALL"},{"data":"Warcry","floor":49.0,"key":"SMITH"}],"neow_cost":"PERCENT_DAMAGE","seed_source_timestamp":0,"circlet_count":0,"master_deck":["AscendersBane","Strike_R","Strike_R","Strike_R","Strike_R","Defend_R","Defend_R","Bash","Battle Trance+1","Limit Break+1","Flex+1","Anger","Bandage Up+1","True Grit","Evolve","Uppercut+1","Flex+1","Feed","Flame Barrier","Armaments+1","Demon Form+1","Armaments+1","Flame Barrier+1","Limit Break+1","Spot Weakness","Warcry+1","Ghostly Armor","Offering","Impervious","Pommel Strike+1","Corruption+1","Power Through","Pummel+1","Sword Boomerang+1","Reaper"],"special_seed":0,"relics":["Burning Blood","Pocketwatch","Mercury Hourglass","Letter Opener","Mark of Pain","Centennial Puzzle","Bottled Lightning","Red Mask","Anchor","Coffee Dripper","WingedGreaves","Dodecahedron","Du-Vu Doll","Mummified Hand","Ornamental Fan","MawBank"],"potions_floor_usage":[50],"damage_taken":[{"damage":9.0,"enemies":"2 Louse","floor":1.0,"turns":3.0},{"damage":1.0,"enemies":"Cultist","floor":4.0,"turns":3.0},{"damage":17.0,"enemies":"Jaw Worm","floor":5.0,"turns":4.0},{"damage":28.0,"enemies":"3 Sentries","floor":6.0,"turns":8.0},{"damage":3.0,"enemies":"Looter","floor":8.0,"turns":4.0},{"damage":9.0,"enemies":"Exordium Wildlife","floor":11.0,"turns":5.0},{"damage":10.0,"enemies":"Gremlin Nob","floor":13.0,"turns":3.0},{"damage":0.0,"enemies":"Exordium Thugs","floor":14.0,"turns":2.0},{"damage":46.0,"enemies":"The Guardian","floor":16.0,"turns":5.0},{"damage":14.0,"enemies":"Spheric Guardian","floor":18.0,"turns":4.0},{"damage":7.0,"enemies":"3 Byrds","floor":19.0,"turns":3.0},{"damage":15.0,"enemies":"Snake Plant","floor":21.0,"turns":3.0},{"damage":7.0,"enemies":"Centurion and Healer","floor":22.0,"turns":5.0},{"damage":17.0,"enemies":"Book of Stabbing","floor":23.0,"turns":4.0},{"damage":28.0,"enemies":"Shelled Parasite and Fungi","floor":25.0,"turns":3.0},{"damage":27.0,"enemies":"Masked Bandits","floor":28.0,"turns":4.0},{"damage":19.0,"enemies":"Cultist and Chosen","floor":29.0,"turns":5.0},{"damage":8.0,"enemies":"Champ","floor":33.0,"turns":6.0},{"damage":13.0,"enemies":"3 Darklings","floor":35.0,"turns":4.0},{"damage":6.0,"enemies":"2 Orb Walkers","floor":36.0,"turns":3.0},{"damage":6.0,"enemies":"Mind Bloom Boss Battle","floor":38.0,"turns":6.0},{"damage":53.0,"enemies":"Reptomancer","floor":40.0,"turns":3.0},{"damage":32.0,"enemies":"Giant Head","floor":46.0,"turns":5.0},{"damage":53,"enemies":"Awakened One","floor":50,"turns":7}],"seed_played":"-6525977156197862223","potions_obtained":[{"floor":1.0,"key":"BloodPotion"},{"floor":8.0,"key":"Swift Potion"},{"floor":13.0,"key":"Ancient Potion"},{"floor":14.0,"key":"FearPotion"},{"floor":16.0,"key":"EssenceOfSteel"},{"floor":18.0,"key":"Explosive Potion"},{"floor":21.0,"key":"AttackPotion"},{"floor":25.0,"key":"LiquidBronze"},{"floor":28.0,"key":"PowerPotion"},{"floor":33.0,"key":"AttackPotion"},{"floor":40.0,"key":"Poison Potion"}],"is_trial":false,"path_per_floor":["M","$","?","M","M","E","R","M","T","R","M","R","E","M","R","B",null,"M","M","?","M","M","E","R","M","T","R","?","M","R","?","R","B",null,"M","?","T","?","$","E","R","R","T","R","?","E","R","$","R","B"],"character_chosen":"IRONCLAD","items_purchased":["Limit Break","Flex","Anger","Bandage Up","Mummified Hand","Power Through","Pummel"],"campfire_rested":2,"item_purchase_floors":[2,2,2,2,39,39,39],"current_hp_per_floor":[47,47,47,56,56,38,38,45,45,45,46,46,42,52,52,18,61,57,56,56,54,62,55,55,41,41,41,27,20,46,46,72,76,85,78,81,81,85,85,46,46,46,46,46,46,26,26,26,26,0],"gold":5,"neow_bonus":"TWO_FIFTY_GOLD","is_prod":false,"is_daily":false,"chose_seed":false,"campfire_upgraded":10,"win_rate":0,"timestamp":1550740739,"path_taken":["M","$","?","M","M","E","R","M","T","R","M","R","E","?","R","BOSS","M","M","?","M","?","E","R","M","T","R","?","M","R","?","R","BOSS","M","?","?","?","?","E","R","R","T","R","?","E","R","$","R","BOSS"],"build_version":"2019-02-06","purchased_purges":3,"victory":false,"max_hp_per_floor":[75,75,75,75,75,75,75,75,75,75,75,75,75,75,75,75,75,75,75,75,78,81,81,81,85,85,85,88,88,88,88,88,88,88,88,91,91,91,91,95,95,95,95,95,95,95,95,95,95,95],"card_choices":[{"not_picked":["Power Through","Clothesline"],"picked":"Battle Trance","floor":1.0},{"not_picked":["Havoc","Perfected Strike"],"picked":"True Grit","floor":4.0},{"not_picked":["True Grit","Rupture"],"picked":"Evolve","floor":5.0},{"not_picked":["Anger","Clothesline"],"picked":"Uppercut","floor":6.0},{"not_picked":["Perfected Strike","Dropkick"],"picked":"Flex","floor":8.0},{"not_picked":["Shockwave","Thunderclap"],"picked":"Feed","floor":11.0},{"not_picked":["Clothesline","Rupture"],"picked":"Flame Barrier","floor":13.0},{"not_picked":["Blood for Blood","Sword Boomerang"],"picked":"Armaments","floor":14.0},{"not_picked":["Immolate","Limit Break"],"picked":"Demon Form","floor":16.0},{"not_picked":["Iron Wave","Body Slam"],"picked":"Armaments+1","floor":18.0},{"not_picked":["Heavy Blade","Flex"],"picked":"Flame Barrier+1","floor":19.0},{"not_picked":["Blood for Blood","Dual Wield","Clothesline"],"picked":"SKIP","floor":21.0},{"not_picked":["Searing Blow","Thunderclap"],"picked":"Inflame","floor":22.0},{"not_picked":["Pummel","Fire Breathing"],"picked":"Spot Weakness","floor":23.0},{"not_picked":["True Grit","Body Slam"],"picked":"Warcry","floor":25.0},{"not_picked":["Armaments","Thunderclap"],"picked":"Ghostly Armor","floor":28.0},{"not_picked":["Clothesline+1","Havoc+1"],"picked":"Offering","floor":29.0},{"not_picked":["Brutality","Demon Form"],"picked":"Impervious","floor":33.0},{"not_picked":["Havoc","Cleave"],"picked":"Pommel Strike+1","floor":35.0},{"not_picked":["Thunderclap","Double Tap"],"picked":"Corruption+1","floor":38.0},{"not_picked":["Corruption+1","Cleave+1"],"picked":"Sword Boomerang","floor":40.0},{"not_picked":["Twin Strike","Burning Pact"],"picked":"Reaper","floor":46.0}],"player_experience":3296088,"relics_obtained":[{"floor":6.0,"key":"Pocketwatch"},{"floor":9.0,"key":"Mercury Hourglass"},{"floor":13.0,"key":"Letter Opener"},{"floor":23.0,"key":"Centennial Puzzle"},{"floor":26.0,"key":"Bottled Lightning"},{"floor":28.0,"key":"Red Mask"},{"floor":36.0,"key":"WingedGreaves"},{"floor":37.0,"key":"Dodecahedron"},{"floor":38.0,"key":"Du-Vu Doll"},{"floor":40.0,"key":"Ornamental Fan"},{"floor":46.0,"key":"MawBank"}],"event_choices":[{"damage_healed":0.0,"max_hp_gain":0.0,"max_hp_loss":0.0,"gold_gain":0.0,"event_name":"Upgrade Shrine","player_choice":"Upgraded","floor":3.0,"gold_loss":0.0,"damage_taken":0.0,"cards_upgraded":["Flex"]},{"damage_healed":0.0,"max_hp_gain":0.0,"max_hp_loss":0.0,"gold_gain":0.0,"event_name":"Duplicator","player_choice":"Copied","floor":20.0,"gold_loss":0.0,"damage_taken":0.0,"cards_obtained":["Limit Break"]},{"damage_healed":0.0,"max_hp_gain":0.0,"max_hp_loss":0.0,"gold_gain":0.0,"event_name":"Masked Bandits","player_choice":"Fought Bandits","floor":28.0,"gold_loss":0.0,"damage_taken":0.0},{"damage_healed":0.0,"max_hp_gain":0.0,"max_hp_loss":0.0,"gold_gain":0.0,"event_name":"Addict","player_choice":"Obtained Relic","floor":31.0,"gold_loss":85.0,"damage_taken":0.0,"relics_obtained":["Anchor"]},{"damage_healed":0.0,"max_hp_gain":0.0,"max_hp_loss":0.0,"gold_gain":0.0,"event_name":"Mysterious Sphere","player_choice":"Fight","floor":36.0,"gold_loss":0.0,"damage_taken":0.0},{"damage_healed":0.0,"max_hp_gain":0.0,"max_hp_loss":0.0,"gold_gain":0.0,"event_name":"MindBloom","player_choice":"Fight","floor":38.0,"gold_loss":0.0,"damage_taken":0.0},{"cards_removed":["Inflame"],"damage_healed":0.0,"max_hp_gain":0.0,"max_hp_loss":0.0,"gold_gain":0.0,"event_name":"Falling","player_choice":"Removed Power","floor":45.0,"gold_loss":0.0,"damage_taken":0.0}],"is_beta":true,"boss_relics":[{"not_picked":["Velvet Choker","Cursed Key"],"picked":"Mark of Pain"},{"not_picked":["Calling Bell","Tiny House"],"picked":"Coffee Dripper"}],"items_purged_floors":[2,39,48],"is_endless":false,"potions_floor_spawned":[1,8,13,14,16,18,21,25,28,33,40],"killed_by":"Awakened One","ascension_level":20}