{"gold_per_floor":[119,131,146,146,160,160,190,190,190,209,235,41,41,61,61,61],"floor_reached":16,"playtime":496,"items_purged":[],"score":112,"play_id":"73e1b603-23b0-442a-ba76-7be4c74cc948","local_time":"20190407003345","is_ascension_mode":false,"campfire_choices":[{"data":"Ball Lightning","floor":6,"key":"SMITH"},{"floor":8,"key":"REST"},{"data":"Echo Form","floor":15,"key":"SMITH"}],"neow_cost":"NONE","seed_source_timestamp":42886183604307,"circlet_count":0,"master_deck":["Strike_B","Strike_B","Strike_B","Strike_B","Defend_B","Defend_B","Defend_B","Defend_B","Zap+1","Dualcast","Ball Lightning+1","BootSequence","Echo Form+1","Decay","Thunderclap"],"relics":["Cracked Core","Anchor","Pen Nib","Gremlin Horn","Thread and Needle","PrismaticShard"],"potions_floor_usage":[16],"damage_taken":[{"damage":1,"enemies":"Jaw Worm","floor":1,"turns":3},{"damage":1,"enemies":"Cultist","floor":2,"turns":3},{"damage":0,"enemies":"Small Slimes","floor":3,"turns":2},{"damage":8,"enemies":"Red Slaver","floor":5,"turns":3},{"damage":13,"enemies":"Lagavulin","floor":7,"turns":7},{"damage":10,"enemies":"Exordium Thugs","floor":10,"turns":4},{"damage":14,"enemies":"Gremlin Nob","floor":11,"turns":3},{"damage":0,"enemies":"Blue Slaver","floor":14,"turns":3},{"damage":50,"enemies":"The Guardian","floor":16,"turns":7}],"seed_played":"2275694045400189387","potions_obtained":[{"floor":7,"key":"SpeedPotion"},{"floor":10,"key":"LiquidBronze"},{"floor":14,"key":"FocusPotion"}],"is_trial":false,"path_per_floor":["M","M","M","?","M","R","E","R","T","M","E","$","?","M","R","B"],"character_chosen":"DEFECT","items_purchased":["PrismaticShard"],"campfire_rested":1,"item_purchase_floors":[12],"current_hp_per_floor":[74,73,73,73,65,65,52,74,74,64,50,50,50,50,50,0],"gold":61,"neow_bonus":"RANDOM_COMMON_RELIC","is_prod":false,"is_daily":false,"chose_seed":false,"campfire_upgraded":2,"win_rate":0,"timestamp":1554611625,"path_taken":["M","M","M","?","M","R","E","R","T","?","E","$","?","M","R","BOSS"],"build_version":"2019-01-23","purchased_purges":0,"victory":false,"max_hp_per_floor":[75,75,75,75,75,75,75,75,75,75,75,75,75,75,75,75],"card_choices":[{"not_picked":["Coolheaded","Heatsinks"],"picked":"Ball Lightning","floor":1},{"not_picked":["Steam","Stack","Beam Cell"],"picked":"SKIP","floor":2},{"not_picked":["Consume","Hello World","Barrage"],"picked":"SKIP","floor":3},{"not_picked":["Steam","Steam Power"],"picked":"BootSequence","floor":5},{"not_picked":["Go for the Eyes","Turbo"],"picked":"Echo Form","floor":7},{"not_picked":["FTL","Sunder","Coolheaded"],"picked":"SKIP","floor":10},{"not_picked":["Coolheaded","Sweeping Beam","Go for the Eyes"],"picked":"SKIP","floor":11},{"not_picked":["Iron Wave","Heavy Blade"],"picked":"Thunderclap","floor":14}],"player_experience":455891,"relics_obtained":[{"floor":7,"key":"Pen Nib"},{"floor":9,"key":"Gremlin Horn"},{"floor":11,"key":"Thread and Needle"}],"event_choices":[{"damage_healed":0,"gold_gain":0,"player_choice":"Forge","damage_taken":0,"max_hp_gain":0,"max_hp_loss":0,"event_name":"Accursed Blacksmith","floor":4,"gold_loss":0,"cards_upgraded":["Zap"]},{"damage_healed":0,"gold_gain":0,"player_choice":"Cursed","damage_taken":0,"max_hp_gain":0,"max_hp_loss":0,"event_name":"Wheel of Change","floor":13,"gold_loss":0,"cards_obtained":["Decay"]}],"is_beta":false,"boss_relics":[],"items_purged_floors":[],"is_endless":false,"potions_floor_spawned":[7,10,14],"killed_by":"The Guardian","ascension_level":0}