{"gold_per_floor":[115,115,126,146,146,165,165,199,226,245,245,270,20,38,38,114,114,124,124,23,23,38,38],"floor_reached":23,"playtime":1651,"items_purged":["Strike_R","Strike_R"],"score":357,"play_id":"f850238a-fa3e-4c87-bb30-7a0e66a42b78","local_time":"20181229202210","is_ascension_mode":true,"campfire_choices":[{"data":"True Grit","floor":7,"key":"SMITH"},{"data":"Barricade","floor":11,"key":"SMITH"},{"data":"Armaments","floor":15,"key":"SMITH"}],"neow_cost":"NONE","seed_source_timestamp":11516841493579,"circlet_count":0,"master_deck":["AscendersBane","Strike_R","Strike_R","Strike_R","Defend_R","Defend_R","Defend_R","Defend_R","Bash","Pommel Strike","Shrug It Off","Anger","True Grit+1","Flame Barrier","Barricade+1","Armaments+1","Sword Boomerang","Panache","Battle Trance","Dark Embrace","Shrug It Off","RitualDagger","Twin Strike"],"relics":["Burning Blood","Boot","Smiling Mask","Strawberry","Runic Cube"],"potions_floor_usage":[6,12,16,22,23],"damage_taken":[{"damage":8,"enemies":"2 Louse","floor":1,"turns":4},{"damage":1,"enemies":"Cultist","floor":3,"turns":3},{"damage":7,"enemies":"Jaw Worm","floor":4,"turns":3},{"damage":25,"enemies":"Exordium Thugs","floor":6,"turns":6},{"damage":37,"enemies":"3 Sentries","floor":8,"turns":13},{"damage":3,"enemies":"2 Fungi Beasts","floor":10,"turns":4},{"damage":7,"enemies":"Lagavulin","floor":12,"turns":9},{"damage":7,"enemies":"Blue Slaver","floor":14,"turns":4},{"damage":31,"enemies":"Slime Boss","floor":16,"turns":12},{"damage":0,"enemies":"3 Byrds","floor":18,"turns":1},{"damage":34,"enemies":"Spheric Guardian","floor":22,"turns":8},{"damage":77,"enemies":"Book of Stabbing","floor":23,"turns":8}],"seed_played":"4366673921527046713","potions_obtained":[{"floor":4,"key":"Regen Potion"},{"floor":8,"key":"EssenceOfSteel"},{"floor":14,"key":"BloodPotion"},{"floor":16,"key":"BloodPotion"},{"floor":18,"key":"Regen Potion"}],"is_trial":false,"path_per_floor":["M","?","M","M","?","M","R","E","T","M","R","E","$","M","R","B",null,"M","?","$","?","M","E"],"character_chosen":"IRONCLAD","items_purchased":["Sword Boomerang","Panache","Shrug It Off"],"campfire_rested":0,"item_purchase_floors":[13,13,20],"current_hp_per_floor":[78,78,83,82,74,69,69,38,38,41,41,47,47,46,46,30,79,85,85,85,79,60,0],"gold":38,"neow_bonus":"TEN_PERCENT_HP_BONUS","is_prod":false,"is_daily":false,"chose_seed":false,"campfire_upgraded":3,"win_rate":0,"timestamp":1546143730,"path_taken":["M","?","M","M","?","?","R","E","T","M","R","E","$","M","R","BOSS","M","?","?","?","?","E"],"build_version":"2018-12-20","purchased_purges":2,"victory":false,"max_hp_per_floor":[88,88,88,88,88,88,88,88,88,88,88,95,95,95,95,95,95,95,95,95,95,95,95],"card_choices":[{"not_picked":["Wild Strike","Bloodletting"],"picked":"Pommel Strike","floor":1},{"not_picked":["Clash","Power Through"],"picked":"Shrug It Off","floor":3},{"not_picked":["Flex","Iron Wave"],"picked":"Anger","floor":4},{"not_picked":["Clash","Warcry"],"picked":"True Grit","floor":6},{"not_picked":["Feel No Pain","Carnage"],"picked":"Flame Barrier","floor":8},{"not_picked":["Battle Trance","Heavy Blade"],"picked":"Barricade","floor":10},{"not_picked":["Headbutt","Fire Breathing"],"picked":"Armaments","floor":12},{"not_picked":["Clothesline","Fire Breathing"],"picked":"Battle Trance","floor":14},{"not_picked":["Exhume","Berserk"],"picked":"Dark Embrace","floor":16},{"not_picked":["Anger","Havoc","Pommel Strike+1"],"picked":"SKIP","floor":18},{"not_picked":["Wild Strike","True Grit"],"picked":"Twin Strike","floor":22}],"player_experience":441939,"relics_obtained":[{"floor":8,"key":"Boot"},{"floor":9,"key":"Smiling Mask"},{"floor":12,"key":"Strawberry"}],"event_choices":[{"damage_healed":0,"gold_gain":0,"player_choice":"Leave","damage_taken":0,"max_hp_gain":0,"max_hp_loss":0,"event_name":"The Cleric","floor":2,"gold_loss":0},{"damage_healed":0,"gold_gain":0,"player_choice":"Damaged","damage_taken":8,"max_hp_gain":0,"max_hp_loss":0,"event_name":"Wheel of Change","floor":5,"gold_loss":0},{"damage_healed":0,"gold_gain":0,"player_choice":"Bought 0 Potions","damage_taken":0,"max_hp_gain":0,"max_hp_loss":0,"event_name":"The Woman in Blue","floor":19,"gold_loss":0},{"damage_healed":0,"gold_gain":0,"player_choice":"Joined the Cult","damage_taken":6,"max_hp_gain":0,"max_hp_loss":0,"event_name":"Nest","floor":21,"gold_loss":0,"cards_obtained":["RitualDagger"]}],"is_beta":false,"boss_relics":[{"not_picked":["Cursed Key","Calling Bell"],"picked":"Runic Cube"}],"items_purged_floors":[13,20],"is_endless":false,"potions_floor_spawned":[4,8,14,16,18],"killed_by":"Book of Stabbing","ascension_level":13}