{"path_per_floor":["M","M","?","?","M","E","T","M","T","R","$","R","M","?","R","B",null,"M","$","?","M","?","R","M","R","T","?","M"],"character_chosen":"THE_SILENT","items_purchased":["Bouncing Flask","Poisoned Stab","Dagger Throw","Noxious Fumes","EssenceOfSteel","Deadly Poison","Deflect"],"gold_per_floor":[109,121,121,196,209,235,260,274,320,320,21,21,41,41,41,136,166,179,33,33,43,43,43,56,56,56,0,16,16],"floor_reached":29,"campfire_rested":5,"playtime":2432,"item_purchase_floors":[11,11,11,11,11,19,19],"current_hp_per_floor":[66,66,66,55,55,46,46,35,35,58,58,77,39,39,62,20,82,55,55,55,24,8,34,8,34,34,34,6,0],"items_purged":["Strike_G"],"gold":16,"score":248,"play_id":"e5691298-3da4-472b-b87e-2141bc254884","local_time":"20180615215645","is_prod":false,"is_daily":false,"chose_seed":false,"is_ascension_mode":false,"campfire_upgraded":0,"win_rate":0.0,"timestamp":1529114205,"campfire_choices":[{"floor":10,"key":"REST"},{"floor":12,"key":"REST"},{"floor":15,"key":"REST"},{"floor":23,"key":"REST"},{"floor":25,"key":"REST"}],"path_taken":["M","M","?","?","M","E","?","?","T","R","$","R","M","?","R","BOSS","M","$","?","M","?","R","M","R","T","?","M","M"],"build_version":"2018-06-14v2","seed_source_timestamp":3518445257820,"purchased_purges":1,"victory":false,"master_deck":["Defend_G","Defend_G","Defend_G","Defend_G","Defend_G","Strike_G","Strike_G","Strike_G","Strike_G","Survivor","Neutralize","Deadly Poison","Dash","Poisoned Stab","Catalyst","Night Terror","Outmaneuver","Bouncing Flask","Poisoned Stab+1","Dagger Throw","Noxious Fumes","Bane","Choke","Dagger Throw","Bullet Time","Skewer","Outmaneuver","Deadly Poison","Deflect","Bullet Time","Bane","Dagger Spray+1","Slice","Crippling Poison"],"max_hp_per_floor":[70,70,70,70,70,77,77,77,77,77,77,77,77,77,77,77,82,82,82,82,82,87,87,87,87,87,87,87,87],"relics":["Ring of the Snake","Strawberry","Anchor","Dream Catcher","Tiny House","Ancient Tea Set"],"card_choices":[{"not_picked":["Malaise","Dodge and Roll"],"picked":"Deadly Poison","floor":1},{"not_picked":["Reflex","Sucker Punch"],"picked":"Dash","floor":2},{"not_picked":["Dagger Throw","Underhanded Strike"],"picked":"Poisoned Stab","floor":5},{"not_picked":["Distraction","Deadly Poison"],"picked":"Catalyst","floor":6},{"not_picked":["Choke","PiercingWail"],"picked":"Night Terror","floor":8},{"not_picked":["Calculated Gamble","Heel Hook"],"picked":"Outmaneuver","floor":10},{"not_picked":["Reflex","Poisoned Stab"],"picked":"Bane","floor":12},{"not_picked":["Backflip","Acrobatics"],"picked":"Choke","floor":13},{"not_picked":["Backflip","Escape Plan"],"picked":"Dagger Throw","floor":15},{"not_picked":["Corpse Explosion","Night Terror"],"picked":"Bullet Time","floor":16},{"not_picked":["Deflect","Well Laid Plans"],"picked":"Skewer","floor":17},{"not_picked":["Poisoned Stab","Footwork"],"picked":"Outmaneuver","floor":18},{"not_picked":["Leg Sweep","Prepared","Reflex"],"picked":"SKIP","floor":21},{"not_picked":["Slice","Underhanded Strike"],"picked":"Bane","floor":23},{"not_picked":["Malaise","Masterful Stab+1"],"picked":"Dagger Spray+1","floor":24},{"not_picked":["Poisoned Stab","Underhanded Strike"],"picked":"Slice","floor":25},{"not_picked":["Dagger Throw","Outmaneuver"],"picked":"Crippling Poison","floor":28}],"player_experience":72720,"potions_floor_usage":[8,18,24,24],"damage_taken":[{"damage":4,"enemies":"Small Slimes","floor":1,"turns":6},{"damage":0,"enemies":"Cultist","floor":2,"turns":3},{"damage":0,"enemies":"Jaw Worm","floor":5,"turns":3},{"damage":16,"enemies":"3 Sentries","floor":6,"turns":10},{"damage":11,"enemies":"Large Slime","floor":8,"turns":8},{"damage":38,"enemies":"Lots of Slimes","floor":13,"turns":5},{"damage":42,"enemies":"Hexaghost","floor":16,"turns":9},{"damage":27,"enemies":"2 Thieves","floor":18,"turns":4},{"damage":31,"enemies":"3 Byrds","floor":21,"turns":5},{"damage":26,"enemies":"3 Cultists","floor":24,"turns":6},{"damage":28,"enemies":"Snake Plant","floor":28,"turns":3},{"damage":10,"enemies":"Snecko","floor":29,"turns":2}],"relics_obtained":[{"floor":6,"key":"Strawberry"},{"floor":7,"key":"Anchor"},{"floor":9,"key":"Dream Catcher"},{"floor":26,"key":"Ancient Tea Set"}],"event_choices":[{"event_name":"Liars Game","player_choice":"disagreed","floor":3,"damage_taken":0},{"event_name":"World of Goop","player_choice":"Gather Gold","floor":4,"damage_taken":0},{"event_name":"Shining Light","player_choice":"Ignored","floor":14,"damage_taken":0},{"event_name":"Duplicator","player_choice":"One dupe","floor":20,"damage_taken":0},{"event_name":"Forgotten Altar","player_choice":"Shed Blood","floor":22,"damage_taken":0},{"event_name":"Masked Bandits","player_choice":"Paid Bandits 56 gold","floor":27,"damage_taken":0}],"boss_relics":[{"not_picked":["Ectoplasm","Busted Crown"],"picked":"Tiny House"}],"items_purged_floors":[19],"is_endless":false,"potions_floor_spawned":[1,5,18],"seed_played":"3995742721442689604","killed_by":"Snecko","ascension_level":0,"potions_obtained":[{"floor":1,"key":"GhostInAJar"},{"floor":5,"key":"Energy Potion"},{"floor":17,"key":"SkillPotion"},{"floor":18,"key":"AttackPotion"}],"is_trial":false}