{"gold_per_floor":[20,195,195,195,208,271,271,126,126,138,38,65,65,80,80,80],"floor_reached":16,"playtime":447,"items_purged":["Strike_R","Strike_R"],"score":98,"play_id":"c8b6ab7b-e22d-4f3b-87bb-5f7ba563bd30","local_time":"20190416233238","is_ascension_mode":false,"campfire_choices":[{"data":"Clothesline","floor":7.0,"key":"SMITH"},{"data":"Uppercut","floor":15,"key":"SMITH"}],"neow_cost":"NO_GOLD","seed_source_timestamp":36906374975341,"circlet_count":0,"master_deck":["Strike_R","Strike_R","Defend_R","Defend_R","Defend_R","Defend_R","Bash","Shockwave","Clothesline+1","Carnage","Uppercut+1","Double Tap"],"special_seed":0,"relics":["Burning Blood","Gambling Chip","Tiny Chest","Sundial","Odd Mushroom"],"potions_floor_usage":[12,16],"damage_taken":[{"damage":2.0,"enemies":"Cultist","floor":1.0,"turns":5.0},{"damage":1.0,"enemies":"Jaw Worm","floor":5.0,"turns":4.0},{"damage":42.0,"enemies":"3 Sentries","floor":6.0,"turns":11.0},{"damage":0,"enemies":"Small Slimes","floor":10,"turns":3},{"damage":12,"enemies":"The Mushroom Lair","floor":12,"turns":4},{"damage":6,"enemies":"Red Slaver","floor":14,"turns":3},{"damage":44,"enemies":"Hexaghost","floor":16,"turns":9}],"seed_played":"5952292826017288356","potions_obtained":[{"floor":1.0,"key":"SpeedPotion"},{"floor":10,"key":"Weak Potion"},{"floor":14,"key":"Explosive Potion"}],"is_trial":false,"path_per_floor":["M","?","?","?","M","E","R","$","T","M","$","?","$","M","R","B"],"character_chosen":"IRONCLAD","items_purchased":["Uppercut"],"campfire_rested":0,"item_purchase_floors":[8],"current_hp_per_floor":[80,80,80,80,80,44,44,44,44,50,50,44,44,44,44,0],"gold":80,"neow_bonus":"ONE_RARE_RELIC","is_prod":false,"is_daily":false,"chose_seed":false,"campfire_upgraded":2,"win_rate":0,"timestamp":1555479158,"path_taken":["M","?","?","?","M","E","R","$","T","?","$","?","?","M","R","BOSS"],"build_version":"2019-01-23","purchased_purges":2,"victory":false,"max_hp_per_floor":[80,80,80,80,80,80,80,80,80,80,80,80,80,80,80,80],"card_choices":[{"not_picked":["Bloodletting","Wild Strike"],"picked":"Shockwave","floor":1.0},{"not_picked":["Body Slam","Havoc"],"picked":"Clothesline","floor":5.0},{"not_picked":["Pommel Strike","Dropkick"],"picked":"Carnage","floor":6.0},{"not_picked":["Pommel Strike","Feel No Pain","Seeing Red"],"picked":"SKIP","floor":10},{"not_picked":["Cleave","Sentinel"],"picked":"Double Tap","floor":12},{"not_picked":["Clash","Reckless Charge","Perfected Strike"],"picked":"SKIP","floor":14}],"player_experience":1238073,"relics_obtained":[{"floor":6.0,"key":"Tiny Chest"},{"floor":9,"key":"Sundial"},{"floor":12,"key":"Odd Mushroom"}],"event_choices":[{"damage_healed":0.0,"max_hp_gain":0.0,"max_hp_loss":0.0,"gold_gain":175.0,"event_name":"Liars Game","player_choice":"AGREE","floor":2.0,"gold_loss":0.0,"damage_taken":0.0,"cards_obtained":["Doubt"]},{"cards_removed":["Doubt"],"damage_healed":0.0,"max_hp_gain":0.0,"max_hp_loss":0.0,"gold_gain":0.0,"event_name":"Living Wall","player_choice":"Forget","floor":3.0,"gold_loss":0.0,"damage_taken":0.0},{"cards_removed":["Strike_R"],"damage_healed":0.0,"max_hp_gain":0.0,"max_hp_loss":0.0,"gold_gain":0.0,"event_name":"Wheel of Change","player_choice":"Card Removal","floor":4.0,"gold_loss":0.0,"damage_taken":0.0},{"damage_healed":0,"gold_gain":0,"player_choice":"Fought Mushrooms","damage_taken":0,"max_hp_gain":0,"max_hp_loss":0,"event_name":"Mushrooms","floor":12,"gold_loss":0}],"is_beta":false,"boss_relics":[],"items_purged_floors":[8,11],"is_endless":false,"potions_floor_spawned":[1,10,14],"killed_by":"Hexaghost","ascension_level":0}