{"gold_per_floor":[18,38,38,38,48,78,78,89,116,191,203,246,276,298,310,421,433,462,474,258,288,308,339,339,339],"floor_reached":25,"playtime":826,"items_purged":["Defend_R"],"score":291,"play_id":"3f81747a-dabe-49b1-b148-46dceb16b172","local_time":"20190206121328","is_ascension_mode":false,"campfire_choices":[{"data":"Bash","floor":7,"key":"SMITH"},{"data":"Perfected Strike","floor":15,"key":"SMITH"},{"floor":24,"key":"REST"}],"neow_cost":"NO_GOLD","seed_source_timestamp":346850090681639,"circlet_count":0,"master_deck":["Strike_R","Strike_R","Strike_R","Strike_R","Strike_R","Defend_R","Bash+1","Headbutt","Sword Boomerang","Anger","Wild Strike","Bludgeon","Combust","Armaments","Perfected Strike+1","Immolate","Bloodletting+1"],"relics":["Burning Blood","Bronze Scales","MawBank","Tiny Chest","Kunai","Sozu","Happy Flower","Red Mask","Omamori"],"potions_floor_usage":[6,10,12],"damage_taken":[{"damage":6,"enemies":"Cultist","floor":1,"turns":3},{"damage":6,"enemies":"Jaw Worm","floor":2,"turns":3},{"damage":5,"enemies":"2 Louse","floor":5,"turns":2},{"damage":6,"enemies":"Gremlin Nob","floor":6,"turns":3},{"damage":4,"enemies":"Blue Slaver","floor":8,"turns":3},{"damage":31,"enemies":"3 Sentries","floor":10,"turns":4},{"damage":24,"enemies":"Lagavulin","floor":12,"turns":4},{"damage":7,"enemies":"Exordium Thugs","floor":13,"turns":3},{"damage":7,"enemies":"3 Louse","floor":14,"turns":2},{"damage":3,"enemies":"Slime Boss","floor":16,"turns":4},{"damage":22,"enemies":"3 Byrds","floor":18,"turns":3},{"damage":10,"enemies":"Masked Bandits","floor":21,"turns":2},{"damage":11,"enemies":"Chosen","floor":22,"turns":3},{"damage":52,"enemies":"Slavers","floor":23,"turns":4},{"damage":47,"enemies":"Book of Stabbing","floor":25,"turns":3}],"seed_played":"-5252359516754937417","potions_obtained":[{"floor":5,"key":"Swift Potion"},{"floor":6,"key":"Block Potion"},{"floor":8,"key":"Regen Potion"},{"floor":12,"key":"Dexterity Potion"}],"is_trial":false,"path_per_floor":["M","M","?","?","M","E","R","M","T","E","$","E","M","M","R","B",null,"M","?","$","?","M","E","R","E"],"character_chosen":"IRONCLAD","items_purchased":["Happy Flower"],"campfire_rested":1,"item_purchase_floors":[20],"current_hp_per_floor":[80,80,85,85,85,85,85,85,85,72,72,54,53,52,52,55,85,69,69,69,65,60,14,39,0],"gold":339,"neow_bonus":"TRANSFORM_TWO_CARDS","is_prod":false,"is_daily":false,"chose_seed":false,"campfire_upgraded":2,"win_rate":0.0,"timestamp":1549473208,"path_taken":["M","M","?","?","M","E","R","M","T","E","?","E","M","M","R","BOSS","M","?","$","?","?","E","R","E"],"build_version":"2019-01-23","purchased_purges":1,"victory":false,"max_hp_per_floor":[80,80,85,85,85,85,85,85,85,85,85,85,85,85,85,85,85,85,85,85,85,85,85,85,85],"card_choices":[{"not_picked":["Clothesline","Sever Soul"],"picked":"Anger","floor":1},{"not_picked":["Headbutt","True Grit","Clothesline"],"picked":"SKIP","floor":2},{"not_picked":["Whirlwind","True Grit","Power Through"],"picked":"SKIP","floor":5},{"not_picked":["Seeing Red","Hemokinesis"],"picked":"Wild Strike","floor":6},{"not_picked":["Iron Wave","True Grit"],"picked":"Bludgeon","floor":8},{"not_picked":["Clothesline","Cleave"],"picked":"Combust","floor":10},{"not_picked":["Body Slam","Shrug It Off"],"picked":"Armaments","floor":12},{"not_picked":["Headbutt","Rupture","Warcry"],"picked":"SKIP","floor":13},{"not_picked":["Cleave","Headbutt"],"picked":"Perfected Strike","floor":14},{"not_picked":["Exhume","Brutality"],"picked":"Immolate","floor":16},{"not_picked":["Clash","Metallicize"],"picked":"Bloodletting+1","floor":18},{"not_picked":["Anger+1","Reckless Charge","Clothesline+1"],"picked":"SKIP","floor":22},{"not_picked":["Combust","Reckless Charge","Carnage"],"picked":"SKIP","floor":23}],"player_experience":344361,"relics_obtained":[{"floor":6,"key":"Bronze Scales"},{"floor":9,"key":"MawBank"},{"floor":10,"key":"Tiny Chest"},{"floor":12,"key":"Kunai"},{"floor":21,"key":"Red Mask"},{"floor":23,"key":"Omamori"}],"event_choices":[{"damage_healed":0,"gold_gain":0,"player_choice":"Donut","damage_taken":0,"max_hp_gain":5,"max_hp_loss":0,"event_name":"Big Fish","floor":3,"gold_loss":0},{"damage_healed":0,"gold_gain":0,"player_choice":"Ignored","damage_taken":0,"max_hp_gain":0,"max_hp_loss":0,"event_name":"Liars Game","floor":4,"gold_loss":0},{"damage_healed":0,"gold_gain":0,"player_choice":"Ignored","damage_taken":0,"max_hp_gain":0,"max_hp_loss":0,"event_name":"Ghosts","floor":19,"gold_loss":0},{"damage_healed":0,"gold_gain":0,"player_choice":"Fought Bandits","damage_taken":0,"max_hp_gain":0,"max_hp_loss":0,"event_name":"Masked Bandits","floor":21,"gold_loss":0}],"is_beta":false,"boss_relics":[{"not_picked":["Cursed Key","Busted Crown"],"picked":"Sozu"}],"items_purged_floors":[20],"is_endless":false,"potions_floor_spawned":[5,6,8,12,22,23],"killed_by":"Book of Stabbing","ascension_level":0}