{"path_per_floor":["M","?","M","?","M","R","M","?","T","$","M","$","?","?","R","B",null,"M","$","?","M","M","?","R","$","T"],"character_chosen":"DEFECT","items_purchased":["Static Discharge","Ball Lightning","Conserve Battery","Rip and Tear","FocusPotion"],"gold_per_floor":[109,109,121,121,140,140,159,159,159,23,38,1,0,0,0,95,95,105,28,28,44,62,0,0,0,80,80],"floor_reached":27,"campfire_rested":2,"playtime":916,"item_purchase_floors":[10,10,10,12,19],"current_hp_per_floor":[75,75,75,75,75,75,48,48,48,48,44,44,44,44,66,44,75,45,45,45,35,15,15,37,37,37,0],"items_purged":[],"gold":80,"score":201,"play_id":"9ca54729-3bab-4695-813b-8b9946192822","local_time":"20180615210308","is_prod":false,"is_daily":false,"chose_seed":false,"is_ascension_mode":false,"campfire_upgraded":1,"win_rate":0.0,"timestamp":1529110988,"campfire_choices":[{"data":"Zap","floor":6,"key":"SMITH"},{"floor":15,"key":"REST"},{"floor":24,"key":"REST"}],"path_taken":["M","?","M","?","M","R","?","?","T","$","M","$","?","?","R","BOSS","M","$","?","M","M","?","R","$","T","M"],"build_version":"2018-06-14v2","seed_source_timestamp":1825464354198,"purchased_purges":0,"victory":false,"master_deck":["Strike_B","Strike_B","Strike_B","Strike_B","Defend_B","Defend_B","Defend_B","Defend_B","Zap+1","Ball Lightning","Double Energy","Rebound","Conserve Battery","Seek","Static Discharge","Ball Lightning","Conserve Battery","Conserve Battery","Rip and Tear","Echo Form","Rebound+1","Ball Lightning"],"max_hp_per_floor":[75,75,75,75,75,75,75,75,75,75,75,75,75,75,75,75,75,75,75,75,75,75,75,75,75,75,75],"relics":["Cracked Core","NeowsBlessing","Meat on the Bone","Inserter","Toxic Egg 2"],"card_choices":[{"not_picked":["Barrage","Compile Driver"],"picked":"Ball Lightning","floor":1},{"not_picked":["Force Field","Biased Cognition"],"picked":"Double Energy","floor":3},{"not_picked":["Redo","Go for the Eyes"],"picked":"Rebound","floor":5},{"not_picked":["Beam Cell","Steam Power"],"picked":"Conserve Battery","floor":7},{"not_picked":["Steam Power","Capacitor"],"picked":"Conserve Battery","floor":11},{"not_picked":["Rainbow","Biased Cognition"],"picked":"Echo Form","floor":16},{"not_picked":["Turbo+1","Loop"],"picked":"Rebound+1","floor":18},{"not_picked":["Barrage+1","Gash"],"picked":"Ball Lightning","floor":21},{"not_picked":["Aggregate","Steam Power+1","Stack"],"picked":"SKIP","floor":22}],"player_experience":71207,"potions_floor_usage":[16,16,27,27],"damage_taken":[{"damage":0,"enemies":"2 Louse","floor":1,"turns":1},{"damage":0,"enemies":"Jaw Worm","floor":3,"turns":1},{"damage":0,"enemies":"Small Slimes","floor":5,"turns":1},{"damage":27,"enemies":"Exordium Thugs","floor":7,"turns":4},{"damage":16,"enemies":"Lots of Slimes","floor":11,"turns":3},{"damage":34,"enemies":"The Guardian","floor":16,"turns":7},{"damage":30,"enemies":"Spheric Guardian","floor":18,"turns":4},{"damage":22,"enemies":"3 Byrds","floor":21,"turns":3},{"damage":32,"enemies":"Snake Plant","floor":22,"turns":3},{"damage":40,"enemies":"Slaver and Parasite","floor":27,"turns":3}],"relics_obtained":[{"floor":9,"key":"Meat on the Bone"},{"floor":26,"key":"Toxic Egg 2"}],"event_choices":[{"event_name":"Golden Wing","player_choice":"Ignored","floor":2,"damage_taken":0},{"event_name":"The Cleric","player_choice":"Leave","floor":4,"damage_taken":0},{"event_name":"Transmorgrifier","player_choice":"Transform","floor":8,"damage_taken":0},{"event_name":"World of Goop","player_choice":"Left","floor":13,"damage_taken":0},{"event_name":"Liars Game","player_choice":"disagreed","floor":14,"damage_taken":0},{"event_name":"Addict","player_choice":"Ignored","floor":20,"damage_taken":0},{"event_name":"Masked Bandits","player_choice":"Paid Bandits 62 gold","floor":23,"damage_taken":0}],"boss_relics":[{"not_picked":["Tiny House","Empty Cage"],"picked":"Inserter"}],"items_purged_floors":[],"is_endless":false,"potions_floor_spawned":[7,11,16,18,21],"seed_played":"-2360746887847274808","killed_by":"Slaver and Parasite","ascension_level":0,"potions_obtained":[{"floor":7,"key":"FocusPotion"},{"floor":11,"key":"Fire Potion"},{"floor":16,"key":"FearPotion"},{"floor":18,"key":"SkillPotion"},{"floor":21,"key":"FocusPotion"}],"is_trial":false}