{"gold_per_floor":[119,134,134,149,159,159,193,210,235,235,255,290,12,0,0,103,103,119,119,134,59,59,59,79,93,120,150,32,65,65,75,75,173,173,191,191,141,141,17,48,48,48,48,48,67,96,107,107,107,107],"floor_reached":50,"playtime":3157,"items_purged":["Strike_G","Writhe","Strike_G","Defend_G"],"score":575,"play_id":"c680d85c-0869-4527-bee6-363839f01f92","local_time":"20190324201046","is_ascension_mode":true,"campfire_choices":[{"data":"Outmaneuver","floor":6,"key":"SMITH"},{"floor":15,"key":"REST"},{"data":"After Image","floor":23,"key":"SMITH"},{"floor":32,"key":"REST"},{"floor":41,"key":"RECALL"},{"floor":44,"key":"REST"},{"floor":49,"key":"REST"}],"neow_cost":"TEN_PERCENT_HP_LOSS","seed_source_timestamp":0,"circlet_count":0,"master_deck":["Defend_G+1","Defend_G+1","Defend_G+1","Strike_G+1","Survivor+1","Neutralize+1","A Thousand Cuts+1","Finisher+1","Outmaneuver+1","Backstab+1","Infinite Blades+1","Blade Dance+1","Blade Dance+1","Infinite Blades+1","After Image+1","Blade Dance+1","Acrobatics+1","Footwork+1","A Thousand Cuts+1","Infinite Blades+1","PiercingWail+1"],"special_seed":0,"relics":["Ring of the Snake","Torii","Smiling Mask","Juzu Bracelet","Anchor","Whetstone","Busted Crown","Boot","Turnip","Oddly Smooth Stone","WristBlade","Bag of Preparation","Mark of the Bloom","Dream Catcher","Blood Vial"],"potions_floor_usage":[12,16,16,33,33,33,50,50],"damage_taken":[{"damage":7.0,"enemies":"Small Slimes","floor":1.0,"turns":4.0},{"damage":0.0,"enemies":"Cultist","floor":2.0,"turns":4.0},{"damage":0.0,"enemies":"2 Louse","floor":4.0,"turns":3.0},{"damage":16.0,"enemies":"Exordium Wildlife","floor":5.0,"turns":4.0},{"damage":14,"enemies":"3 Sentries","floor":7,"turns":7},{"damage":0,"enemies":"Looter","floor":8,"turns":3},{"damage":2,"enemies":"2 Fungi Beasts","floor":11,"turns":4},{"damage":15,"enemies":"Gremlin Nob","floor":12,"turns":4},{"damage":14,"enemies":"The Guardian","floor":16,"turns":11},{"damage":8,"enemies":"Chosen","floor":18,"turns":5},{"damage":10,"enemies":"3 Byrds","floor":20,"turns":3},{"damage":10,"enemies":"3 Cultists","floor":24,"turns":4},{"damage":1,"enemies":"Chosen and Byrds","floor":25,"turns":6},{"damage":17,"enemies":"Gremlin Leader","floor":27,"turns":5},{"damage":13,"enemies":"Book of Stabbing","floor":29,"turns":5},{"damage":1,"enemies":"Snake Plant","floor":31,"turns":4},{"damage":8,"enemies":"Collector","floor":33,"turns":8},{"damage":0,"enemies":"Orb Walker","floor":35,"turns":4},{"damage":2,"enemies":"Giant Head","floor":40,"turns":7},{"damage":1,"enemies":"3 Darklings","floor":45,"turns":4},{"damage":17,"enemies":"Reptomancer","floor":46,"turns":4},{"damage":0,"enemies":"Transient","floor":47,"turns":5},{"damage":45,"enemies":"Awakened One","floor":50,"turns":6}],"seed_played":"-2343859865608429007","potions_obtained":[{"floor":2.0,"key":"AttackPotion"},{"floor":4.0,"key":"SmokeBomb"},{"floor":5.0,"key":"Energy Potion"},{"floor":12,"key":"Swift Potion"},{"floor":20,"key":"Poison Potion"},{"floor":25,"key":"SpeedPotion"},{"floor":29,"key":"GamblersBrew"},{"floor":31,"key":"SpeedPotion"},{"floor":33,"key":"GamblersBrew"},{"floor":40,"key":"Ancient Potion"},{"floor":47,"key":"EssenceOfSteel"}],"is_trial":false,"path_per_floor":["M","M","?","M","M","R","E","M","T","?","M","E","$","?","R","B",null,"M","?","M","?","?","R","M","M","T","E","$","E","?","M","R","B",null,"M","?","$","?","$","E","R","?","T","R","M","E","M","?","R","B"],"character_chosen":"THE_SILENT","items_purchased":["Infinite Blades","Whetstone","Footwork","Infinite Blades"],"campfire_rested":4,"item_purchase_floors":[13,13,28,39],"current_hp_per_floor":[56,56,56,56,40,40,26,26,26,23,21,6,6,6,24,10,63,55,55,45,45,45,45,35,34,34,17,17,4,4,3,21,13,63,63,63,63,60,60,58,58,58,58,58,57,40,40,40,40,0],"gold":107,"neow_bonus":"THREE_RARE_CARDS","is_prod":false,"is_daily":false,"chose_seed":false,"campfire_upgraded":2,"win_rate":0,"timestamp":1553472646,"path_taken":["M","M","?","M","?","R","E","M","T","?","M","E","$","?","R","BOSS","M","?","M","?","?","R","M","M","T","E","$","E","?","M","R","BOSS","M","?","$","?","$","E","R","?","T","R","M","E","M","?","R","BOSS"],"build_version":"2019-01-23","purchased_purges":4,"victory":false,"max_hp_per_floor":[63,63,63,63,63,63,63,63,63,63,63,63,63,63,63,63,63,63,63,63,63,63,63,63,63,63,63,63,63,63,63,63,63,63,63,63,63,60,60,60,60,60,60,60,60,60,60,60,60,60],"card_choices":[{"not_picked":["Wraith Form v2","Adrenaline"],"picked":"A Thousand Cuts","floor":0.0},{"not_picked":["Sucker Punch","Choke"],"picked":"Finisher","floor":1.0},{"not_picked":["Leg Sweep","Slice"],"picked":"Outmaneuver","floor":2.0},{"not_picked":["Sucker Punch","Deflect"],"picked":"Backstab","floor":4.0},{"not_picked":["Flechettes","Calculated Gamble","Dagger Spray"],"picked":"SKIP","floor":5.0},{"not_picked":["Burst","Flying Knee"],"picked":"Infinite Blades","floor":7},{"not_picked":["Slice","Dagger Spray","Acrobatics"],"picked":"SKIP","floor":8},{"not_picked":["Storm of Steel","Catalyst"],"picked":"Blade Dance","floor":11},{"not_picked":["Skewer","Catalyst"],"picked":"Blade Dance","floor":12},{"not_picked":["Doppelganger","Unload"],"picked":"After Image","floor":16},{"not_picked":["Dagger Spray+1"],"picked":"SKIP","floor":18},{"not_picked":[],"picked":"Blade Dance+1","floor":20},{"not_picked":["Deadly Poison"],"picked":"SKIP","floor":24},{"not_picked":[],"picked":"Acrobatics+1","floor":25},{"not_picked":["Dash"],"picked":"SKIP","floor":27},{"not_picked":["Poisoned Stab"],"picked":"SKIP","floor":29},{"not_picked":["Tactician"],"picked":"SKIP","floor":31},{"not_picked":["Calculated Gamble"],"picked":"SKIP","floor":35},{"not_picked":[],"picked":"PiercingWail+1","floor":40},{"not_picked":["Poisoned Stab+1"],"picked":"SKIP","floor":45},{"not_picked":["Doppelganger"],"picked":"SKIP","floor":46},{"not_picked":["Choke"],"picked":"SKIP","floor":47}],"player_experience":174014,"relics_obtained":[{"floor":7,"key":"Torii"},{"floor":9,"key":"Smiling Mask"},{"floor":12,"key":"Anchor"},{"floor":27,"key":"Turnip"},{"floor":29,"key":"Oddly Smooth Stone"},{"floor":40,"key":"Bag of Preparation"},{"floor":43,"key":"Dream Catcher"},{"floor":46,"key":"Blood Vial"}],"event_choices":[{"damage_healed":0.0,"max_hp_gain":0.0,"max_hp_loss":0.0,"gold_gain":0.0,"event_name":"Upgrade Shrine","player_choice":"Upgraded","floor":3.0,"gold_loss":0.0,"damage_taken":0.0,"cards_upgraded":["A Thousand Cuts"]},{"damage_healed":0,"gold_gain":0,"player_choice":"Success","damage_taken":3,"relics_obtained":["Juzu Bracelet"],"max_hp_gain":0,"max_hp_loss":0,"event_name":"Scrap Ooze","floor":10,"gold_loss":0},{"damage_healed":0,"gold_gain":0,"player_choice":"Left Gold","damage_taken":0,"max_hp_gain":0,"max_hp_loss":0,"event_name":"World of Goop","floor":14,"gold_loss":12},{"damage_healed":0,"gold_gain":0,"player_choice":"Opened","damage_taken":0,"relics_obtained":["Boot"],"max_hp_gain":0,"max_hp_loss":0,"event_name":"The Mausoleum","floor":19,"gold_loss":0,"cards_obtained":["Writhe"]},{"cards_removed":["Strike_G"],"damage_healed":0,"gold_gain":0,"player_choice":"Gave Gold","damage_taken":0,"max_hp_gain":0,"max_hp_loss":0,"event_name":"Beggar","floor":21,"gold_loss":75},{"cards_removed":["Strike_G"],"damage_healed":0,"gold_gain":0,"player_choice":"Purged","damage_taken":0,"max_hp_gain":0,"max_hp_loss":0,"event_name":"Purifier","floor":22,"gold_loss":0},{"damage_healed":0,"gold_gain":0,"player_choice":"Ignored","damage_taken":0,"max_hp_gain":0,"max_hp_loss":0,"event_name":"Vampires","floor":30,"gold_loss":0},{"damage_healed":0,"gold_gain":0,"player_choice":"Copied","damage_taken":0,"max_hp_gain":0,"max_hp_loss":0,"event_name":"Duplicator","floor":36,"gold_loss":0,"cards_obtained":["A Thousand Cuts"]},{"damage_healed":0,"gold_gain":0,"player_choice":"Max HP","damage_taken":0,"max_hp_gain":0,"max_hp_loss":3,"event_name":"Winding Halls","floor":38,"gold_loss":0},{"damage_healed":0,"gold_gain":0,"player_choice":"Upgrade","damage_taken":0,"relics_obtained":["Mark of the Bloom"],"max_hp_gain":0,"max_hp_loss":0,"event_name":"MindBloom","floor":42,"gold_loss":0,"cards_upgraded":["Defend_G","Defend_G","Defend_G","Defend_G","Survivor","Finisher","Backstab","Infinite Blades","Blade Dance","Blade Dance","Infinite Blades","Footwork","Infinite Blades"]},{"cards_removed":["Defend_G"],"damage_healed":0,"gold_gain":0,"player_choice":"Removed Skill","damage_taken":0,"max_hp_gain":0,"max_hp_loss":0,"event_name":"Falling","floor":48,"gold_loss":0}],"is_beta":false,"boss_relics":[{"not_picked":["Cursed Key","Runic Dome"],"picked":"Busted Crown"},{"not_picked":["Snecko Eye","White Beast Statue"],"picked":"WristBlade"}],"items_purged_floors":[13,28,37,39],"is_endless":false,"potions_floor_spawned":[2,4,5,12,20,25,29,31,33,40,47],"killed_by":"Awakened One","ascension_level":1}