{"gold_per_floor":[109,109,109,109,34,66,66,78,78,90,90,67,67,77,77,178,178,189,104,104,123,143,143,154,54,54,54,54,54,65,82,82,178,178,194,212,231,231,231,231,231,231,280,300,300,320,320],"floor_reached":47,"playtime":2794,"items_purged":["Strike_B","Defend_B"],"score":475,"play_id":"2208bca7-b906-4618-b726-ab905c2af1df","local_time":"20190213150755","is_ascension_mode":false,"campfire_choices":[{"floor":7,"key":"REST"},{"data":"Zap","floor":11,"key":"SMITH"},{"data":"Streamline","floor":13,"key":"SMITH"},{"data":"Rebound","floor":15,"key":"SMITH"},{"floor":23,"key":"REST"},{"floor":27,"key":"REST"},{"floor":29,"key":"REST"},{"data":"Electrodynamics","floor":32,"key":"SMITH"},{"floor":40,"key":"REST"},{"floor":42,"key":"REST"}],"neow_cost":"NONE","seed_source_timestamp":3506652474137,"circlet_count":0,"master_deck":["Defend_B+1","Defend_B","Defend_B+1","Zap+1","Dualcast","Streamline+1","Rebound+1","Lockon","Hologram","Seek","Streamline+1","Bite+1","Bite+1","Bite+1","Bite+1","Bite+1","Electrodynamics+1","Conserve Battery"],"relics":["Cracked Core","NeowsBlessing","Oddly Smooth Stone","Pantograph","White Beast Statue","Molten Egg 2","StoneCalendar","Fusion Hammer","Omamori"],"potions_floor_usage":[22,22,33,33,33,37,44,44,44],"damage_taken":[{"damage":0,"enemies":"Cultist","floor":1,"turns":1},{"damage":0,"enemies":"Gremlin Nob","floor":6,"turns":1},{"damage":0,"enemies":"2 Louse","floor":8,"turns":1},{"damage":2,"enemies":"Jaw Worm","floor":10,"turns":3},{"damage":7,"enemies":"Exordium Wildlife","floor":14,"turns":2},{"damage":34,"enemies":"The Guardian","floor":16,"turns":9},{"damage":36,"enemies":"3 Byrds","floor":18,"turns":5},{"damage":4,"enemies":"Chosen","floor":21,"turns":4},{"damage":38,"enemies":"Centurion and Healer","floor":22,"turns":5},{"damage":48,"enemies":"3 Cultists","floor":24,"turns":5},{"damage":15,"enemies":"Snecko","floor":30,"turns":4},{"damage":2,"enemies":"Chosen and Byrds","floor":31,"turns":4},{"damage":55,"enemies":"Collector","floor":33,"turns":7},{"damage":19,"enemies":"Orb Walker","floor":35,"turns":3},{"damage":41,"enemies":"3 Darklings","floor":36,"turns":3},{"damage":29,"enemies":"Sphere and 2 Shapes","floor":37,"turns":5},{"damage":48,"enemies":"Writhing Mass","floor":44,"turns":5},{"damage":27,"enemies":"Jaw Worm Horde","floor":46,"turns":4},{"damage":21,"enemies":"3 Darklings","floor":47,"turns":2}],"seed_played":"-6421722119651995060","potions_obtained":[{"floor":10,"key":"FocusPotion"},{"floor":16,"key":"FearPotion"},{"floor":18,"key":"Weak Potion"},{"floor":22,"key":"Dexterity Potion"},{"floor":24,"key":"FearPotion"},{"floor":31,"key":"Explosive Potion"},{"floor":33,"key":"Regen Potion"},{"floor":35,"key":"SteroidPotion"},{"floor":36,"key":"PowerPotion"},{"floor":37,"key":"Strength Potion"},{"floor":44,"key":"SneckoOil"},{"floor":46,"key":"SpeedPotion"}],"is_trial":false,"path_per_floor":["M","?","?","?","$","E","R","M","T","M","R","$","R","M","R","B",null,"M","?","?","M","M","R","M","$","T","R","$","R","M","M","R","B",null,"M","M","M","?","?","R","?","R","T","M","?","M","M"],"character_chosen":"DEFECT","items_purchased":["Hologram"],"campfire_rested":6,"item_purchase_floors":[12],"current_hp_per_floor":[75,80,73,57,57,57,80,80,80,78,78,78,78,71,71,46,80,44,44,44,55,29,45,18,18,18,34,34,50,47,54,54,19,56,40,11,15,15,15,31,31,47,47,20,20,8,0],"gold":320,"neow_bonus":"THREE_ENEMY_KILL","is_prod":false,"is_daily":false,"chose_seed":false,"campfire_upgraded":4,"win_rate":0,"timestamp":1550088475,"path_taken":["M","?","?","?","$","E","R","M","T","M","R","$","R","M","R","BOSS","M","?","?","M","M","R","M","$","T","R","?","R","M","M","R","BOSS","M","M","M","?","?","R","?","R","T","?","?","M","M"],"build_version":"2019-01-23","purchased_purges":2,"victory":false,"max_hp_per_floor":[75,80,80,80,80,80,80,80,80,80,80,80,80,80,80,80,80,80,80,56,56,56,56,56,56,56,56,56,56,56,56,56,56,56,56,56,56,56,56,56,56,56,56,56,56,56,56],"card_choices":[{"not_picked":["Compile Driver","Rebound"],"picked":"Streamline","floor":1},{"not_picked":["Double Energy","Melter","Go for the Eyes"],"picked":"SKIP","floor":6},{"not_picked":["Beam Cell","Steam"],"picked":"Rebound","floor":8},{"not_picked":["Stack","Leap"],"picked":"Lockon","floor":10},{"not_picked":["Stack","Coolheaded","Streamline"],"picked":"SKIP","floor":14},{"not_picked":["Fission","Multi-Cast"],"picked":"Seek","floor":16},{"not_picked":["Hologram+1","Beam Cell"],"picked":"Streamline+1","floor":18},{"not_picked":["Undo","Go for the Eyes+1","Compile Driver+1"],"picked":"SKIP","floor":21},{"not_picked":["Barrage+1","Hello World","Aggregate"],"picked":"SKIP","floor":22},{"not_picked":["Lockon+1","Turbo"],"picked":"Electrodynamics","floor":24},{"not_picked":["Darkness","Coolheaded"],"picked":"Conserve Battery","floor":30},{"not_picked":["Steam","Rebound+1","Compile Driver+1"],"picked":"SKIP","floor":31},{"not_picked":["Self Repair+1","Chaos","Compile Driver+1"],"picked":"SKIP","floor":35},{"not_picked":["Turbo","Beam Cell+1","Heatsinks"],"picked":"SKIP","floor":36},{"not_picked":["Barrage+1","Aggregate","Stack"],"picked":"SKIP","floor":37},{"not_picked":["Sweeping Beam+1","Chaos+1","Aggregate+1"],"picked":"SKIP","floor":44},{"not_picked":["Go for the Eyes+1","Genetic Algorithm+1","Beam Cell+1"],"picked":"SKIP","floor":46}],"player_experience":401899,"relics_obtained":[{"floor":6,"key":"Oddly Smooth Stone"},{"floor":9,"key":"Pantograph"},{"floor":26,"key":"StoneCalendar"},{"floor":43,"key":"Omamori"}],"event_choices":[{"damage_healed":0,"gold_gain":0,"player_choice":"Donut","damage_taken":0,"max_hp_gain":5,"max_hp_loss":0,"event_name":"Big Fish","floor":2,"gold_loss":0},{"cards_removed":["Strike_B"],"damage_healed":0,"gold_gain":0,"player_choice":"Card Removal","damage_taken":7,"max_hp_gain":0,"max_hp_loss":0,"event_name":"Golden Wing","floor":3,"gold_loss":0},{"damage_healed":0,"gold_gain":0,"player_choice":"Entered Light","damage_taken":16,"max_hp_gain":0,"max_hp_loss":0,"event_name":"Shining Light","floor":4,"gold_loss":0,"cards_upgraded":["Defend_B","Defend_B"]},{"damage_healed":0,"gold_gain":0,"player_choice":"Obtained Relic","damage_taken":0,"relics_obtained":["Molten Egg 2"],"max_hp_gain":0,"max_hp_loss":0,"event_name":"Addict","floor":19,"gold_loss":85},{"damage_healed":0,"gold_gain":0,"player_choice":"Became a vampire","damage_taken":0,"max_hp_gain":0,"max_hp_loss":24,"event_name":"Vampires","floor":20,"gold_loss":0,"cards_obtained":["Bite","Bite","Bite","Bite","Bite"]},{"damage_healed":0,"gold_gain":0,"player_choice":"Ignored","damage_taken":0,"max_hp_gain":0,"max_hp_loss":0,"event_name":"Mysterious Sphere","floor":38,"gold_loss":0},{"damage_healed":0,"gold_gain":0,"player_choice":"Memory 1","damage_taken":0,"max_hp_gain":0,"max_hp_loss":0,"event_name":"SensoryStone","floor":39,"gold_loss":0},{"damage_healed":0,"gold_gain":0,"player_choice":"Bought 0 Potions","damage_taken":0,"max_hp_gain":0,"max_hp_loss":0,"event_name":"The Woman in Blue","floor":41,"gold_loss":0},{"damage_healed":0,"gold_gain":0,"player_choice":"Ignored","damage_taken":0,"max_hp_gain":0,"max_hp_loss":0,"event_name":"Tomb of Lord Red Mask","floor":45,"gold_loss":0}],"is_beta":false,"boss_relics":[{"not_picked":["Calling Bell","FrozenCore"],"picked":"White Beast Statue"},{"not_picked":["Black Star","Pandora\u0027s Box"],"picked":"Fusion Hammer"}],"items_purged_floors":[5,25],"is_endless":false,"potions_floor_spawned":[10,16,18,21,22,24,30,31,33,35,36,37,44,46],"killed_by":"3 Darklings","ascension_level":0}