{"gold_per_floor":[112,112,112,262,280,312,312,341,364,412,412,185,197,207,207,285,285,299,249,268,248,118,118,151,151],"floor_reached":25,"playtime":489,"items_purged":["Doubt","Regret","Strike_R"],"score":604,"play_id":"73b8fd48-0088-4413-bef4-e8b1bc41bdc3","local_time":"20190316153757","is_ascension_mode":true,"campfire_choices":[{"data":"Fiend Fire","floor":7,"key":"SMITH"},{"data":"Thunderclap","floor":11,"key":"SMITH"},{"data":"Inflame","floor":15,"key":"SMITH"},{"floor":23,"key":"REST"}],"neow_cost":"NONE","seed_source_timestamp":62894938818434,"circlet_count":0,"master_deck":["AscendersBane","Strike_R","Strike_R","Strike_R","Strike_R","Defend_R","Defend_R","Defend_R","Defend_R","Bash","Thunderclap+1","Shrug It Off","Fiend Fire+1","Inflame+1","Flash of Steel","Whirlwind","Headbutt"],"relics":["Burning Blood","NeowsBlessing","Pen Nib","Magic Flower","Pantograph","Smiling Mask","Bag of Marbles","PreservedInsect","Black Star","Centennial Puzzle","Mercury Hourglass"],"potions_floor_usage":[14,16,24],"damage_taken":[{"damage":0,"enemies":"Small Slimes","floor":1,"turns":1},{"damage":0,"enemies":"2 Louse","floor":5,"turns":1},{"damage":0,"enemies":"3 Sentries","floor":6,"turns":2},{"damage":8,"enemies":"Gremlin Nob","floor":8,"turns":3},{"damage":3,"enemies":"Cultist","floor":13,"turns":3},{"damage":0,"enemies":"Large Slime","floor":14,"turns":2},{"damage":3,"enemies":"Slime Boss","floor":16,"turns":5},{"damage":28,"enemies":"3 Byrds","floor":18,"turns":6},{"damage":40,"enemies":"Shell Parasite","floor":20,"turns":4},{"damage":29,"enemies":"Slavers","floor":24,"turns":2},{"damage":12,"enemies":"Cultist and Chosen","floor":25,"turns":3}],"seed_played":"-8070360631126199230","potions_obtained":[{"floor":5,"key":"Dexterity Potion"},{"floor":13,"key":"AttackPotion"},{"floor":14,"key":"Fire Potion"},{"floor":21,"key":"PowerPotion"}],"is_trial":false,"path_per_floor":["M","?","?","?","M","E","R","E","T","T","R","$","M","M","R","B",null,"M","$","M","?","$","R","E","M"],"character_chosen":"IRONCLAD","items_purchased":["Inflame","Flash of Steel","Whirlwind"],"campfire_rested":1,"item_purchase_floors":[12,12,22],"current_hp_per_floor":[74,74,63,63,72,75,75,75,75,75,75,75,75,75,75,75,75,56,56,25,25,25,47,27,15],"gold":151,"neow_bonus":"THREE_ENEMY_KILL","is_prod":false,"is_daily":false,"chose_seed":false,"campfire_upgraded":3,"win_rate":0,"timestamp":1552736277,"path_taken":["M","?","?","?","M","E","R","E","T","?","R","$","?","M","R","BOSS","M","$","M","?","$","R","E","M"],"build_version":"2019-01-23","purchased_purges":3,"victory":false,"max_hp_per_floor":[75,75,75,75,75,75,75,75,75,75,75,75,75,75,75,75,75,75,75,75,75,75,75,75,75],"card_choices":[{"not_picked":["True Grit","Rampage"],"picked":"Thunderclap","floor":1},{"not_picked":["Twin Strike","Iron Wave"],"picked":"Shrug It Off","floor":5},{"not_picked":["Fire Breathing","Clash"],"picked":"Fiend Fire","floor":6},{"not_picked":["Thunderclap","Rupture","Metallicize"],"picked":"SKIP","floor":8},{"not_picked":["Iron Wave","Clothesline","Thunderclap"],"picked":"SKIP","floor":13},{"not_picked":["Wild Strike","Armaments","True Grit"],"picked":"SKIP","floor":14},{"not_picked":["True Grit","Cleave","Armaments"],"picked":"SKIP","floor":18},{"not_picked":["Havoc+1","Power Through","Armaments"],"picked":"SKIP","floor":20},{"not_picked":["Intimidate","Juggernaut"],"picked":"Headbutt","floor":24}],"player_experience":737021,"relics_obtained":[{"floor":6,"key":"Pantograph"},{"floor":8,"key":"Smiling Mask"},{"floor":9,"key":"Bag of Marbles"},{"floor":10,"key":"PreservedInsect"},{"floor":24,"key":"Centennial Puzzle"},{"floor":24,"key":"Mercury Hourglass"}],"event_choices":[{"damage_healed":0,"gold_gain":0,"player_choice":"Box","damage_taken":0,"relics_obtained":["Pen Nib"],"max_hp_gain":0,"max_hp_loss":0,"event_name":"Big Fish","floor":2,"gold_loss":0,"cards_obtained":["Regret"]},{"damage_healed":0,"gold_gain":0,"player_choice":"Success","damage_taken":11,"relics_obtained":["Magic Flower"],"max_hp_gain":0,"max_hp_loss":0,"event_name":"Scrap Ooze","floor":3,"gold_loss":0},{"damage_healed":0,"gold_gain":150,"player_choice":"AGREE","damage_taken":0,"max_hp_gain":0,"max_hp_loss":0,"event_name":"Liars Game","floor":4,"gold_loss":0,"cards_obtained":["Doubt"]},{"damage_healed":0,"gold_gain":0,"player_choice":"Bought 1 Potion","damage_taken":0,"max_hp_gain":0,"max_hp_loss":0,"event_name":"The Woman in Blue","floor":21,"gold_loss":0}],"is_beta":false,"boss_relics":[{"not_picked":["Black Blood","Empty Cage"],"picked":"Black Star"}],"items_purged_floors":[12,19,22],"is_endless":false,"potions_floor_spawned":[5,13,14],"killed_by":"Cultist and Chosen","ascension_level":20}