{"gold_per_floor":[117,127,141,31,45,45,58,58,85,97,97,52,52,72,72,171,171,189,189,204,222,222],"floor_reached":22,"playtime":872,"items_purged":["Strike_R"],"score":180,"play_id":"24af208d-757c-47f8-aba0-ba436df7bc46","local_time":"20190213152300","is_ascension_mode":false,"campfire_choices":[{"data":"Inflame","floor":6,"key":"SMITH"},{"data":"Immolate","floor":8,"key":"SMITH"},{"data":"Bash","floor":11,"key":"SMITH"},{"data":"Warcry","floor":13,"key":"SMITH"},{"data":"Armaments","floor":15,"key":"SMITH"}],"neow_cost":"TEN_PERCENT_HP_LOSS","seed_source_timestamp":6334671031173,"circlet_count":0,"master_deck":["Bash+1","Immolate+1","Inflame+1","Armaments+1","Warcry+1","Rupture","Corruption","Searing Blow","Berserk","Barricade","Bludgeon","Barricade","Body Slam"],"relics":["Burning Blood","Whetstone","Pandora\u0027s Box"],"potions_floor_usage":[18,22],"damage_taken":[{"damage":1,"enemies":"Cultist","floor":1,"turns":4},{"damage":1,"enemies":"Jaw Worm","floor":2,"turns":3},{"damage":0,"enemies":"2 Louse","floor":3,"turns":1},{"damage":8,"enemies":"Red Slaver","floor":5,"turns":5},{"damage":0,"enemies":"Gremlin Gang","floor":7,"turns":1},{"damage":6,"enemies":"2 Fungi Beasts","floor":10,"turns":2},{"damage":5,"enemies":"Looter","floor":14,"turns":3},{"damage":69,"enemies":"Hexaghost","floor":16,"turns":9},{"damage":31,"enemies":"3 Byrds","floor":18,"turns":4},{"damage":29,"enemies":"Shell Parasite","floor":20,"turns":4},{"damage":37,"enemies":"Snake Plant","floor":21,"turns":3},{"damage":20,"enemies":"Chosen and Byrds","floor":22,"turns":3}],"seed_played":"8496849144697679101","potions_obtained":[{"floor":3,"key":"FearPotion"},{"floor":7,"key":"Regen Potion"},{"floor":16,"key":"LiquidBronze"},{"floor":20,"key":"Fire Potion"}],"is_trial":false,"path_per_floor":["M","M","M","$","M","R","M","R","T","M","R","$","R","M","R","B",null,"M","?","M","M","M"],"character_chosen":"IRONCLAD","items_purchased":["Inflame","Warcry"],"campfire_rested":0,"item_purchase_floors":[4,12],"current_hp_per_floor":[72,72,72,72,70,70,72,72,72,72,72,72,72,72,72,9,72,47,71,48,17,0],"gold":222,"neow_bonus":"THREE_RARE_CARDS","is_prod":false,"is_daily":false,"chose_seed":false,"campfire_upgraded":5,"win_rate":0,"timestamp":1550089380,"path_taken":["M","?","M","$","M","R","M","R","T","M","R","?","R","M","R","BOSS","M","?","M","M","M"],"build_version":"2019-01-23","purchased_purges":1,"victory":false,"max_hp_per_floor":[72,72,72,72,72,72,72,72,72,72,72,72,72,72,72,72,72,72,72,72,72,72],"card_choices":[{"not_picked":["Dark Embrace","Barricade"],"picked":"Immolate","floor":0},{"not_picked":["Sword Boomerang","Feel No Pain","Sever Soul"],"picked":"SKIP","floor":1},{"not_picked":["Anger","Heavy Blade","Flex"],"picked":"SKIP","floor":2},{"not_picked":["Perfected Strike","Evolve","Entrench"],"picked":"SKIP","floor":3},{"not_picked":["Body Slam","Pummel","Clash"],"picked":"SKIP","floor":5},{"not_picked":["Sentinel","Sever Soul"],"picked":"Armaments","floor":7},{"not_picked":["Power Through","Flame Barrier","Exhume"],"picked":"SKIP","floor":10},{"not_picked":["Shrug It Off","Spot Weakness","Iron Wave"],"picked":"SKIP","floor":14},{"not_picked":["Warcry","Intimidate","Flex"],"picked":"SKIP","floor":18},{"not_picked":["Shrug It Off","Headbutt+1","Uppercut"],"picked":"SKIP","floor":20},{"not_picked":["Uppercut","Burning Pact","True Grit"],"picked":"SKIP","floor":21}],"player_experience":404693,"relics_obtained":[{"floor":9,"key":"Whetstone"}],"event_choices":[{"damage_healed":24,"gold_gain":0,"player_choice":"Heal","damage_taken":0,"max_hp_gain":0,"max_hp_loss":0,"event_name":"The Library","floor":19,"gold_loss":0}],"is_beta":false,"boss_relics":[{"not_picked":["Orrery","Calling Bell"],"picked":"Pandora\u0027s Box"}],"items_purged_floors":[4],"is_endless":false,"potions_floor_spawned":[3,7,16,20],"killed_by":"Chosen and Byrds","ascension_level":0}