{"gold_per_floor":[113,188,205,224,274,301,301,261,334,334,347,347,376,376,376,455,455,467,467,494,101,115,115,143,162,162,162,190,267,267,279,279,354,354,368,103,120,120,170,197,213,435,508,508,10,10,40,40,40,40],"floor_reached":50,"playtime":2496,"items_purged":["Strike_R","Strike_R","Strike_R"],"score":1102,"play_id":"08653725-23e7-4f57-bfc5-402943e430e6","local_time":"20190329104204","is_ascension_mode":true,"campfire_choices":[{"floor":7,"key":"REST"},{"data":"Armaments","floor":10,"key":"SMITH"},{"floor":15,"key":"REST"},{"floor":23,"key":"REST"},{"floor":27,"key":"REST"},{"data":"Rupture","floor":30,"key":"SMITH"},{"data":"Demon Form","floor":32,"key":"SMITH"},{"floor":44,"key":"REST"},{"floor":46,"key":"REST"},{"data":"The Bomb","floor":49,"key":"SMITH"}],"neow_cost":"NONE","seed_source_timestamp":198567361405637,"circlet_count":0,"master_deck":["AscendersBane","Strike_R","Strike_R","Defend_R","Defend_R+1","Defend_R","Defend_R","Bash","Cleave","Iron Wave","Armaments+1","Demon Form+1","Twin Strike","Inflame","Immolate","Flame Barrier+1","Rupture+1","Combust","Body Slam+1","Heavy Blade+1","Offering+1","Dual Wield","Metallicize+1","Battle Trance","Evolve+1","The Bomb+1"],"relics":["Burning Blood","Juzu Bracelet","Mummified Hand","Ornamental Fan","Kunai","Snecko Eye","Enchiridion","Red Mask","Self Forming Clay","Pen Nib","Frozen Egg 2","Mercury Hourglass","Molten Egg 2","Lizard Tail","War Paint","Question Card","PreservedInsect","Bag of Marbles"],"potions_floor_usage":[16,16,24,40,40,41,50],"damage_taken":[{"damage":8,"enemies":"2 Louse","floor":1,"turns":3},{"damage":11,"enemies":"Cultist","floor":3,"turns":4},{"damage":2,"enemies":"Jaw Worm","floor":4,"turns":3},{"damage":40,"enemies":"3 Sentries","floor":6,"turns":9},{"damage":16,"enemies":"Blue Slaver","floor":11,"turns":4},{"damage":22,"enemies":"Lagavulin","floor":13,"turns":7},{"damage":15,"enemies":"The Guardian","floor":16,"turns":10},{"damage":6,"enemies":"Spheric Guardian","floor":18,"turns":3},{"damage":20,"enemies":"Masked Bandits","floor":20,"turns":4},{"damage":0,"enemies":"Chosen","floor":22,"turns":2},{"damage":19,"enemies":"Book of Stabbing","floor":24,"turns":4},{"damage":12,"enemies":"Sentry and Sphere","floor":25,"turns":5},{"damage":6,"enemies":"Slavers","floor":28,"turns":4},{"damage":0,"enemies":"Centurion and Healer","floor":31,"turns":4},{"damage":20,"enemies":"Collector","floor":33,"turns":5},{"damage":22,"enemies":"Orb Walker","floor":35,"turns":3},{"damage":10,"enemies":"3 Darklings","floor":37,"turns":2},{"damage":61,"enemies":"Giant Head","floor":40,"turns":6},{"damage":22,"enemies":"Sphere and 2 Shapes","floor":41,"turns":8},{"damage":50,"enemies":"Nemesis","floor":47,"turns":5},{"damage":78,"enemies":"Awakened One","floor":50,"turns":7}],"seed_played":"9022262330651765244","potions_obtained":[{"floor":6,"key":"GamblersBrew"},{"floor":8,"key":"Energy Potion"},{"floor":16,"key":"Swift Potion"},{"floor":25,"key":"BloodPotion"},{"floor":33,"key":"PowerPotion"},{"floor":40,"key":"Weak Potion"},{"floor":47,"key":"FearPotion"}],"is_trial":false,"path_per_floor":["M","?","M","M","?","E","R","?","T","R","M","?","E","?","R","B",null,"M","?","?","$","M","R","E","M","T","R","E","T","R","M","R","B",null,"M","$","M","?","?","E","M","?","T","R","$","R","E","?","R","B"],"character_chosen":"IRONCLAD","items_purchased":["Self Forming Clay","PowerPotion","Metallicize+1","Battle Trance","PreservedInsect","The Bomb"],"campfire_rested":6,"item_purchase_floors":[21,21,36,36,45,45],"current_hp_per_floor":[73,62,57,61,61,27,51,51,51,51,41,41,25,20,44,35,70,70,49,35,35,41,65,52,46,46,70,70,70,70,76,76,62,77,61,61,57,57,57,10,35,35,35,59,59,82,38,67,67,0],"gold":40,"neow_bonus":"TEN_PERCENT_HP_BONUS","is_prod":false,"is_daily":false,"chose_seed":false,"campfire_upgraded":4,"win_rate":0,"timestamp":1553881324,"path_taken":["M","?","M","M","?","E","R","?","T","R","M","?","E","?","R","BOSS","M","?","?","$","M","R","E","M","T","R","E","?","R","M","R","BOSS","M","$","M","?","?","E","M","?","T","R","$","R","E","?","R","BOSS"],"build_version":"2019-01-23","purchased_purges":3,"victory":false,"max_hp_per_floor":[82,82,82,82,82,82,82,82,82,82,82,82,82,82,82,82,82,82,82,82,82,82,82,82,82,82,82,82,82,82,82,82,82,82,82,82,82,82,82,82,82,82,82,82,82,82,82,67,67,67],"card_choices":[{"not_picked":["Heavy Blade","Headbutt"],"picked":"Cleave","floor":1},{"not_picked":["Thunderclap","Clash"],"picked":"Iron Wave","floor":3},{"not_picked":["Heavy Blade","Cleave"],"picked":"Armaments","floor":4},{"not_picked":["Battle Trance","Reckless Charge"],"picked":"Demon Form","floor":6},{"not_picked":["Flex","Armaments"],"picked":"Twin Strike","floor":11},{"not_picked":["Pommel Strike","Power Through"],"picked":"Inflame","floor":13},{"not_picked":["Demon Form","Dark Embrace"],"picked":"Immolate","floor":16},{"not_picked":["Iron Wave+1","Fire Breathing"],"picked":"Flame Barrier","floor":18},{"not_picked":["Clash","Sword Boomerang"],"picked":"Rupture","floor":22},{"not_picked":["Armaments+1","Havoc"],"picked":"Combust","floor":24},{"not_picked":["Thunderclap","Havoc","Clothesline"],"picked":"SKIP","floor":25},{"not_picked":["Entrench","Thunderclap"],"picked":"Body Slam+1","floor":28},{"not_picked":["Impervious","Clash+1"],"picked":"Heavy Blade+1","floor":31},{"not_picked":["Impervious","Barricade+1"],"picked":"Offering","floor":33},{"not_picked":["Pummel+1","Armaments"],"picked":"Dual Wield","floor":35},{"not_picked":["Bloodletting","Wild Strike+1"],"picked":"Evolve+1","floor":37},{"not_picked":["Armaments+1","Battle Trance+1","Uppercut+1"],"picked":"SKIP","floor":40},{"not_picked":["Clash+1","Flex","Ghostly Armor"],"picked":"SKIP","floor":41},{"not_picked":["Spot Weakness+1","Twin Strike+1","Pummel+1","Flex"],"picked":"SKIP","floor":47}],"player_experience":636171,"relics_obtained":[{"floor":6,"key":"Juzu Bracelet"},{"floor":9,"key":"Mummified Hand"},{"floor":13,"key":"Ornamental Fan"},{"floor":19,"key":"Enchiridion"},{"floor":20,"key":"Red Mask"},{"floor":24,"key":"Pen Nib"},{"floor":26,"key":"Frozen Egg 2"},{"floor":28,"key":"Mercury Hourglass"},{"floor":29,"key":"Molten Egg 2"},{"floor":40,"key":"War Paint"},{"floor":43,"key":"Question Card"},{"floor":47,"key":"Bag of Marbles"}],"event_choices":[{"damage_healed":0,"gold_gain":75,"player_choice":"Gather Gold","damage_taken":11,"max_hp_gain":0,"max_hp_loss":0,"event_name":"World of Goop","floor":2,"gold_loss":0},{"damage_healed":0,"gold_gain":50,"player_choice":"Pray","damage_taken":0,"max_hp_gain":0,"max_hp_loss":0,"event_name":"Golden Shrine","floor":5,"gold_loss":0},{"damage_healed":0,"gold_gain":0,"player_choice":"Bought 3 Potions","damage_taken":0,"max_hp_gain":0,"max_hp_loss":0,"event_name":"The Woman in Blue","floor":8,"gold_loss":0},{"damage_healed":0,"gold_gain":0,"player_choice":"Ignored","damage_taken":0,"max_hp_gain":0,"max_hp_loss":0,"event_name":"Liars Game","floor":12,"gold_loss":0},{"damage_healed":0,"gold_gain":0,"player_choice":"Success","damage_taken":5,"relics_obtained":["Kunai"],"max_hp_gain":0,"max_hp_loss":0,"event_name":"Scrap Ooze","floor":14,"gold_loss":0},{"damage_healed":0,"gold_gain":0,"player_choice":"Obtained Book","damage_taken":21,"max_hp_gain":0,"max_hp_loss":0,"event_name":"Cursed Tome","floor":19,"gold_loss":0},{"damage_healed":0,"gold_gain":0,"player_choice":"Fought Bandits","damage_taken":0,"max_hp_gain":0,"max_hp_loss":0,"event_name":"Masked Bandits","floor":20,"gold_loss":0},{"damage_healed":0,"gold_gain":0,"player_choice":"Forge","damage_taken":0,"max_hp_gain":0,"max_hp_loss":0,"event_name":"Accursed Blacksmith","floor":38,"gold_loss":0,"cards_upgraded":["Offering"]},{"damage_healed":0,"gold_gain":50,"player_choice":"Pray","damage_taken":0,"max_hp_gain":0,"max_hp_loss":0,"event_name":"Golden Shrine","floor":39,"gold_loss":0},{"damage_healed":0,"gold_gain":222,"player_choice":"Wore Mask","damage_taken":0,"max_hp_gain":0,"max_hp_loss":0,"event_name":"Tomb of Lord Red Mask","floor":42,"gold_loss":0},{"damage_healed":67,"gold_gain":0,"player_choice":"Heal","damage_taken":0,"max_hp_gain":0,"max_hp_loss":15,"event_name":"The Moai Head","floor":48,"gold_loss":0}],"is_beta":false,"boss_relics":[{"not_picked":["Ectoplasm","Fusion Hammer"],"picked":"Snecko Eye"},{"not_picked":["Pandora\u0027s Box","Black Blood"],"picked":"Lizard Tail"}],"items_purged_floors":[21,36,45],"is_endless":false,"potions_floor_spawned":[6,11,13,16,22,25,31,33,37,40,47],"killed_by":"Awakened One","ascension_level":18}