{"gold_per_floor":[114,289,302,22,22,22,32,57,57,57,87,87,114,130,130,232,232,252,252,78,93,111,111,121,121,146,146,162,173,191,141,141,240,240,253,265,282,282,282,282,297,314,314,314],"floor_reached":44,"playtime":2009,"items_purged":["Doubt","Strike_B","Defend_B"],"score":412,"play_id":"6cc2518c-4b5a-4b46-ba2d-ed993eb5c528","local_time":"20180713195533","is_ascension_mode":false,"campfire_choices":[{"data":"Zap","floor":6.0,"key":"SMITH"},{"data":"Streamline","floor":10.0,"key":"SMITH"},{"floor":12.0,"key":"REST"},{"data":"Conserve Battery","floor":15.0,"key":"SMITH"},{"floor":23,"key":"REST"},{"data":"Defragment","floor":25,"key":"SMITH"},{"floor":32,"key":"REST"},{"floor":40,"key":"REST"}],"neow_cost":"NONE","seed_source_timestamp":207066760350695,"circlet_count":0,"master_deck":["Strike_B+1","Strike_B","Strike_B+1","Defend_B+1","Defend_B","Defend_B+1","Zap+1","Dualcast","Streamline+1","Melter","Leap","Conserve Battery+1","Ball Lightning","Defragment+1","Static Discharge+1","Tempest+1","Writhe"],"special_seed":0,"relics":["Cracked Core","NeowsBlessing","HandDrill","Odd Mushroom","Symbiotic Virus","Pear","Whetstone","Nuclear Battery","Toxic Egg 2","Lantern","Smiling Mask","Sozu","Question Card"],"potions_floor_usage":[33,33,36],"damage_taken":[{"damage":0.0,"enemies":"Jaw Worm","floor":1.0,"turns":1.0},{"damage":0.0,"enemies":"2 Louse","floor":3.0,"turns":1.0},{"damage":0.0,"enemies":"Small Slimes","floor":7.0,"turns":1.0},{"damage":9.0,"floor":8.0,"turns":3.0},{"damage":20.0,"enemies":"Lagavulin","floor":13.0,"turns":5.0},{"damage":1.0,"enemies":"Looter","floor":14.0,"turns":3.0},{"damage":29.0,"enemies":"The Guardian","floor":16.0,"turns":8.0},{"damage":5.0,"enemies":"Chosen","floor":18.0,"turns":4.0},{"damage":0.0,"enemies":"Spheric Guardian","floor":21.0,"turns":3.0},{"damage":11.0,"enemies":"Snecko","floor":22.0,"turns":4.0},{"damage":2,"enemies":"Centurion and Healer","floor":24,"turns":4},{"damage":26,"enemies":"Chosen and Byrds","floor":28,"turns":3},{"damage":0,"enemies":"Snake Plant","floor":29,"turns":2},{"damage":9,"enemies":"3 Cultists","floor":30,"turns":5},{"damage":67,"enemies":"Collector","floor":33,"turns":9},{"damage":4,"enemies":"Flame Bruiser 1 Orb","floor":35,"turns":4},{"damage":31,"enemies":"3 Darklings","floor":36,"turns":4},{"damage":28,"enemies":"Maw","floor":37,"turns":6},{"damage":18,"enemies":"Spire Growth","floor":41,"turns":4},{"damage":32,"enemies":"Sphere and 2 Shapes","floor":42,"turns":5},{"damage":9,"enemies":"Maw","floor":44,"turns":4}],"seed_played":"-254546629846573966","potions_obtained":[{"floor":3.0,"key":"LiquidBronze"},{"floor":8.0,"key":"AttackPotion"},{"floor":14.0,"key":"Energy Potion"},{"floor":18.0,"key":"Weak Potion"},{"floor":22.0,"key":"FairyPotion"},{"floor":33,"key":"Block Potion"}],"is_trial":false,"path_per_floor":["M","?","M","$","?","R","M","?","T","R","?","R","E","M","R","B",null,"M","T","$","M","M","R","M","R","T","?","M","M","M","$","R","B",null,"M","M","M","?","?","R","M","M","T"],"character_chosen":"DEFECT","items_purchased":["HandDrill","Defragment"],"campfire_rested":4,"item_purchase_floors":[4,20],"current_hp_per_floor":[75,75,75,75,60,60,60,51,51,51,61,85,65,64,64,35,85,80,80,80,80,69,85,83,83,83,83,57,57,48,48,73,6,85,81,50,22,22,22,47,29,8,8,0],"gold":314,"neow_bonus":"THREE_ENEMY_KILL","is_prod":false,"is_daily":false,"chose_seed":false,"campfire_upgraded":4,"win_rate":0.0,"timestamp":1531526133,"path_taken":["M","?","M","$","?","R","?","?","T","R","?","R","E","M","R","BOSS","M","?","$","M","M","R","M","R","T","?","M","M","M","?","R","BOSS","M","?","M","?","?","R","M","M","T","M"],"build_version":"2018-07-12","purchased_purges":3,"victory":false,"max_hp_per_floor":[75,75,75,75,75,75,75,75,75,75,85,85,85,85,85,85,85,85,85,85,85,85,85,85,85,85,85,85,85,85,85,85,85,85,85,85,85,85,85,85,85,85,85,85],"card_choices":[{"not_picked":["Sweeping Beam","Rebound"],"picked":"Streamline","floor":1.0},{"not_picked":["Hologram","Loop"],"picked":"Melter","floor":3.0},{"not_picked":["Melter","Cold Snap","White Noise"],"picked":"SKIP","floor":7.0},{"not_picked":["Rebound","Steam"],"picked":"Leap","floor":8.0},{"not_picked":["Auto Shields","Heatsinks"],"picked":"Conserve Battery","floor":13.0},{"not_picked":["Darkness","Skim"],"picked":"Ball Lightning","floor":14.0},{"not_picked":["Rebound","Stack","Cold Snap+1"],"picked":"SKIP","floor":18.0},{"not_picked":["Ball Lightning","Leap+1","Auto Shields+1"],"picked":"SKIP","floor":21.0},{"not_picked":["Ball Lightning+1","Cold Snap"],"picked":"Static Discharge+1","floor":22.0},{"not_picked":["Scrape","Turbo+1"],"picked":"Tempest+1","floor":24},{"not_picked":["Fission+1","Streamline+1","Reprogram+1"],"picked":"SKIP","floor":28},{"not_picked":["Redo+1","Darkness+1","Turbo+1"],"picked":"SKIP","floor":29},{"not_picked":["Sweeping Beam","Rip and Tear","Static Discharge"],"picked":"SKIP","floor":30},{"not_picked":["Compile Driver","Hologram+1","Coolheaded+1"],"picked":"SKIP","floor":35},{"not_picked":["Redo+1","Lockon","Hologram+1"],"picked":"SKIP","floor":36},{"not_picked":["Coolheaded+1","Go for the Eyes+1","Rebound"],"picked":"SKIP","floor":37},{"not_picked":["Double Energy+1","Beam Cell","Gash+1"],"picked":"SKIP","floor":41},{"not_picked":["Leap+1","Stack+1","Lockon"],"picked":"SKIP","floor":42}],"player_experience":239798,"relics_obtained":[{"floor":8.0,"key":"Odd Mushroom"},{"floor":9.0,"key":"Symbiotic Virus"},{"floor":13.0,"key":"Whetstone"},{"floor":19.0,"key":"Toxic Egg 2"},{"floor":26,"key":"Lantern"},{"floor":43,"key":"Question Card"}],"event_choices":[{"event_name":"Liars Game","player_choice":"agreed","floor":2.0,"damage_taken":0.0},{"event_name":"Shining Light","player_choice":"Entered Light","floor":5.0,"damage_taken":0.0},{"event_name":"Mushrooms","player_choice":"Fought Mushrooms","floor":8.0,"damage_taken":0.0},{"event_name":"Dead Adventurer","player_choice":"Searched \u00272\u0027 times","floor":11.0,"damage_taken":0.0},{"event_name":"The Mausoleum","player_choice":"Yes","floor":27,"damage_taken":0},{"event_name":"Mysterious Sphere","player_choice":"Ignore","floor":38,"damage_taken":0},{"event_name":"The Lab","player_choice":"Got Potions","floor":39,"damage_taken":0}],"boss_relics":[{"not_picked":["FrozenCore","Astrolabe"],"picked":"Nuclear Battery"},{"not_picked":["Runic Pyramid","Cursed Key"],"picked":"Sozu"}],"items_purged_floors":[4,20,31],"is_endless":false,"potions_floor_spawned":[3,8,14,18,22,29,33,41,42],"killed_by":"Maw","ascension_level":0}