{"gold_per_floor":[109,124,124,124,124,124,155,155,155,155,33,53,88,28,28,124,124,139,139,59,59,72,72,72,72,97,116,129,129,143,153,153,256,256,267,267,267,367,78,78,112,112,190,190,190,235,248,261,261,261],"floor_reached":50,"playtime":1392,"items_purged":["Rupture","Rupture","Strike_R"],"score":550,"play_id":"5f6441ed-8373-4476-8365-eb560c912e6d","local_time":"20190210003129","is_ascension_mode":true,"campfire_choices":[{"data":"Perfected Strike","floor":6,"key":"SMITH"},{"floor":8,"key":"REST"},{"data":"Whirlwind","floor":10,"key":"SMITH"},{"data":"Bash","floor":15,"key":"SMITH"},{"floor":23,"key":"REST"},{"floor":29,"key":"REST"},{"floor":32,"key":"REST"},{"floor":40,"key":"REST"},{"floor":42,"key":"REST"},{"floor":44,"key":"REST"},{"floor":49,"key":"REST"}],"neow_cost":"CURSE","seed_source_timestamp":140258776980195,"circlet_count":0,"master_deck":["Strike_R","Strike_R","Strike_R","Defend_R+1","Bash+1","Whirlwind+1","Perfected Strike+1","Wild Strike","Shrug It Off+1","Inflame+1","Pommel Strike","Madness+1","Madness+1"],"relics":["Black Blood","Singing Bowl","The Courier","Vajra","War Paint","Fusion Hammer","Toxic Egg 2","Happy Flower","Calipers","Chemical X","Nunchaku","Dodecahedron","Regal Pillow"],"potions_floor_usage":[13,25,27,33,50,50,50],"damage_taken":[{"damage":0,"enemies":"2 Louse","floor":1,"turns":1},{"damage":6,"enemies":"Jaw Worm","floor":2,"turns":3},{"damage":31,"enemies":"3 Sentries","floor":7,"turns":5},{"damage":5,"enemies":"Small Slimes","floor":12,"turns":2},{"damage":21,"enemies":"Lagavulin","floor":13,"turns":5},{"damage":59,"enemies":"The Guardian","floor":16,"turns":8},{"damage":2,"enemies":"Chosen","floor":18,"turns":3},{"damage":10,"enemies":"Spheric Guardian","floor":22,"turns":3},{"damage":0,"enemies":"Centurion and Healer","floor":25,"turns":1},{"damage":14,"enemies":"Snake Plant","floor":27,"turns":3},{"damage":34,"enemies":"Shelled Parasite and Fungi","floor":28,"turns":4},{"damage":4,"enemies":"Snecko","floor":30,"turns":3},{"damage":0,"enemies":"Cultist and Chosen","floor":31,"turns":4},{"damage":85,"enemies":"Automaton","floor":33,"turns":7},{"damage":36,"enemies":"3 Shapes","floor":35,"turns":2},{"damage":0,"enemies":"Mind Bloom Boss Battle","floor":38,"turns":5},{"damage":90,"enemies":"Giant Head","floor":41,"turns":8},{"damage":15,"enemies":"Orb Walker","floor":47,"turns":2},{"damage":0,"enemies":"Jaw Worm Horde","floor":48,"turns":1},{"damage":121,"enemies":"Time Eater","floor":50,"turns":7}],"seed_played":"1895521435679068305","potions_obtained":[{"floor":7,"key":"Ancient Potion"},{"floor":12,"key":"Weak Potion"},{"floor":16,"key":"Dexterity Potion"},{"floor":24,"key":"SmokeBomb"},{"floor":28,"key":"FearPotion"},{"floor":31,"key":"Explosive Potion"},{"floor":35,"key":"SpeedPotion"},{"floor":47,"key":"Dexterity Potion"}],"is_trial":false,"path_per_floor":["M","M","?","?","?","R","E","R","T","R","$","M","E","$","R","B",null,"M","?","$","T","M","R","?","M","T","M","M","R","M","M","R","B",null,"M","?","?","?","$","R","E","R","T","R","?","T","M","M","R","B"],"character_chosen":"IRONCLAD","items_purchased":["Vajra","Chemical X","Pommel Strike"],"campfire_rested":8,"item_purchase_floors":[11,39,39],"current_hp_per_floor":[80,80,85,78,78,78,55,81,81,81,81,84,71,71,71,20,93,93,93,93,93,91,95,95,95,95,89,61,90,94,101,101,24,103,79,79,79,91,91,107,29,61,61,93,79,79,76,88,113,0],"gold":261,"neow_bonus":"TRANSFORM_TWO_CARDS","is_prod":false,"is_daily":false,"chose_seed":false,"campfire_upgraded":3,"win_rate":0,"timestamp":1549776689,"path_taken":["M","M","?","?","?","R","E","R","T","R","$","?","E","$","R","BOSS","M","?","$","?","M","R","?","M","T","M","M","R","M","?","R","BOSS","M","?","?","?","$","R","E","R","T","R","?","?","M","M","R","BOSS"],"build_version":"2019-01-23","purchased_purges":3,"victory":false,"max_hp_per_floor":[80,80,85,85,85,85,87,87,87,87,87,89,91,91,91,93,93,93,93,93,93,95,95,95,95,95,97,97,97,99,101,101,103,103,105,105,105,107,107,107,109,109,109,109,109,109,111,113,113,113],"card_choices":[{"not_picked":["Sword Boomerang","Battle Trance"],"picked":"Perfected Strike","floor":1},{"not_picked":["Battle Trance","Sword Boomerang"],"picked":"Wild Strike","floor":2},{"not_picked":["Entrench","Second Wind","Pommel Strike"],"picked":"Singing Bowl","floor":7},{"not_picked":["Iron Wave","Cleave","Blood for Blood"],"picked":"Singing Bowl","floor":12},{"not_picked":["Warcry","Havoc","Hemokinesis"],"picked":"Singing Bowl","floor":13},{"not_picked":["Barricade","Immolate","Juggernaut"],"picked":"Singing Bowl","floor":16},{"not_picked":["Iron Wave+1","Anger+1"],"picked":"Shrug It Off+1","floor":18},{"not_picked":["Dual Wield+1","Flame Barrier+1","Fire Breathing"],"picked":"Singing Bowl","floor":22},{"not_picked":["Uppercut+1","Combust","Sword Boomerang+1"],"picked":"Singing Bowl","floor":27},{"not_picked":["Clothesline","Heavy Blade"],"picked":"Inflame+1","floor":28},{"not_picked":["Flame Barrier+1","Combust","Uppercut"],"picked":"Singing Bowl","floor":30},{"not_picked":["Havoc+1","Inflame","Flex+1"],"picked":"Singing Bowl","floor":31},{"not_picked":["Dark Embrace","Bludgeon","Demon Form"],"picked":"Singing Bowl","floor":33},{"not_picked":["Shrug It Off+1","Wild Strike+1","Clash"],"picked":"Singing Bowl","floor":35},{"not_picked":["Bloodletting+1","Thunderclap+1","Twin Strike"],"picked":"Singing Bowl","floor":38},{"not_picked":["Combust+1","Havoc+1","Thunderclap+1"],"picked":"Singing Bowl","floor":41},{"not_picked":["Sword Boomerang","Wild Strike","Pommel Strike"],"picked":"Singing Bowl","floor":47},{"not_picked":["Corruption+1","Sword Boomerang+1","Body Slam"],"picked":"Singing Bowl","floor":48}],"player_experience":370696,"relics_obtained":[{"floor":7,"key":"Singing Bowl"},{"floor":9,"key":"The Courier"},{"floor":13,"key":"War Paint"},{"floor":21,"key":"Toxic Egg 2"},{"floor":26,"key":"Happy Flower"},{"floor":38,"key":"Calipers"},{"floor":41,"key":"Nunchaku"},{"floor":43,"key":"Dodecahedron"},{"floor":46,"key":"Regal Pillow"}],"event_choices":[{"damage_healed":0,"gold_gain":0,"player_choice":"Donut","damage_taken":0,"max_hp_gain":5,"max_hp_loss":0,"event_name":"Big Fish","floor":3,"gold_loss":0},{"cards_removed":["Clumsy"],"damage_healed":0,"gold_gain":0,"player_choice":"Card Removal","damage_taken":7,"max_hp_gain":0,"max_hp_loss":0,"event_name":"Golden Wing","floor":4,"gold_loss":0},{"damage_healed":0,"gold_gain":0,"player_choice":"Ignored","damage_taken":0,"max_hp_gain":0,"max_hp_loss":0,"event_name":"WeMeetAgain","floor":5,"gold_loss":0},{"damage_healed":0,"gold_gain":0,"cards_transformed":["Defend_R"],"player_choice":"Transformed","damage_taken":0,"max_hp_gain":0,"max_hp_loss":0,"event_name":"Transmorgrifier","floor":19,"gold_loss":0,"cards_obtained":["Rupture"]},{"damage_healed":0,"gold_gain":0,"player_choice":"Got Potions","damage_taken":0,"max_hp_gain":0,"max_hp_loss":0,"event_name":"Lab","floor":24,"gold_loss":0},{"damage_healed":0,"gold_gain":0,"player_choice":"Ignored","damage_taken":0,"max_hp_gain":0,"max_hp_loss":0,"event_name":"Tomb of Lord Red Mask","floor":36,"gold_loss":0},{"cards_removed":["Defend_R"],"damage_healed":0,"gold_gain":0,"player_choice":"Removed Skill","damage_taken":0,"max_hp_gain":0,"max_hp_loss":0,"event_name":"Falling","floor":37,"gold_loss":0},{"damage_healed":0,"gold_gain":0,"player_choice":"Fight","damage_taken":0,"max_hp_gain":0,"max_hp_loss":0,"event_name":"MindBloom","floor":38,"gold_loss":0},{"damage_healed":0,"gold_gain":0,"player_choice":"Embrace Madness","damage_taken":14,"max_hp_gain":0,"max_hp_loss":0,"event_name":"Winding Halls","floor":45,"gold_loss":0,"cards_obtained":["Madness","Madness"]}],"is_beta":false,"boss_relics":[{"not_picked":["Coffee Dripper","Runic Cube"],"picked":"Fusion Hammer"},{"not_picked":["Eternal Feather","Lizard Tail"],"picked":"Black Blood"}],"items_purged_floors":[14,20,39],"is_endless":false,"potions_floor_spawned":[7,12,16,25,28,31,35,47],"killed_by":"Time Eater","ascension_level":1}