{"gold_per_floor":[111,186,26,26,38,66,66,81,81,81,6,33,33,51,51,126,126,138,238,238,288,288,288,308,335,365,391,51,82,95,0,0,79,79,94,94,104,104,104,120,120,120,147,47,75,75,75,20,20,20,20],"floor_reached":51,"playtime":1100,"items_purged":["Writhe","Defend_R"],"score":1645,"play_id":"5fb628a6-a0f7-4b30-9af3-25311b439392","local_time":"20190316235255","is_ascension_mode":true,"campfire_choices":[{"data":"Perfected Strike","floor":7,"key":"SMITH"},{"data":"Bash","floor":10,"key":"SMITH"},{"data":"Pommel Strike","floor":13,"key":"SMITH"},{"data":"Perfected Strike","floor":15,"key":"SMITH"},{"floor":23,"key":"REST"},{"floor":32,"key":"REST"},{"floor":41,"key":"REST"},{"floor":47,"key":"REST"},{"floor":49,"key":"REST"}],"neow_cost":"NONE","seed_source_timestamp":91979022520405,"circlet_count":0,"master_deck":["AscendersBane","Strike_R+1","Strike_R","Strike_R","Strike_R+1","Strike_R","Defend_R","Bash+1","Pommel Strike","Perfected Strike+1","Headbutt","Pommel Strike+1","Perfected Strike+1","Offering","Twin Strike","Thunderclap","True Grit+1","Pommel Strike+1","Trip+1","Perfected Strike","Flash of Steel","Offering+1","Pommel Strike","Dropkick","Bandage Up+1","Pommel Strike","Twin Strike","Madness+1","Madness+1","Twin Strike"],"relics":["Burning Blood","NeowsBlessing","Whetstone","Question Card","Happy Flower","Centennial Puzzle","Strawberry","Fusion Hammer","Champion Belt","Toxic Egg 2","Prayer Wheel","Blood Vial","Tiny Chest","Mummified Hand","PreservedInsect","Juzu Bracelet","Eternal Feather","Vajra","Letter Opener"],"potions_floor_usage":[12,12,24,27,29,33,37,50],"damage_taken":[{"damage":0,"enemies":"Jaw Worm","floor":1,"turns":1},{"damage":0,"enemies":"Small Slimes","floor":5,"turns":1},{"damage":0,"enemies":"Lagavulin","floor":6,"turns":1},{"damage":0,"enemies":"2 Louse","floor":8,"turns":2},{"damage":10,"enemies":"3 Sentries","floor":12,"turns":3},{"damage":10,"enemies":"Large Slime","floor":14,"turns":4},{"damage":0,"enemies":"Slime Boss","floor":16,"turns":5},{"damage":6,"enemies":"Chosen","floor":18,"turns":2},{"damage":14,"enemies":"Colosseum Slavers","floor":19,"turns":2},{"damage":17,"enemies":"Colosseum Nobs","floor":19,"turns":3},{"damage":20,"enemies":"3 Byrds","floor":24,"turns":3},{"damage":21,"enemies":"Gremlin Leader","floor":25,"turns":5},{"damage":9,"enemies":"Slavers","floor":27,"turns":3},{"damage":6,"enemies":"Book of Stabbing","floor":29,"turns":2},{"damage":22,"enemies":"Shelled Parasite and Fungi","floor":30,"turns":3},{"damage":45,"enemies":"Champ","floor":33,"turns":6},{"damage":6,"enemies":"Orb Walker","floor":35,"turns":2},{"damage":40,"enemies":"3 Darklings","floor":37,"turns":3},{"damage":30,"enemies":"Writhing Mass","floor":40,"turns":4},{"damage":6,"enemies":"Nemesis","floor":45,"turns":1},{"damage":78,"enemies":"Time Eater","floor":50,"turns":6},{"damage":23,"enemies":"Awakened One","floor":51,"turns":2}],"seed_played":"6816960193599663069","potions_obtained":[{"floor":1,"key":"Explosive Potion"},{"floor":5,"key":"FearPotion"},{"floor":8,"key":"Fire Potion"},{"floor":19,"key":"Fire Potion"},{"floor":25,"key":"Energy Potion"},{"floor":27,"key":"BloodPotion"},{"floor":29,"key":"LiquidBronze"},{"floor":35,"key":"GamblersBrew"},{"floor":45,"key":"Energy Potion"}],"is_trial":false,"path_per_floor":["M","?","$","?","M","E","R","M","T","R","?","E","R","M","R","B",null,"M","?","?","?","?","R","M","E","T","E","$","E","M","$","R","B",null,"M","$","M","?","?","M","R","?","T","$","E","?","R","$","R","B","B"],"character_chosen":"IRONCLAD","items_purchased":["Whetstone","Trip+1","PreservedInsect","Flash of Steel","Twin Strike"],"campfire_rested":5,"item_purchase_floors":[3,28,28,31,48],"current_hp_per_floor":[74,63,63,58,64,70,70,75,75,75,75,78,78,74,74,80,82,82,63,63,63,39,65,51,36,36,35,35,45,31,31,57,20,70,72,72,40,40,40,24,65,65,65,65,67,52,84,84,84,12,0],"gold":20,"neow_bonus":"THREE_ENEMY_KILL","is_prod":false,"is_daily":false,"chose_seed":false,"campfire_upgraded":4,"win_rate":0,"timestamp":1552765975,"path_taken":["M","?","$","?","M","E","R","M","T","R","?","E","R","M","R","BOSS","M","?","?","?","?","R","M","E","T","E","$","E","M","$","R","BOSS","M","$","M","?","?","M","R","?","T","?","E","?","R","$","R","BOSS","BOSS"],"build_version":"2019-01-23","purchased_purges":2,"victory":false,"max_hp_per_floor":[75,75,75,75,75,75,75,75,75,75,75,82,82,82,82,82,82,82,82,82,82,87,87,87,87,87,87,87,87,87,87,87,87,87,87,87,87,87,87,87,87,84,84,84,84,84,84,84,84,84,84],"card_choices":[{"not_picked":["Entrench","Sentinel"],"picked":"Pommel Strike","floor":1},{"not_picked":["Clash","Shrug It Off","Sword Boomerang"],"picked":"Perfected Strike","floor":5},{"not_picked":["Feed","Warcry","Rampage"],"picked":"Headbutt","floor":6},{"not_picked":["Sword Boomerang","Pummel","Feel No Pain","Armaments"],"picked":"SKIP","floor":8},{"not_picked":["Fire Breathing","Dark Embrace","Clash"],"picked":"Pommel Strike","floor":12},{"not_picked":["Battle Trance","Clash","Corruption"],"picked":"Perfected Strike","floor":14},{"not_picked":["Feed","Barricade","Bludgeon"],"picked":"Offering","floor":16},{"not_picked":["Armaments","Sword Boomerang","Heavy Blade"],"picked":"Twin Strike","floor":18},{"not_picked":["Flex","Metallicize","Whirlwind"],"picked":"Thunderclap","floor":19},{"not_picked":["Feel No Pain","Rampage","Second Wind+1"],"picked":"True Grit+1","floor":24},{"not_picked":["Spot Weakness+1","Iron Wave","Thunderclap","Evolve"],"picked":"SKIP","floor":24},{"not_picked":["Fiend Fire","Power Through+1","Anger+1"],"picked":"Pommel Strike+1","floor":25},{"not_picked":["Flex+1","Body Slam","Juggernaut","Searing Blow+1"],"picked":"SKIP","floor":27},{"not_picked":["Rampage","Sword Boomerang","Reaper","Heavy Blade"],"picked":"SKIP","floor":29},{"not_picked":["Flame Barrier+1","Carnage","Flex+1"],"picked":"Perfected Strike","floor":30},{"not_picked":["Sever Soul","Inflame","Corruption","Sentinel+1"],"picked":"SKIP","floor":30},{"not_picked":["Brutality","Juggernaut","Bludgeon"],"picked":"Offering+1","floor":33},{"not_picked":["Flame Barrier+1","Bloodletting+1","Combust"],"picked":"Pommel Strike","floor":35},{"not_picked":["Cleave","Body Slam","Burning Pact+1","Thunderclap"],"picked":"SKIP","floor":35},{"not_picked":["Anger","Entrench+1","Rampage"],"picked":"Dropkick","floor":37},{"not_picked":["Feel No Pain","Armaments+1","Warcry+1","Headbutt"],"picked":"SKIP","floor":37},{"not_picked":["Jack Of All Trades+1","Transmutation+1","HandOfGreed"],"picked":"Bandage Up+1","floor":39},{"not_picked":["Sword Boomerang","Armaments+1","Iron Wave"],"picked":"Pommel Strike","floor":40},{"not_picked":["Fire Breathing","Armaments+1","Flex+1"],"picked":"Twin Strike","floor":40},{"not_picked":["Bloodletting+1","Fiend Fire","Spot Weakness+1","Fire Breathing"],"picked":"SKIP","floor":45}],"player_experience":753755,"relics_obtained":[{"floor":6,"key":"Happy Flower"},{"floor":9,"key":"Centennial Puzzle"},{"floor":12,"key":"Strawberry"},{"floor":19,"key":"Champion Belt"},{"floor":19,"key":"Toxic Egg 2"},{"floor":25,"key":"Blood Vial"},{"floor":26,"key":"Tiny Chest"},{"floor":27,"key":"Mummified Hand"},{"floor":29,"key":"Juzu Bracelet"},{"floor":43,"key":"Vajra"},{"floor":45,"key":"Letter Opener"}],"event_choices":[{"damage_healed":0,"gold_gain":75,"player_choice":"Gather Gold","damage_taken":11,"max_hp_gain":0,"max_hp_loss":0,"event_name":"World of Goop","floor":2,"gold_loss":0},{"damage_healed":0,"gold_gain":0,"player_choice":"Success","damage_taken":5,"relics_obtained":["Question Card"],"max_hp_gain":0,"max_hp_loss":0,"event_name":"Scrap Ooze","floor":4,"gold_loss":0},{"cards_removed":["Defend_R"],"damage_healed":0,"gold_gain":0,"player_choice":"Card Removal","damage_taken":0,"max_hp_gain":0,"max_hp_loss":0,"event_name":"The Cleric","floor":11,"gold_loss":75},{"damage_healed":0,"gold_gain":0,"player_choice":"Fight","damage_taken":0,"max_hp_gain":0,"max_hp_loss":0,"event_name":"Colosseum","floor":19,"gold_loss":0},{"damage_healed":0,"gold_gain":0,"player_choice":"Fought Nobs","damage_taken":0,"max_hp_gain":0,"max_hp_loss":0,"event_name":"Colosseum","floor":19,"gold_loss":0},{"damage_healed":0,"gold_gain":0,"player_choice":"Opened","damage_taken":0,"relics_obtained":["Prayer Wheel"],"max_hp_gain":0,"max_hp_loss":0,"event_name":"The Mausoleum","floor":20,"gold_loss":0,"cards_obtained":["Writhe"]},{"damage_healed":0,"gold_gain":50,"player_choice":"Stole From Cult","damage_taken":0,"max_hp_gain":0,"max_hp_loss":0,"event_name":"Nest","floor":21,"gold_loss":0},{"damage_healed":0,"gold_gain":0,"player_choice":"Shed Blood","damage_taken":29,"max_hp_gain":5,"max_hp_loss":0,"event_name":"Forgotten Altar","floor":22,"gold_loss":0},{"cards_removed":["Defend_R"],"damage_healed":0,"gold_gain":0,"player_choice":"Removed Skill","damage_taken":0,"max_hp_gain":0,"max_hp_loss":0,"event_name":"Falling","floor":38,"gold_loss":0},{"damage_healed":0,"gold_gain":0,"player_choice":"Memory 1","damage_taken":0,"max_hp_gain":0,"max_hp_loss":0,"event_name":"SensoryStone","floor":39,"gold_loss":0},{"cards_removed":["Parasite"],"damage_healed":0,"gold_gain":0,"player_choice":"Purged","damage_taken":0,"max_hp_gain":0,"max_hp_loss":0,"event_name":"Purifier","floor":42,"gold_loss":0},{"damage_healed":0,"gold_gain":0,"player_choice":"Embrace Madness","damage_taken":15,"max_hp_gain":0,"max_hp_loss":0,"event_name":"Winding Halls","floor":46,"gold_loss":0,"cards_obtained":["Madness","Madness"]}],"is_beta":false,"boss_relics":[{"not_picked":["Tiny House","Lizard Tail"],"picked":"Fusion Hammer"},{"not_picked":["Runic Cube","Calling Bell"],"picked":"Eternal Feather"}],"items_purged_floors":[28,44],"is_endless":false,"potions_floor_spawned":[1,5,8,19,19,25,27,29,35,45],"killed_by":"Awakened One","ascension_level":20}