{"gold_per_floor":[115,115,131,131,151,151,204,204,204,231,247,247,247,282,282,357,357,376,135,50,68,68,68,101,111,111,111,130,130,130,144,144,144],"floor_reached":33,"playtime":830,"items_purged":["Strike_R"],"score":546,"play_id":"67c5665b-3191-4bef-9629-8f6aa1d6d560","local_time":"20190316202440","is_ascension_mode":true,"campfire_choices":[{"data":"Bash","floor":6,"key":"SMITH"},{"data":"Spot Weakness","floor":8,"key":"SMITH"},{"data":"Heavy Blade","floor":12,"key":"SMITH"},{"floor":15,"key":"REST"},{"floor":23,"key":"REST"},{"floor":27,"key":"REST"},{"floor":29,"key":"REST"},{"floor":32,"key":"REST"}],"neow_cost":"PERCENT_DAMAGE","seed_source_timestamp":79755821113648,"circlet_count":0,"master_deck":["AscendersBane","Strike_R","Defend_R","Defend_R","Defend_R","Defend_R","Bash+1","Headbutt","Spot Weakness+1","Cleave","Heavy Blade+1","Uppercut","Offering","Sword Boomerang+1","Inflame","Heavy Blade"],"relics":["Burning Blood","Gambling Chip","Pear","Kunai","Bird Faced Urn","Fusion Hammer","Bag of Marbles","Ancient Tea Set","Potion Belt","Lantern"],"potions_floor_usage":[11,14,21,33],"damage_taken":[{"damage":9,"enemies":"Jaw Worm","floor":1,"turns":4},{"damage":6,"enemies":"Cultist","floor":3,"turns":3},{"damage":7,"enemies":"2 Louse","floor":5,"turns":3},{"damage":40,"enemies":"Lagavulin","floor":10,"turns":4},{"damage":25,"enemies":"Exordium Thugs","floor":11,"turns":4},{"damage":30,"enemies":"3 Sentries","floor":14,"turns":5},{"damage":40,"enemies":"The Guardian","floor":16,"turns":8},{"damage":24,"enemies":"3 Byrds","floor":18,"turns":5},{"damage":22,"enemies":"Shell Parasite","floor":21,"turns":2},{"damage":19,"enemies":"Book of Stabbing","floor":24,"turns":2},{"damage":18,"enemies":"Cultist and Chosen","floor":25,"turns":5},{"damage":8,"enemies":"Centurion and Healer","floor":28,"turns":4},{"damage":12,"enemies":"Shelled Parasite and Fungi","floor":31,"turns":3},{"damage":98,"enemies":"Automaton","floor":33,"turns":8}],"seed_played":"7645418919735312950","potions_obtained":[{"floor":1,"key":"SpeedPotion"},{"floor":3,"key":"Regen Potion"},{"floor":5,"key":"PowerPotion"},{"floor":10,"key":"Strength Potion"},{"floor":18,"key":"GamblersBrew"},{"floor":31,"key":"GamblersBrew"}],"is_trial":false,"path_per_floor":["M","?","M","?","M","R","?","R","T","E","M","R","?","E","R","B",null,"M","$","?","M","?","R","E","M","T","R","M","R","?","M","R","B"],"character_chosen":"IRONCLAD","items_purchased":["Bag of Marbles"],"campfire_rested":5,"item_purchase_floors":[19],"current_hp_per_floor":[47,47,47,72,71,71,71,71,81,47,40,40,40,16,41,7,66,48,48,48,32,32,57,44,32,32,57,55,80,80,76,85,0],"gold":144,"neow_bonus":"ONE_RARE_RELIC","is_prod":false,"is_daily":false,"chose_seed":false,"campfire_upgraded":3,"win_rate":0,"timestamp":1552753480,"path_taken":["M","?","?","?","M","R","?","R","T","E","M","R","?","E","R","BOSS","M","$","?","M","?","R","E","M","T","R","M","R","?","M","R","BOSS"],"build_version":"2019-01-23","purchased_purges":1,"victory":false,"max_hp_per_floor":[75,75,75,75,75,75,75,75,85,85,85,85,85,85,85,85,85,85,85,85,85,85,85,85,85,85,85,85,85,85,85,85,85],"card_choices":[{"not_picked":["Sentinel","Sever Soul","Flex"],"picked":"SKIP","floor":1},{"not_picked":["True Grit","Iron Wave"],"picked":"Headbutt","floor":3},{"not_picked":["Feel No Pain","Seeing Red"],"picked":"Spot Weakness","floor":5},{"not_picked":["Perfected Strike","Body Slam"],"picked":"Cleave","floor":10},{"not_picked":["Clothesline","Clash"],"picked":"Heavy Blade","floor":11},{"not_picked":["Heavy Blade","Twin Strike"],"picked":"Uppercut","floor":14},{"not_picked":["Impervious","Bludgeon"],"picked":"Offering","floor":16},{"not_picked":["Rupture","Anger"],"picked":"Sword Boomerang+1","floor":18},{"not_picked":["Armaments","Searing Blow+1","Anger"],"picked":"SKIP","floor":21},{"not_picked":["Rupture","Metallicize","Wild Strike"],"picked":"SKIP","floor":24},{"not_picked":["Rampage","Headbutt","Anger"],"picked":"SKIP","floor":25},{"not_picked":["Uppercut","Iron Wave","Intimidate"],"picked":"SKIP","floor":28},{"not_picked":["Second Wind+1","Rampage"],"picked":"Heavy Blade","floor":31}],"player_experience":748226,"relics_obtained":[{"floor":9,"key":"Pear"},{"floor":10,"key":"Kunai"},{"floor":14,"key":"Bird Faced Urn"},{"floor":24,"key":"Potion Belt"},{"floor":26,"key":"Lantern"}],"event_choices":[{"cards_removed":["Strike_R"],"damage_healed":0,"gold_gain":0,"player_choice":"Purged","damage_taken":0,"max_hp_gain":0,"max_hp_loss":0,"event_name":"Purifier","floor":2,"gold_loss":0},{"damage_healed":25,"gold_gain":0,"player_choice":"Banana","damage_taken":0,"max_hp_gain":0,"max_hp_loss":0,"event_name":"Big Fish","floor":4,"gold_loss":0},{"damage_healed":0,"gold_gain":53,"player_choice":"Gained Gold","damage_taken":0,"max_hp_gain":0,"max_hp_loss":0,"event_name":"Golden Wing","floor":7,"gold_loss":0},{"cards_removed":["Strike_R"],"damage_healed":0,"gold_gain":0,"player_choice":"Offered Basic","damage_taken":0,"max_hp_gain":0,"max_hp_loss":0,"event_name":"Bonfire Elementals","floor":13,"gold_loss":0},{"damage_healed":0,"gold_gain":0,"player_choice":"Obtained Relic","damage_taken":0,"relics_obtained":["Ancient Tea Set"],"max_hp_gain":0,"max_hp_loss":0,"event_name":"Addict","floor":20,"gold_loss":85},{"cards_removed":["Strike_R"],"damage_healed":0,"gold_gain":0,"player_choice":"Elegance","damage_taken":0,"max_hp_gain":0,"max_hp_loss":0,"event_name":"Back to Basics","floor":22,"gold_loss":0},{"damage_healed":0,"gold_gain":0,"player_choice":"Read","damage_taken":0,"max_hp_gain":0,"max_hp_loss":0,"event_name":"The Library","floor":30,"gold_loss":0,"cards_obtained":["Inflame"]}],"is_beta":false,"boss_relics":[{"not_picked":["Orrery","Empty Cage"],"picked":"Fusion Hammer"}],"items_purged_floors":[19],"is_endless":false,"potions_floor_spawned":[1,3,5,10,18,31],"killed_by":"Automaton","ascension_level":20}