{"gold_per_floor":[118,118,136,157,20,20,95,95,168,168,168,193,212,246,246,376,376,399,324,324,340,367,367,391,391],"floor_reached":25,"playtime":484,"items_purged":[],"score":276,"play_id":"7b5ea71a-ecfc-4e51-8de5-862427299886","local_time":"20190411153806","is_ascension_mode":false,"campfire_choices":[{"data":"Panacea","floor":6,"key":"SMITH"},{"data":"Flex","floor":8,"key":"SMITH"},{"data":"Whirlwind","floor":10,"key":"SMITH"},{"data":"Bash","floor":15,"key":"SMITH"},{"data":"Limit Break","floor":23,"key":"SMITH"}],"neow_cost":"NONE","seed_source_timestamp":751308463498,"circlet_count":0,"master_deck":["Strike_R","Strike_R","Strike_R","Defend_R","Defend_R","Defend_R+1","Defend_R+1","Bash+1","Headbutt","Whirlwind+1","Panacea+1","Flex+1","Demon Form+1","Disarm","Sword Boomerang","Limit Break+1","Warcry+1","Offering"],"special_seed":0,"relics":["Burning Blood","Golden Idol","Frozen Egg 2","War Paint","Dodecahedron","Empty Cage","Nilry\u0027s Codex","Strawberry"],"potions_floor_usage":[16,24,25,25],"damage_taken":[{"damage":1.0,"enemies":"Cultist","floor":1.0,"turns":3.0},{"damage":5.0,"enemies":"2 Louse","floor":3.0,"turns":4.0},{"damage":0.0,"enemies":"Small Slimes","floor":4.0,"turns":3.0},{"damage":12,"enemies":"Blue Slaver","floor":12,"turns":4},{"damage":0,"enemies":"3 Louse","floor":13,"turns":1},{"damage":0,"enemies":"Lagavulin","floor":14,"turns":5},{"damage":0,"enemies":"Slime Boss","floor":16,"turns":4},{"damage":16,"enemies":"Chosen","floor":18,"turns":5},{"damage":2,"enemies":"Spheric Guardian","floor":21,"turns":3},{"damage":8,"enemies":"Snecko","floor":24,"turns":4},{"damage":79,"enemies":"Book of Stabbing","floor":25,"turns":5}],"seed_played":"-8169170389776680002","potions_obtained":[{"floor":4.0,"key":"Regen Potion"},{"floor":12,"key":"Poison Potion"},{"floor":14,"key":"FearPotion"},{"floor":18,"key":"Poison Potion"},{"floor":21,"key":"Energy Potion"}],"is_trial":false,"path_per_floor":["M","?","M","M","$","R","?","R","T","R","?","M","M","E","R","B",null,"M","?","?","M","T","R","M","E"],"character_chosen":"IRONCLAD","items_purchased":["Panacea","Flex"],"campfire_rested":0,"item_purchase_floors":[5,5],"current_hp_per_floor":[80,60,61,67,67,67,56,56,56,56,44,38,44,50,50,56,80,70,70,54,58,65,65,63,0],"gold":391,"neow_bonus":"ONE_RANDOM_RARE_CARD","is_prod":false,"is_daily":false,"chose_seed":false,"campfire_upgraded":5,"win_rate":0,"timestamp":1555018686,"path_taken":["M","?","M","M","$","R","?","R","T","R","?","M","M","E","R","BOSS","M","?","?","M","?","R","M","E"],"build_version":"2019-01-23","purchased_purges":0,"victory":false,"max_hp_per_floor":[80,80,80,80,80,80,80,80,80,80,80,80,80,80,80,80,80,80,80,80,80,87,87,87,87],"card_choices":[{"not_picked":["Havoc","Power Through"],"picked":"Headbutt","floor":1.0},{"not_picked":["Corruption","Seeing Red","True Grit"],"picked":"SKIP","floor":3.0},{"not_picked":["Headbutt","Clash"],"picked":"Whirlwind","floor":4.0},{"not_picked":["Clash","Wild Strike"],"picked":"Demon Form+1","floor":12},{"not_picked":["Cleave","Flex"],"picked":"Disarm","floor":13},{"not_picked":["Bloodletting","Dark Embrace+1"],"picked":"Sword Boomerang","floor":14},{"not_picked":["Offering","Feed"],"picked":"Limit Break","floor":16},{"not_picked":["Thunderclap+1","Cleave"],"picked":"Warcry+1","floor":18},{"not_picked":["Cleave","Hemokinesis","Perfected Strike"],"picked":"SKIP","floor":21},{"not_picked":["Metallicize+1","Ghostly Armor"],"picked":"Offering","floor":24}],"player_experience":1189635,"relics_obtained":[{"floor":9,"key":"Frozen Egg 2"},{"floor":14,"key":"Dodecahedron"},{"floor":20,"key":"Nilry\u0027s Codex"},{"floor":22,"key":"Strawberry"}],"event_choices":[{"damage_healed":0.0,"max_hp_gain":0.0,"max_hp_loss":0.0,"gold_gain":0.0,"event_name":"Golden Idol","player_choice":"Take Damage","floor":2.0,"gold_loss":0.0,"damage_taken":20.0,"relics_obtained":["Golden Idol"]},{"damage_healed":0,"gold_gain":75,"player_choice":"Gather Gold","damage_taken":11,"max_hp_gain":0,"max_hp_loss":0,"event_name":"World of Goop","floor":7,"gold_loss":0},{"damage_healed":0,"gold_gain":0,"player_choice":"Success","damage_taken":12,"relics_obtained":["War Paint"],"max_hp_gain":0,"max_hp_loss":0,"event_name":"Scrap Ooze","floor":11,"gold_loss":0},{"cards_removed":["Strike_R"],"damage_healed":0,"gold_gain":0,"player_choice":"Gave Gold","damage_taken":0,"max_hp_gain":0,"max_hp_loss":0,"event_name":"Beggar","floor":19,"gold_loss":75},{"damage_healed":0,"gold_gain":0,"player_choice":"Obtained Book","damage_taken":16,"max_hp_gain":0,"max_hp_loss":0,"event_name":"Cursed Tome","floor":20,"gold_loss":0}],"is_beta":false,"boss_relics":[{"not_picked":["Black Blood","Astrolabe"],"picked":"Empty Cage"}],"items_purged_floors":[],"is_endless":false,"potions_floor_spawned":[4,12,14,18,21],"killed_by":"Book of Stabbing","ascension_level":0}