{"gold_per_floor":[367,381,394,12,28,57,57,57,57,92,13,56,76,115,115,210,210,231,156,156,156,180,180,193,193,218,231,247,247],"floor_reached":29,"playtime":1339,"items_purged":[],"score":510,"play_id":"106c0abe-159c-4373-802f-eef0ef4d5591","local_time":"20190326113800","is_ascension_mode":true,"campfire_choices":[{"data":"Bash","floor":7.0,"key":"SMITH"},{"data":"Carnage","floor":15.0,"key":"SMITH"},{"data":"Limit Break","floor":23.0,"key":"SMITH"}],"neow_cost":"CURSE","seed_source_timestamp":1496209518062000,"circlet_count":0,"master_deck":["AscendersBane","Strike_R","Strike_R","Strike_R","Strike_R","Strike_R","Defend_R","Defend_R","Defend_R","Defend_R","Bash+1","Sword Boomerang","Carnage+1","Iron Wave","Pommel Strike","Meteor Strike","Combust+1","Flame Barrier","Limit Break+1","Self Repair+1","Berserk+1","Warcry+1","J.A.X.","Creative AI+1","Auto Shields","Decay","Normality","Dark Shackles","Clothesline+1"],"special_seed":0,"relics":["Burning Blood","PrismaticShard","Vajra","Shuriken","Golden Idol","Frozen Egg 2","Blue Candle","Pen Nib","The Courier","Cursed Key","Red Skull"],"potions_floor_usage":[29,29],"damage_taken":[{"damage":4.0,"enemies":"Small Slimes","floor":1.0,"turns":4.0},{"damage":15.0,"enemies":"2 Louse","floor":2.0,"turns":4.0},{"damage":0.0,"enemies":"Cultist","floor":3.0,"turns":2.0},{"damage":9.0,"enemies":"Red Slaver","floor":5.0,"turns":2.0},{"damage":8.0,"enemies":"Gremlin Nob","floor":6.0,"turns":3.0},{"damage":20.0,"enemies":"3 Sentries","floor":10.0,"turns":5.0},{"damage":8.0,"enemies":"Gremlin Nob","floor":12.0,"turns":3.0},{"damage":11.0,"enemies":"2 Fungi Beasts","floor":13.0,"turns":3.0},{"damage":20.0,"enemies":"Lagavulin","floor":14.0,"turns":5.0},{"damage":32.0,"enemies":"Slime Boss","floor":16.0,"turns":7.0},{"damage":15.0,"enemies":"2 Thieves","floor":18.0,"turns":4.0},{"damage":39.0,"enemies":"Shell Parasite","floor":22.0,"turns":4.0},{"damage":9.0,"enemies":"3 Cultists","floor":24.0,"turns":4.0},{"damage":23.0,"enemies":"Snecko","floor":27.0,"turns":3.0},{"damage":20,"enemies":"Centurion and Healer","floor":28,"turns":3},{"damage":13,"enemies":"Shelled Parasite and Fungi","floor":29,"turns":1}],"seed_played":"-5612173480500138223","potions_obtained":[{"floor":3.0,"key":"Explosive Potion"},{"floor":5.0,"key":"LiquidBronze"},{"floor":10.0,"key":"SkillPotion"},{"floor":13.0,"key":"Fire Potion"},{"floor":22.0,"key":"SteroidPotion"},{"floor":27.0,"key":"Ancient Potion"},{"floor":28,"key":"EssenceOfSteel"}],"is_trial":false,"path_per_floor":["M","M","M","$","M","E","R","?","T","E","$","E","M","E","R","B",null,"M","?","?","?","M","R","M","?","T","M","M","M"],"character_chosen":"IRONCLAD","items_purchased":["PrismaticShard","Vajra","Flame Barrier"],"campfire_rested":0,"item_purchase_floors":[4,4,11],"current_hp_per_floor":[70,61,67,67,64,62,62,62,62,48,48,46,41,37,37,21,56,57,57,57,57,34,34,41,41,41,24,10,0],"gold":247,"neow_bonus":"TWO_FIFTY_GOLD","is_prod":false,"is_daily":false,"chose_seed":false,"campfire_upgraded":3,"win_rate":0,"timestamp":1553625480,"path_taken":["M","M","M","$","M","E","R","?","T","E","$","E","M","E","R","BOSS","M","?","?","?","M","R","M","?","T","M","?","M"],"build_version":"2019-03-15","purchased_purges":0,"victory":false,"max_hp_per_floor":[75,75,75,75,75,75,75,68,68,68,68,68,68,68,68,68,68,68,68,68,68,68,68,68,68,68,68,68,68],"card_choices":[{"not_picked":["True Grit","Rupture"],"picked":"Sword Boomerang","floor":1.0},{"not_picked":["Havoc","Anger"],"picked":"Carnage","floor":2.0},{"not_picked":["Body Slam","Havoc"],"picked":"Iron Wave","floor":3.0},{"not_picked":["Combust","Caltrops"],"picked":"Pommel Strike","floor":5.0},{"not_picked":["Heatsinks","Deadly Poison"],"picked":"Meteor Strike","floor":6.0},{"not_picked":["Perfected Strike","Dodge and Roll"],"picked":"Combust+1","floor":10.0},{"not_picked":["Skim","Barrage"],"picked":"Limit Break","floor":12.0},{"not_picked":["Ball Lightning","Flex"],"picked":"Self Repair+1","floor":13.0},{"not_picked":["Bane","Anger","Deadly Poison"],"picked":"SKIP","floor":14.0},{"not_picked":["Fission","Sadistic Nature+1"],"picked":"Berserk+1","floor":16.0},{"not_picked":["True Grit","Poisoned Stab"],"picked":"Warcry+1","floor":18.0},{"not_picked":["Seeing Red","Steam Power"],"picked":"Creative AI+1","floor":22.0},{"not_picked":["Turbo","Anger+1"],"picked":"Auto Shields","floor":24.0},{"not_picked":["Warcry","Steam"],"picked":"Dark Shackles","floor":27.0},{"not_picked":["Go for the Eyes","Dagger Spray"],"picked":"Clothesline+1","floor":28}],"player_experience":3394873,"relics_obtained":[{"floor":6.0,"key":"Shuriken"},{"floor":9.0,"key":"Frozen Egg 2"},{"floor":10.0,"key":"Blue Candle"},{"floor":12.0,"key":"Pen Nib"},{"floor":14.0,"key":"The Courier"},{"floor":26.0,"key":"Red Skull"}],"event_choices":[{"damage_healed":0.0,"max_hp_gain":0.0,"max_hp_loss":7.0,"gold_gain":0.0,"event_name":"Golden Idol","player_choice":"Lose Max HP","floor":8.0,"gold_loss":0.0,"damage_taken":0.0,"relics_obtained":["Golden Idol"]},{"cards_removed":["Shame"],"damage_healed":0.0,"max_hp_gain":0.0,"max_hp_loss":0.0,"gold_gain":0.0,"event_name":"Beggar","player_choice":"Gave Gold","floor":19.0,"gold_loss":75.0,"damage_taken":0.0},{"damage_healed":0.0,"max_hp_gain":0.0,"max_hp_loss":0.0,"gold_gain":0.0,"event_name":"Drug Dealer","player_choice":"Obtain J.A.X.","floor":20.0,"gold_loss":0.0,"damage_taken":0.0,"cards_obtained":["J.A.X."]},{"damage_healed":0.0,"max_hp_gain":0.0,"max_hp_loss":0.0,"gold_gain":0.0,"event_name":"Ghosts","player_choice":"Ignored","floor":21.0,"gold_loss":0.0,"damage_taken":0.0},{"damage_healed":0.0,"max_hp_gain":0.0,"max_hp_loss":0.0,"gold_gain":0.0,"event_name":"Wheel of Change","player_choice":"Cursed","floor":25.0,"gold_loss":0.0,"damage_taken":0.0,"cards_obtained":["Decay"]}],"is_beta":true,"boss_relics":[{"not_picked":["Philosopher\u0027s Stone","Eternal Feather"],"picked":"Cursed Key"}],"items_purged_floors":[],"is_endless":false,"potions_floor_spawned":[3,5,10,12,13,22,27,28],"killed_by":"Shelled Parasite and Fungi","ascension_level":20}