{"gold_per_floor":[114,129,12,27,27,27,57,57,57,57,72,72,18,18,18,118,118,133,133,83,98,23,23,53,53,78,78,78,28,43,0,0,0],"floor_reached":33,"playtime":958,"items_purged":["Strike_G","Strike_G"],"score":309,"play_id":"92e5e74f-d401-4da3-b55f-1cd1677570e0","local_time":"20190210222510","daily_mods":["Specialized","Vintage","Terminal"],"is_ascension_mode":false,"campfire_choices":[{"data":"Neutralize","floor":6,"key":"SMITH"},{"floor":8,"key":"REST"},{"data":"Masterful Stab","floor":12,"key":"SMITH"},{"floor":15,"key":"REST"},{"data":"Corpse Explosion","floor":23,"key":"SMITH"},{"floor":25,"key":"REST"},{"floor":28,"key":"DIG"},{"data":"Crippling Poison","floor":32,"key":"SMITH"}],"neow_cost":"","seed_source_timestamp":47406677383805,"circlet_count":0,"master_deck":["Defend_G","Defend_G","Defend_G","Defend_G","Defend_G","Strike_G","Strike_G","Strike_G","Survivor","Neutralize+1","Crippling Poison+1","Crippling Poison+1","Crippling Poison+1","Crippling Poison","Crippling Poison","Masterful Stab+1","Quick Slash","Flying Knee","Corpse Explosion+1"],"special_seed":17938,"relics":["Ring of the Snake","Tingsha","Mummified Hand","Shuriken","Torii","Meat on the Bone","WingedGreaves","Runic Pyramid","Shovel","MutagenicStrength","Snake Skull","Question Card","Smiling Mask","Ginger","Juzu Bracelet"],"potions_floor_usage":[16,33,33,33],"damage_taken":[{"damage":1,"enemies":"Cultist","floor":1,"turns":4},{"damage":0,"enemies":"Jaw Worm","floor":2,"turns":5},{"damage":0,"enemies":"2 Louse","floor":4,"turns":2},{"damage":21,"enemies":"Lagavulin","floor":7,"turns":7},{"damage":9,"enemies":"Large Slime","floor":11,"turns":5},{"damage":22,"enemies":"The Guardian","floor":16,"turns":9},{"damage":0,"enemies":"3 Byrds","floor":18,"turns":3},{"damage":7,"enemies":"2 Thieves","floor":21,"turns":2},{"damage":19,"enemies":"Gremlin Leader","floor":24,"turns":6},{"damage":1,"enemies":"Centurion and Healer","floor":30,"turns":3},{"damage":46,"enemies":"Collector","floor":33,"turns":7}],"seed_played":"6339212738474030288","potions_obtained":[{"floor":11,"key":"SkillPotion"},{"floor":16,"key":"GamblersBrew"},{"floor":21,"key":"SteroidPotion"},{"floor":24,"key":"SteroidPotion"}],"is_trial":false,"path_per_floor":["M","M","$","M","$","R","E","R","T","?","M","R","$","?","R","B",null,"M","?","?","M","$","R","E","R","T","?","R","$","M","?","R","B"],"character_chosen":"THE_SILENT","items_purchased":["Masterful Stab","Quick Slash","Flying Knee"],"campfire_rested":3,"item_purchase_floors":[3,3,13],"current_hp_per_floor":[68,67,66,65,64,63,42,60,60,59,50,50,50,39,54,32,52,51,50,49,42,42,42,35,44,43,42,41,40,39,38,37,0],"gold":0,"neow_bonus":"","is_prod":false,"is_daily":true,"chose_seed":false,"campfire_upgraded":4,"win_rate":0,"timestamp":1549855510,"path_taken":["M","M","?","M","$","R","E","R","T","?","?","R","$","?","R","BOSS","M","?","?","?","$","R","E","R","T","?","R","$","M","?","R","BOSS"],"build_version":"2019-01-23","purchased_purges":2,"victory":false,"max_hp_per_floor":[68,67,66,65,64,63,62,61,60,59,58,57,56,55,54,53,52,51,50,49,48,47,46,45,44,43,42,41,40,39,38,37,37],"card_choices":[{"not_picked":["Prepared","Crippling Poison","Acrobatics"],"picked":"SKIP","floor":7},{"not_picked":["Storm of Steel","Grand Finale"],"picked":"Corpse Explosion","floor":16},{"not_picked":["Prepared+1","Acrobatics","Poisoned Stab"],"picked":"SKIP","floor":24}],"player_experience":380357,"relics_obtained":[{"floor":1,"key":"Tingsha"},{"floor":2,"key":"Mummified Hand"},{"floor":4,"key":"Shuriken"},{"floor":7,"key":"Torii"},{"floor":9,"key":"Meat on the Bone"},{"floor":11,"key":"WingedGreaves"},{"floor":18,"key":"Shovel"},{"floor":21,"key":"Snake Skull"},{"floor":24,"key":"Question Card"},{"floor":26,"key":"Smiling Mask"},{"floor":28,"key":"Ginger"},{"floor":30,"key":"Juzu Bracelet"}],"event_choices":[{"damage_healed":0,"gold_gain":0,"player_choice":"Bought 0 Potions","damage_taken":0,"max_hp_gain":0,"max_hp_loss":0,"event_name":"The Woman in Blue","floor":10,"gold_loss":0},{"damage_healed":0,"gold_gain":0,"player_choice":"Entered Light","damage_taken":11,"max_hp_gain":0,"max_hp_loss":0,"event_name":"Shining Light","floor":14,"gold_loss":0,"cards_upgraded":["Crippling Poison","Crippling Poison"]},{"damage_healed":0,"gold_gain":0,"player_choice":"Inject Mutagens","damage_taken":0,"relics_obtained":["MutagenicStrength"],"max_hp_gain":0,"max_hp_loss":0,"event_name":"Drug Dealer","floor":19,"gold_loss":0},{"damage_healed":0,"gold_gain":0,"player_choice":"Bet on Murderer","damage_taken":0,"max_hp_gain":0,"max_hp_loss":0,"event_name":"The Joust","floor":20,"gold_loss":50},{"damage_healed":0,"gold_gain":0,"player_choice":"Ignored","damage_taken":0,"max_hp_gain":0,"max_hp_loss":0,"event_name":"Ghosts","floor":27,"gold_loss":0},{"damage_healed":0,"gold_gain":0,"player_choice":"Paid Fearfully","damage_taken":0,"max_hp_gain":0,"max_hp_loss":0,"event_name":"Masked Bandits","floor":31,"gold_loss":43}],"is_beta":false,"boss_relics":[{"not_picked":["Runic Dome","White Beast Statue"],"picked":"Runic Pyramid"}],"items_purged_floors":[22,29],"is_endless":false,"potions_floor_spawned":[11,16,21,24],"killed_by":"Collector","ascension_level":0}