{"gold_per_floor":[118,118,145,158,176,205,217,246,258,600,630,642],"floor_reached":12,"playtime":579,"items_purged":[],"score":95,"play_id":"7dfb9bc5-d15f-4ce3-bea0-72be9e207c8b","local_time":"20190226201046","is_ascension_mode":true,"campfire_choices":[],"neow_cost":"TEN_PERCENT_HP_LOSS","seed_source_timestamp":168501095202935,"circlet_count":0,"master_deck":["Strike_R","Strike_R","Strike_R","Strike_R","Defend_R","Defend_R","Defend_R","Defend_R","Bash","Feed","Spot Weakness","Shrug It Off","Body Slam"],"relics":["Burning Blood","Vajra","MawBank","Blood Vial","Darkstone Periapt","Old Coin"],"potions_floor_usage":[6,12],"damage_taken":[{"damage":0,"enemies":"2 Louse","floor":1,"turns":4},{"damage":18,"enemies":"Jaw Worm","floor":4,"turns":4},{"damage":1,"enemies":"Cultist","floor":5,"turns":3},{"damage":53,"enemies":"Lagavulin","floor":6,"turns":7},{"damage":9,"enemies":"3 Louse","floor":8,"turns":4},{"damage":22,"enemies":"Gremlin Nob","floor":10,"turns":4},{"damage":4,"enemies":"Gremlin Gang","floor":11,"turns":6},{"damage":36,"enemies":"Lagavulin","floor":12,"turns":5}],"seed_played":"3813913855278384493","potions_obtained":[{"floor":4,"key":"SteroidPotion"},{"floor":5,"key":"Weak Potion"},{"floor":11,"key":"SteroidPotion"}],"is_trial":false,"path_per_floor":["M","?","T","M","M","E","?","M","T","E","M","E"],"character_chosen":"IRONCLAD","items_purchased":[],"campfire_rested":0,"item_purchase_floors":[],"current_hp_per_floor":[75,68,68,59,67,23,23,25,25,14,21,0],"gold":642,"neow_bonus":"THREE_RARE_CARDS","is_prod":false,"is_daily":false,"chose_seed":false,"campfire_upgraded":0,"win_rate":0,"timestamp":1551229846,"path_taken":["M","?","?","?","M","E","?","?","T","E","M","E"],"build_version":"2019-01-23","purchased_purges":0,"victory":false,"max_hp_per_floor":[75,75,75,78,81,84,84,87,87,90,93,93],"card_choices":[{"not_picked":["Limit Break","Brutality"],"picked":"Feed","floor":0},{"not_picked":["Headbutt","Power Through","True Grit"],"picked":"SKIP","floor":1},{"not_picked":["Wild Strike","Bloodletting","Havoc"],"picked":"SKIP","floor":4},{"not_picked":["Heavy Blade","Perfected Strike","Cleave"],"picked":"SKIP","floor":5},{"not_picked":["Perfected Strike","Heavy Blade"],"picked":"Spot Weakness","floor":6},{"not_picked":["Havoc","Thunderclap","Infernal Blade"],"picked":"SKIP","floor":8},{"not_picked":["Dark Embrace","Thunderclap"],"picked":"Shrug It Off","floor":10},{"not_picked":["Havoc","Pommel Strike"],"picked":"Body Slam","floor":11}],"player_experience":82965,"relics_obtained":[{"floor":3,"key":"Vajra"},{"floor":6,"key":"MawBank"},{"floor":9,"key":"Darkstone Periapt"},{"floor":10,"key":"Old Coin"}],"event_choices":[{"cards_removed":["Strike_R"],"damage_healed":0,"gold_gain":0,"player_choice":"Card Removal","damage_taken":7,"max_hp_gain":0,"max_hp_loss":0,"event_name":"Golden Wing","floor":2,"gold_loss":0},{"damage_healed":0,"gold_gain":0,"player_choice":"Gave Potion","damage_taken":0,"relics_obtained":["Blood Vial"],"max_hp_gain":0,"max_hp_loss":0,"event_name":"WeMeetAgain","floor":7,"gold_loss":0}],"is_beta":false,"boss_relics":[],"items_purged_floors":[],"is_endless":false,"potions_floor_spawned":[4,5,11],"killed_by":"Lagavulin","ascension_level":1}