{"gold_per_floor":[367,6,6,30,53,65,91,115,151,193,8,20,20,32,32,32],"floor_reached":16,"playtime":1091,"items_purged":["Regret"],"score":204,"play_id":"c7de7416-d324-4715-be77-21aaf958d03f","local_time":"20190211000321","is_ascension_mode":true,"campfire_choices":[{"data":"Zap","floor":6,"key":"SMITH"},{"data":"Consume","floor":13,"key":"SMITH"},{"data":"Redo","floor":15,"key":"SMITH"}],"neow_cost":"TEN_PERCENT_HP_LOSS","seed_source_timestamp":1420824804544800,"circlet_count":0,"master_deck":["AscendersBane","Strike_B","Strike_B","Strike_B","Strike_B","Defend_B","Defend_B","Defend_B","Defend_B","Zap+1","Dualcast","Go for the Eyes","Self Repair","Rebound","Conserve Battery","Redo+1","Darkness","Beam Cell","Melter","Genetic Algorithm","Consume+1","FTL"],"relics":["Cracked Core","ClockworkSouvenir","Happy Flower","MawBank","Orichalcum","Meat on the Bone"],"potions_floor_usage":[10,16],"damage_taken":[{"damage":1,"enemies":"Cultist","floor":1,"turns":3},{"damage":11,"enemies":"Jaw Worm","floor":5,"turns":4},{"damage":2,"enemies":"2 Louse","floor":7,"turns":2},{"damage":19,"enemies":"Large Slime","floor":8,"turns":7},{"damage":10,"enemies":"3 Sentries","floor":10,"turns":6},{"damage":26,"enemies":"Gremlin Gang","floor":12,"turns":4},{"damage":13,"enemies":"Blue Slaver","floor":14,"turns":4},{"damage":41,"enemies":"Hexaghost","floor":16,"turns":9}],"seed_played":"795341121808405282","potions_obtained":[{"floor":1,"key":"AttackPotion"},{"floor":14,"key":"Dexterity Potion"}],"is_trial":false,"path_per_floor":["M","$","?","T","M","R","M","M","T","E","$","M","R","M","R","B"],"character_chosen":"DEFECT","items_purchased":["Self Repair","ClockworkSouvenir","Rebound","Melter","Genetic Algorithm"],"campfire_rested":0,"item_purchase_floors":[2,2,2,11,11],"current_hp_per_floor":[63,63,63,63,59,59,57,45,45,42,42,35,35,41,41,0],"gold":32,"neow_bonus":"TWO_FIFTY_GOLD","is_prod":false,"is_daily":false,"chose_seed":false,"campfire_upgraded":3,"win_rate":0,"timestamp":1549872201,"path_taken":["M","$","?","?","?","R","M","M","T","E","$","M","R","M","R","BOSS"],"build_version":"2019-02-06","purchased_purges":1,"victory":false,"max_hp_per_floor":[64,64,64,64,64,64,64,64,64,64,64,64,64,64,64,64],"card_choices":[{"not_picked":["Double Energy","Lockon"],"picked":"Go for the Eyes","floor":1},{"not_picked":["Barrage","Capacitor"],"picked":"Conserve Battery","floor":5},{"not_picked":["Storm","Double Energy"],"picked":"Redo","floor":7},{"not_picked":["Leap","Steam"],"picked":"Darkness","floor":8},{"not_picked":["Storm","Blizzard"],"picked":"Beam Cell","floor":10},{"not_picked":["Redo","Hologram"],"picked":"Consume","floor":12},{"not_picked":["Double Energy","Scrape"],"picked":"FTL","floor":14}],"player_experience":3258244,"relics_obtained":[{"floor":4,"key":"MawBank"},{"floor":9,"key":"Orichalcum"},{"floor":10,"key":"Meat on the Bone"}],"event_choices":[{"damage_healed":0,"gold_gain":0,"player_choice":"Box","damage_taken":0,"relics_obtained":["Happy Flower"],"max_hp_gain":0,"max_hp_loss":0,"event_name":"Big Fish","floor":3,"gold_loss":0,"cards_obtained":["Regret"]}],"is_beta":true,"boss_relics":[],"items_purged_floors":[11],"is_endless":false,"potions_floor_spawned":[1,14],"killed_by":"Hexaghost","ascension_level":20}