{"gold_per_floor":[215,225,238,257,274,274,290,290,290,290,306,306,231,265,277,388,400,432,31,49,49,68,68,79,79,79,95,113,113,147,147,147,147],"floor_reached":33,"playtime":893,"items_purged":["Strike_R","Strike_R"],"score":271,"play_id":"55c69fd3-d8d4-4493-bcc7-4a84716f51b8","local_time":"20190410144100","is_ascension_mode":false,"campfire_choices":[{"data":"Armaments","floor":6.0,"key":"SMITH"},{"data":"Bash","floor":8.0,"key":"SMITH"},{"data":"Disarm","floor":10.0,"key":"SMITH"},{"data":"Carnage","floor":12.0,"key":"SMITH"},{"data":"True Grit","floor":15,"key":"SMITH"},{"data":"Double Tap","floor":23,"key":"SMITH"},{"data":"Berserk","floor":25,"key":"SMITH"},{"data":"Flame Barrier","floor":29,"key":"SMITH"},{"data":"Infernal Blade","floor":32,"key":"SMITH"}],"neow_cost":"NONE","seed_source_timestamp":11462930612757,"circlet_count":0,"master_deck":["Strike_R","Strike_R","Strike_R","Defend_R","Defend_R","Defend_R","Defend_R","Bash+1","Infernal Blade+1","Heavy Blade","Headbutt","Armaments+1","Disarm+1","Carnage+1","True Grit+1","Berserk+1","Flame Barrier+1","Exhume","Twin Strike","Double Tap+1","Clothesline+1","True Grit+1","Infernal Blade","Battle Trance"],"special_seed":0,"relics":["Burning Blood","Blue Candle","MawBank","Sozu","Happy Flower","Pantograph","Sundial","FaceOfCleric"],"potions_floor_usage":[14,16,30],"damage_taken":[{"damage":1.0,"enemies":"Cultist","floor":1.0,"turns":3.0},{"damage":0.0,"enemies":"Small Slimes","floor":2.0,"turns":3.0},{"damage":1.0,"enemies":"Jaw Worm","floor":3.0,"turns":3.0},{"damage":21.0,"enemies":"2 Fungi Beasts","floor":4.0,"turns":3.0},{"damage":22.0,"enemies":"Red Slaver","floor":5.0,"turns":5.0},{"damage":7.0,"enemies":"Exordium Wildlife","floor":7.0,"turns":5.0},{"damage":8.0,"enemies":"Large Slime","floor":11.0,"turns":6.0},{"damage":16,"enemies":"Gremlin Nob","floor":14,"turns":3},{"damage":8,"enemies":"Hexaghost","floor":16,"turns":11},{"damage":0,"enemies":"Chosen","floor":18,"turns":4},{"damage":2,"enemies":"Spheric Guardian","floor":20,"turns":3},{"damage":19,"enemies":"Cultist and Chosen","floor":22,"turns":7},{"damage":13,"enemies":"Centurion and Healer","floor":24,"turns":4},{"damage":6,"enemies":"Shelled Parasite and Fungi","floor":27,"turns":5},{"damage":21,"enemies":"Snake Plant","floor":28,"turns":5},{"damage":17,"enemies":"Slavers","floor":30,"turns":4},{"damage":60,"enemies":"Collector","floor":33,"turns":8}],"seed_played":"-6366546556782628503","potions_obtained":[{"floor":3.0,"key":"Strength Potion"},{"floor":5.0,"key":"FearPotion"},{"floor":14,"key":"Fire Potion"},{"floor":16,"key":"SteroidPotion"}],"is_trial":false,"path_per_floor":["M","M","M","M","M","R","M","R","T","R","M","R","$","E","R","B",null,"M","$","M","?","M","R","M","R","T","M","M","R","E","?","R","B"],"character_chosen":"IRONCLAD","items_purchased":["Exhume","Happy Flower"],"campfire_rested":0,"item_purchase_floors":[19,19],"current_hp_per_floor":[80,80,80,65,49,49,48,48,48,48,46,46,46,36,36,34,80,80,80,80,80,67,67,60,60,60,60,45,45,34,34,34,0],"gold":147,"neow_bonus":"HUNDRED_GOLD","is_prod":false,"is_daily":false,"chose_seed":false,"campfire_upgraded":9,"win_rate":0,"timestamp":1554928860,"path_taken":["M","M","?","M","M","R","M","R","T","R","M","R","$","E","R","BOSS","M","$","M","?","M","R","M","R","T","M","?","R","E","?","R","BOSS"],"build_version":"2019-01-23","purchased_purges":2,"victory":false,"max_hp_per_floor":[80,80,80,80,80,80,80,80,80,80,80,80,80,80,80,80,80,80,80,80,80,80,80,80,80,80,80,80,80,80,80,80,80],"card_choices":[{"not_picked":["Iron Wave","Rampage"],"picked":"Infernal Blade","floor":1.0},{"not_picked":["Shrug It Off","Corruption"],"picked":"Heavy Blade","floor":2.0},{"not_picked":["Heavy Blade","True Grit"],"picked":"Headbutt","floor":3.0},{"not_picked":["Pummel","Entrench"],"picked":"Armaments","floor":4.0},{"not_picked":["Wild Strike","Havoc","Impervious"],"picked":"SKIP","floor":5.0},{"not_picked":["Clothesline","Twin Strike"],"picked":"Disarm","floor":7.0},{"not_picked":["Anger","Intimidate"],"picked":"Carnage","floor":11.0},{"not_picked":["Rampage","Clash"],"picked":"True Grit","floor":14},{"not_picked":["Barricade","Impervious"],"picked":"Berserk","floor":16},{"not_picked":["Rampage","Armaments"],"picked":"Flame Barrier","floor":18},{"not_picked":["Anger","Heavy Blade"],"picked":"Twin Strike","floor":20},{"not_picked":["Flex","Shrug It Off"],"picked":"Double Tap","floor":22},{"not_picked":["Rage+1","Evolve"],"picked":"Clothesline+1","floor":24},{"not_picked":["Iron Wave+1","Burning Pact"],"picked":"True Grit+1","floor":27},{"not_picked":["Thunderclap","Twin Strike"],"picked":"Infernal Blade","floor":28},{"not_picked":["Shrug It Off","Evolve"],"picked":"Battle Trance","floor":30}],"player_experience":1173695,"relics_obtained":[{"floor":9.0,"key":"Blue Candle"},{"floor":14,"key":"MawBank"},{"floor":26,"key":"Pantograph"},{"floor":30,"key":"Sundial"}],"event_choices":[{"damage_healed":0,"gold_gain":0,"player_choice":"Ignored","damage_taken":0,"max_hp_gain":0,"max_hp_loss":0,"event_name":"NoteForYourself","floor":21,"gold_loss":0},{"damage_healed":0,"gold_gain":0,"player_choice":"Trade","damage_taken":0,"relics_obtained":["FaceOfCleric"],"max_hp_gain":0,"max_hp_loss":0,"event_name":"FaceTrader","floor":31,"gold_loss":0}],"is_beta":false,"boss_relics":[{"not_picked":["Busted Crown","Philosopher\u0027s Stone"],"picked":"Sozu"}],"items_purged_floors":[13,19],"is_endless":false,"potions_floor_spawned":[3,5,14,16,20,28],"killed_by":"Collector","ascension_level":0}