{"gold_per_floor":[110,122,122,47,62,88,88,88,115,115],"floor_reached":10,"playtime":369,"items_purged":[],"score":125,"play_id":"c60ce3b5-19e7-4548-855d-f55440b44b57","local_time":"20190329100013","is_ascension_mode":true,"campfire_choices":[{"data":"Rampage","floor":7,"key":"SMITH"}],"neow_cost":"PERCENT_DAMAGE","seed_source_timestamp":198185946448674,"circlet_count":0,"master_deck":["AscendersBane","Strike_R","Strike_R","Strike_R","Defend_R","Defend_R","Defend_R","Bash","Rampage+1","Headbutt","Warcry"],"relics":["Burning Blood","Boot","Golden Idol","Potion Belt"],"potions_floor_usage":[6,10],"damage_taken":[{"damage":8,"enemies":"2 Louse","floor":1,"turns":3},{"damage":8,"enemies":"Small Slimes","floor":2,"turns":5},{"damage":1,"enemies":"Cultist","floor":5,"turns":3},{"damage":8,"enemies":"Gremlin Nob","floor":6,"turns":3},{"damage":50,"enemies":"3 Sentries","floor":10,"turns":9}],"seed_played":"-6692314960526504757","potions_obtained":[{"floor":1,"key":"Swift Potion"},{"floor":5,"key":"Explosive Potion"}],"is_trial":false,"path_per_floor":["M","M","?","?","M","E","R","?","T","E"],"character_chosen":"IRONCLAD","items_purchased":[],"campfire_rested":0,"item_purchase_floors":[],"current_hp_per_floor":[48,46,46,46,51,49,49,49,49,0],"gold":115,"neow_bonus":"REMOVE_TWO","is_prod":false,"is_daily":false,"chose_seed":false,"campfire_upgraded":1,"win_rate":0,"timestamp":1553878813,"path_taken":["M","M","?","?","M","E","R","?","T","E"],"build_version":"2019-01-23","purchased_purges":0,"victory":false,"max_hp_per_floor":[75,75,75,75,75,75,75,68,68,68],"card_choices":[{"not_picked":["Cleave","Seeing Red"],"picked":"Rampage","floor":1},{"not_picked":["Wild Strike","Clothesline"],"picked":"Headbutt","floor":2},{"not_picked":["Clothesline","Heavy Blade"],"picked":"Warcry","floor":5},{"not_picked":["Ghostly Armor","Thunderclap","Combust"],"picked":"SKIP","floor":6}],"player_experience":635802,"relics_obtained":[{"floor":6,"key":"Boot"},{"floor":9,"key":"Potion Belt"}],"event_choices":[{"damage_healed":0,"gold_gain":0,"player_choice":"Ignored","damage_taken":0,"max_hp_gain":0,"max_hp_loss":0,"event_name":"Liars Game","floor":3,"gold_loss":0},{"cards_removed":["Strike_R"],"damage_healed":0,"gold_gain":0,"player_choice":"Card Removal","damage_taken":0,"max_hp_gain":0,"max_hp_loss":0,"event_name":"The Cleric","floor":4,"gold_loss":75},{"damage_healed":0,"gold_gain":0,"player_choice":"Lose Max HP","damage_taken":0,"relics_obtained":["Golden Idol"],"max_hp_gain":0,"max_hp_loss":7,"event_name":"Golden Idol","floor":8,"gold_loss":0}],"is_beta":false,"boss_relics":[],"items_purged_floors":[],"is_endless":false,"potions_floor_spawned":[1,5],"killed_by":"3 Sentries","ascension_level":18}