{"gold_per_floor":[111,186,186,206,224,255,269,303,303,129,129,146,146,111,111,230,230,251,251,270,286,286,316,316,349,349,360,285,40,40,55,55,156,156,170,37,37,61,61,61,91,91,91,108,108,0,18,18],"floor_reached":48,"playtime":3479,"items_purged":["Pain","Strike_R"],"score":607,"play_id":"cae35ad5-929e-4652-9d0a-ab0831ce4022","local_time":"20190305003813","is_ascension_mode":true,"campfire_choices":[{"floor":11,"key":"REST"},{"data":"Evolve","floor":15,"key":"SMITH"},{"floor":24,"key":"REST"},{"floor":32,"key":"REST"},{"data":"Feel No Pain","floor":40,"key":"SMITH"},{"data":"Anger","floor":45,"key":"SMITH"}],"neow_cost":"NONE","seed_source_timestamp":102796921995935,"circlet_count":0,"master_deck":["Strike_R","Strike_R","Strike_R","Strike_R","Defend_R","Defend_R","Defend_R","Defend_R","Bash","Evolve+1","Reckless Charge","Anger+1","Battle Trance","Seeing Red","Power Through+1","Flex+1","Shrug It Off+1","Impervious+1","Wild Strike+1","Flex+1","True Grit+1","Burning Pact+1","Seeing Red+1","Exhume+1","Feel No Pain+1","Dramatic Entrance"],"relics":["Burning Blood","Blood Vial","WarpedTongs","Boot","Sundial","Toxic Egg 2","Bloody Idol","Cursed Key","Singing Bowl","Vajra","Bottled Lightning","Omamori","Enchiridion","Busted Crown","PreservedInsect","Happy Flower","Pocketwatch","Red Mask"],"potions_floor_usage":[8,8,25,33,33,36],"damage_taken":[{"damage":14,"enemies":"Jaw Worm","floor":1,"turns":3},{"damage":2,"enemies":"Cultist","floor":4,"turns":3},{"damage":8,"enemies":"2 Louse","floor":5,"turns":3},{"damage":35,"enemies":"Gremlin Nob","floor":6,"turns":4},{"damage":11,"enemies":"Looter","floor":7,"turns":2},{"damage":31,"enemies":"Lagavulin","floor":8,"turns":5},{"damage":23,"enemies":"Gremlin Gang","floor":12,"turns":4},{"damage":10,"enemies":"Slime Boss","floor":16,"turns":6},{"damage":1,"enemies":"3 Byrds","floor":18,"turns":5},{"damage":6,"enemies":"2 Thieves","floor":20,"turns":4},{"damage":33,"enemies":"Sentry and Sphere","floor":21,"turns":6},{"damage":35,"enemies":"Slavers","floor":23,"turns":7},{"damage":25,"enemies":"Gremlin Leader","floor":25,"turns":7},{"damage":20,"enemies":"Cultist and Chosen","floor":27,"turns":7},{"damage":8,"enemies":"Snake Plant","floor":31,"turns":3},{"damage":3,"enemies":"Champ","floor":33,"turns":11},{"damage":0,"enemies":"3 Shapes","floor":35,"turns":4},{"damage":35,"enemies":"Nemesis","floor":41,"turns":7},{"damage":0,"enemies":"Orb Walker","floor":44,"turns":3},{"damage":0,"enemies":"Jaw Worm Horde","floor":47,"turns":4},{"damage":111,"enemies":"Reptomancer","floor":48,"turns":4}],"seed_played":"7715518038072359973","potions_obtained":[{"floor":1,"key":"GamblersBrew"},{"floor":5,"key":"Swift Potion"},{"floor":7,"key":"Regen Potion"},{"floor":16,"key":"FearPotion"},{"floor":18,"key":"Energy Potion"},{"floor":21,"key":"AttackPotion"}],"is_trial":false,"path_per_floor":["M","?","?","M","M","E","M","E","T","$","R","M","?","?","R","B",null,"M","?","M","M","?","E","R","E","T","M","?","$","?","M","R","B",null,"M","$","?","T","?","R","E","$","T","M","R","?","M","E"],"character_chosen":"IRONCLAD","items_purchased":["Power Through+1","Flex+1","Omamori","Feel No Pain","Fruit Juice"],"campfire_rested":3,"item_purchase_floors":[10,10,29,36,36],"current_hp_per_floor":[72,61,61,67,67,40,37,23,23,23,47,32,32,50,50,48,74,74,74,74,47,47,25,47,37,37,32,32,32,16,21,44,54,78,80,85,81,81,81,81,59,59,59,74,74,74,87,0],"gold":18,"neow_bonus":"RANDOM_COMMON_RELIC","is_prod":false,"is_daily":false,"chose_seed":false,"campfire_upgraded":3,"win_rate":0,"timestamp":1551764293,"path_taken":["M","?","?","M","M","E","M","E","T","$","R","?","?","?","R","BOSS","M","?","?","M","?","E","R","E","T","M","?","$","?","M","R","BOSS","M","$","?","?","?","R","E","?","T","M","R","?","?","E"],"build_version":"2019-01-23","purchased_purges":2,"victory":false,"max_hp_per_floor":[80,80,80,80,80,80,80,80,80,80,80,80,74,74,74,74,74,74,74,74,74,74,74,74,76,76,78,78,78,78,78,78,78,78,80,85,81,81,81,81,83,83,83,85,85,85,87,87],"card_choices":[{"not_picked":["Warcry","Second Wind"],"picked":"Evolve","floor":1},{"not_picked":["Power Through","Flex"],"picked":"Reckless Charge","floor":4},{"not_picked":["Pommel Strike","Clothesline"],"picked":"Anger","floor":5},{"not_picked":["Heavy Blade","Disarm","Whirlwind"],"picked":"SKIP","floor":6},{"not_picked":["Rage","Infernal Blade"],"picked":"Battle Trance","floor":7},{"not_picked":["Anger","Body Slam"],"picked":"Seeing Red","floor":8},{"not_picked":["Headbutt","Searing Blow"],"picked":"Shrug It Off+1","floor":12},{"not_picked":["Reaper","Feed"],"picked":"Impervious+1","floor":16},{"not_picked":["Pummel","Perfected Strike"],"picked":"Wild Strike+1","floor":18},{"not_picked":["Perfected Strike+1","Twin Strike"],"picked":"Flex+1","floor":20},{"not_picked":["Warcry+1","Shrug It Off+1"],"picked":"True Grit+1","floor":21},{"not_picked":["Body Slam","Reaper"],"picked":"Burning Pact+1","floor":23},{"not_picked":["Infernal Blade+1","Clothesline","Armaments+1"],"picked":"Singing Bowl","floor":25},{"not_picked":["Shrug It Off+1","Flame Barrier+1","Wild Strike"],"picked":"Singing Bowl","floor":27},{"not_picked":["Armaments+1","Havoc+1"],"picked":"Seeing Red+1","floor":31},{"not_picked":["Fiend Fire","Feed"],"picked":"Exhume+1","floor":33},{"not_picked":["Iron Wave"],"picked":"Singing Bowl","floor":35},{"not_picked":[],"picked":"Dramatic Entrance","floor":39},{"not_picked":["Reaper"],"picked":"Singing Bowl","floor":41},{"not_picked":["True Grit+1"],"picked":"Singing Bowl","floor":44},{"not_picked":["Feel No Pain"],"picked":"Singing Bowl","floor":47}],"player_experience":104527,"relics_obtained":[{"floor":6,"key":"Boot"},{"floor":8,"key":"Sundial"},{"floor":9,"key":"Toxic Egg 2"},{"floor":23,"key":"Singing Bowl"},{"floor":25,"key":"Vajra"},{"floor":26,"key":"Bottled Lightning"},{"floor":30,"key":"Enchiridion"},{"floor":38,"key":"PreservedInsect"},{"floor":41,"key":"Happy Flower"},{"floor":43,"key":"Pocketwatch"}],"event_choices":[{"damage_healed":0,"gold_gain":75,"player_choice":"Gather Gold","damage_taken":11,"max_hp_gain":0,"max_hp_loss":0,"event_name":"World of Goop","floor":2,"gold_loss":0},{"damage_healed":0,"gold_gain":0,"player_choice":"Rummage","damage_taken":0,"relics_obtained":["WarpedTongs"],"max_hp_gain":0,"max_hp_loss":0,"event_name":"Accursed Blacksmith","floor":3,"gold_loss":0,"cards_obtained":["Pain"]},{"damage_healed":0,"gold_gain":0,"player_choice":"Lose Max HP","damage_taken":0,"relics_obtained":["Golden Idol"],"max_hp_gain":0,"max_hp_loss":6,"event_name":"Golden Idol","floor":13,"gold_loss":0},{"damage_healed":18,"gold_gain":0,"player_choice":"Healed","damage_taken":0,"max_hp_gain":0,"max_hp_loss":0,"event_name":"The Cleric","floor":14,"gold_loss":35},{"damage_healed":0,"gold_gain":0,"player_choice":"0 cards matched","damage_taken":0,"max_hp_gain":0,"max_hp_loss":0,"event_name":"Match and Keep!","floor":19,"gold_loss":0,"cards_obtained":[]},{"damage_healed":0,"gold_gain":0,"player_choice":"Gave Idol","damage_taken":0,"relics_obtained":["Bloody Idol"],"max_hp_gain":0,"max_hp_loss":0,"event_name":"Forgotten Altar","floor":22,"relics_lost":["Golden Idol"],"gold_loss":0},{"cards_removed":["Doubt"],"damage_healed":0,"gold_gain":0,"player_choice":"Gave Gold","damage_taken":0,"max_hp_gain":0,"max_hp_loss":0,"event_name":"Beggar","floor":28,"gold_loss":75},{"damage_healed":0,"gold_gain":0,"player_choice":"Obtained Book","damage_taken":16,"max_hp_gain":0,"max_hp_loss":0,"event_name":"Cursed Tome","floor":30,"gold_loss":0},{"damage_healed":0,"gold_gain":0,"player_choice":"Max HP","damage_taken":0,"max_hp_gain":0,"max_hp_loss":4,"event_name":"Winding Halls","floor":37,"gold_loss":0},{"damage_healed":0,"gold_gain":0,"player_choice":"Memory 1","damage_taken":0,"max_hp_gain":0,"max_hp_loss":0,"event_name":"SensoryStone","floor":39,"gold_loss":0},{"damage_healed":0,"gold_gain":0,"player_choice":"Paid","damage_taken":0,"relics_obtained":["Red Mask"],"max_hp_gain":0,"max_hp_loss":0,"event_name":"Tomb of Lord Red Mask","floor":46,"gold_loss":108}],"is_beta":false,"boss_relics":[{"not_picked":["White Beast Statue","Runic Cube"],"picked":"Cursed Key"},{"not_picked":["Orrery","Sozu"],"picked":"Busted Crown"}],"items_purged_floors":[10,29],"is_endless":false,"potions_floor_spawned":[1,5,7,16,18,21],"killed_by":"Reptomancer","ascension_level":3}