{"path_per_floor":["M","M","?","M","M","R","M","?","T","M","E","?","M","M","R","B",null,"M","M","$","?","$","M","R","M","T"],"character_chosen":"DEFECT","items_purchased":["Frozen Egg 2","Leap","Poison Potion"],"gold_per_floor":[116,134,134,154,166,166,177,177,177,190,221,221,240,255,255,360,360,379,396,58,58,58,75,75,85,139,139],"floor_reached":27,"campfire_rested":3,"playtime":1846,"item_purchase_floors":[20,20,20],"current_hp_per_floor":[75,75,75,75,48,70,66,66,76,62,46,46,46,38,63,63,85,50,35,35,35,35,14,39,3,3,0],"items_purged":[],"gold":139,"score":269,"play_id":"141b6bbd-882e-4f09-b705-494d49126181","local_time":"20180615080627","is_prod":false,"is_daily":false,"chose_seed":false,"is_ascension_mode":false,"campfire_upgraded":0,"win_rate":0.0,"timestamp":1529064387,"campfire_choices":[{"floor":6,"key":"REST"},{"floor":15,"key":"REST"},{"floor":24,"key":"REST"}],"path_taken":["M","M","?","M","M","R","M","?","T","?","E","?","M","M","R","BOSS","M","M","$","?","$","M","R","M","T","E"],"build_version":"2018-06-14v2","seed_source_timestamp":0,"purchased_purges":0,"victory":false,"master_deck":["Strike_B","Strike_B","Strike_B","Strike_B","Defend_B+1","Defend_B","Defend_B","Defend_B","Zap+1","Leap","Barrage","Streamline","Hologram","Rebound","Capacitor","Rebound","Ball Lightning","Buffer","Defragment","Redo","Seek","Auto Shields","Hologram+1","Leap","Streamline","Melter"],"max_hp_per_floor":[75,75,75,75,75,75,75,75,85,85,85,85,85,85,85,85,85,85,85,85,85,85,85,85,85,85,85],"special_seed":0,"relics":["Cracked Core","Pear","Ornamental Fan","Fusion Hammer","Frozen Egg 2","Boot"],"card_choices":[{"not_picked":["White Noise","Sunder"],"picked":"Leap","floor":0.0},{"not_picked":["Gash","Force Field"],"picked":"Barrage","floor":1.0},{"not_picked":["Cold Snap","Barrage"],"picked":"Streamline","floor":2},{"not_picked":["Gash","Compile Driver"],"picked":"Hologram","floor":4},{"not_picked":["Cold Snap","Coolheaded"],"picked":"Rebound","floor":5},{"not_picked":["Fusion","Gash"],"picked":"Capacitor","floor":7},{"not_picked":["Stack","Meteor Strike"],"picked":"Rebound","floor":10},{"not_picked":["Steam","Steam Power"],"picked":"Ball Lightning","floor":11},{"not_picked":["Skim","Beam Cell"],"picked":"Defragment","floor":13},{"not_picked":["Barrage","Turbo"],"picked":"Redo","floor":14},{"not_picked":["Rainbow","Meteor Strike"],"picked":"Seek","floor":16},{"not_picked":["Fusion","Hello World"],"picked":"Auto Shields","floor":18},{"not_picked":["Consume+1","Fusion"],"picked":"Hologram+1","floor":19},{"not_picked":["Tempest","Coolheaded"],"picked":"Streamline","floor":23},{"not_picked":["Beam Cell","Steam+1"],"picked":"Melter","floor":25}],"player_experience":39221,"potions_floor_usage":[11,19,25,25,27,27],"damage_taken":[{"damage":0.0,"enemies":"Small Slimes","floor":1.0,"turns":4.0},{"damage":0,"enemies":"Cultist","floor":2,"turns":3},{"damage":0,"enemies":"2 Louse","floor":4,"turns":2},{"damage":27,"enemies":"Exordium Thugs","floor":5,"turns":6},{"damage":4,"enemies":"Red Slaver","floor":7,"turns":4},{"damage":14,"enemies":"3 Louse","floor":10,"turns":4},{"damage":16,"enemies":"Gremlin Nob","floor":11,"turns":4},{"damage":0,"enemies":"Gremlin Gang","floor":13,"turns":4},{"damage":8,"enemies":"Red Slaver","floor":14,"turns":3},{"damage":0,"enemies":"Slime Boss","floor":16,"turns":5},{"damage":35,"enemies":"Chosen","floor":18,"turns":5},{"damage":15,"enemies":"3 Byrds","floor":19,"turns":4},{"damage":21,"enemies":"Snecko","floor":23,"turns":4},{"damage":36,"enemies":"Slaver and Parasite","floor":25,"turns":6},{"damage":8,"enemies":"Book of Stabbing","floor":27,"turns":2}],"relics_obtained":[{"floor":9,"key":"Pear"},{"floor":11,"key":"Ornamental Fan"},{"floor":26,"key":"Boot"}],"event_choices":[{"event_name":"Accursed Blacksmith","player_choice":"Forge","floor":3,"damage_taken":0},{"event_name":"Living Wall","player_choice":"Grow","floor":8,"damage_taken":0},{"event_name":"Transmorgrifier","player_choice":"Transform","floor":12,"damage_taken":0},{"event_name":"Beggar","player_choice":"Ignored","floor":21,"damage_taken":0}],"boss_relics":[{"not_picked":["Snecko Eye","Runic Pyramid"],"picked":"Fusion Hammer"}],"items_purged_floors":[],"is_endless":false,"potions_floor_spawned":[4,10,14,16,23,25],"seed_played":"7783958241923125770","killed_by":"Book of Stabbing","ascension_level":0,"potions_obtained":[{"floor":4,"key":"SpeedPotion"},{"floor":10,"key":"Swift Potion"},{"floor":14,"key":"Strength Potion"},{"floor":16,"key":"Fire Potion"},{"floor":23,"key":"Fire Potion"},{"floor":25,"key":"Ancient Potion"}],"is_trial":false}