{"gold_per_floor":[114,114,41,116,116,116,41,57,102,102,112,177,189,204,204,305,305,321,321,64,64,76,88,100,112,124,165,204,216,245,268,280,390,402,424,126,126,126,177,177,177,177,200,216,216,227,227,238,238,238],"floor_reached":50,"playtime":5443,"items_purged":["Strike_R"],"score":551,"play_id":"5aec3c69-6d20-414b-88e3-c2e039239380","local_time":"20190331143810","is_ascension_mode":true,"campfire_choices":[{"data":"Shockwave","floor":6,"key":"SMITH"},{"data":"Hemokinesis","floor":10,"key":"SMITH"},{"floor":15,"key":"REST"},{"data":"Reaper","floor":23,"key":"SMITH"},{"data":"Spot Weakness","floor":24,"key":"SMITH"},{"data":"Spot Weakness","floor":25,"key":"SMITH"},{"data":"Armaments","floor":32,"key":"SMITH"},{"floor":40,"key":"REST"},{"floor":42,"key":"REST"},{"floor":47,"key":"REST"},{"floor":49,"key":"REST"}],"neow_cost":"CURSE","seed_source_timestamp":488742528367246,"circlet_count":0,"master_deck":["Strike_R","Strike_R","Strike_R","Defend_R","Defend_R","Defend_R","Defend_R","Bash","Hemokinesis+1","Shockwave+1","Ghostly Armor","Inflame","Pommel Strike","Spot Weakness+1","Reaper+1","Spot Weakness+1","Inflame+1","Shrug It Off","Evolve+1","Hemokinesis+1","Armaments+1","Heavy Blade","Limit Break","Battle Trance+1","Inflame+1","Rupture+1","Normality","Pain","Seeing Red+1","Writhe","Parasite","Armaments+1"],"relics":["Burning Blood","Du-Vu Doll","Vajra","Lantern","Tiny Chest","Calling Bell","Orichalcum","Frozen Egg 2","WingedGreaves","Juzu Bracelet","MawBank","Champion Belt","The Courier","Cursed Key","Gremlin Horn","Art of War","FossilizedHelix","Anchor"],"potions_floor_usage":[16,16,33,33,39,39,44,50],"damage_taken":[{"damage":4,"enemies":"Small Slimes","floor":1,"turns":3},{"damage":4,"enemies":"2 Louse","floor":8,"turns":3},{"damage":13,"enemies":"Jaw Worm","floor":11,"turns":3},{"damage":39,"enemies":"Gremlin Nob","floor":12,"turns":4},{"damage":18,"enemies":"Gremlin Gang","floor":13,"turns":6},{"damage":0,"enemies":"Blue Slaver","floor":14,"turns":2},{"damage":29,"enemies":"Hexaghost","floor":16,"turns":6},{"damage":48,"enemies":"2 Thieves","floor":18,"turns":4},{"damage":43,"enemies":"Gremlin Leader","floor":27,"turns":6},{"damage":20,"enemies":"3 Byrds","floor":30,"turns":7},{"damage":9,"enemies":"Centurion and Healer","floor":31,"turns":5},{"damage":94,"enemies":"Champ","floor":33,"turns":11},{"damage":5,"enemies":"Orb Walker","floor":35,"turns":3},{"damage":68,"enemies":"2 Orb Walkers","floor":39,"turns":5},{"damage":49,"enemies":"3 Darklings","floor":44,"turns":6},{"damage":27,"enemies":"Transient","floor":46,"turns":5},{"damage":34,"enemies":"Writhing Mass","floor":48,"turns":4},{"damage":73,"enemies":"Donu and Deca","floor":50,"turns":5}],"seed_played":"6365308556699301419","potions_obtained":[{"floor":8,"key":"Swift Potion"},{"floor":11,"key":"SteroidPotion"},{"floor":14,"key":"SteroidPotion"},{"floor":27,"key":"SpeedPotion"},{"floor":30,"key":"Weak Potion"},{"floor":33,"key":"Regen Potion"},{"floor":38,"key":"AttackPotion"},{"floor":38,"key":"EssenceOfSteel"},{"floor":39,"key":"EntropicBrew"},{"floor":44,"key":"Swift Potion"},{"floor":48,"key":"SteroidPotion"}],"is_trial":false,"path_per_floor":["M","?","$","?","?","R","$","M","T","R","M","E","M","M","R","B",null,"M","?","$","?","?","R","R","R","T","E","T","?","M","M","R","B",null,"M","$","T","?","?","R","?","R","T","M","?","M","R","M","R","B"],"character_chosen":"IRONCLAD","items_purchased":["Ghostly Armor","Juzu Bracelet","Inflame+1","Shrug It Off","Gremlin Horn","Inflame+1","Rupture+1"],"campfire_rested":5,"item_purchase_floors":[3,20,20,20,36,36,36],"current_hp_per_floor":[80,80,80,69,69,69,69,71,71,71,64,31,19,25,49,26,80,38,38,38,38,63,63,63,63,63,54,54,54,56,75,75,8,77,77,77,77,77,20,43,43,66,66,23,42,39,62,43,66,0],"gold":238,"neow_bonus":"ONE_RARE_RELIC","is_prod":false,"is_daily":false,"chose_seed":false,"campfire_upgraded":6,"win_rate":0,"timestamp":1554057490,"path_taken":["M","?","$","?","?","R","$","M","T","R","M","E","M","M","R","BOSS","M","?","$","?","?","R","R","R","T","E","?","?","M","M","R","BOSS","M","$","?","?","?","R","?","R","T","M","?","M","R","M","R","BOSS"],"build_version":"2019-01-23","purchased_purges":1,"victory":false,"max_hp_per_floor":[80,80,80,80,80,80,80,80,80,80,80,80,80,80,80,80,80,80,77,77,77,77,77,77,77,77,77,77,77,77,77,77,77,77,77,77,77,77,77,77,77,77,77,77,77,77,77,77,77,77],"card_choices":[{"not_picked":["Second Wind","Disarm"],"picked":"Hemokinesis","floor":1},{"not_picked":["Perfected Strike","Dual Wield"],"picked":"Inflame","floor":8},{"not_picked":["Cleave","Havoc"],"picked":"Pommel Strike","floor":11},{"not_picked":["Twin Strike","Warcry","Havoc"],"picked":"SKIP","floor":12},{"not_picked":["Iron Wave","Whirlwind","Perfected Strike"],"picked":"SKIP","floor":13},{"not_picked":["Sentinel","Sword Boomerang"],"picked":"Spot Weakness","floor":14},{"not_picked":["Fiend Fire","Immolate"],"picked":"Reaper","floor":16},{"not_picked":["Clash+1","Flame Barrier"],"picked":"Spot Weakness","floor":18},{"not_picked":["Headbutt+1","Sever Soul"],"picked":"Evolve+1","floor":27},{"not_picked":["Immolate","Pommel Strike"],"picked":"Armaments","floor":30},{"not_picked":["Clothesline","Whirlwind"],"picked":"Heavy Blade","floor":31},{"not_picked":["Impervious","Double Tap"],"picked":"Limit Break","floor":33},{"not_picked":["Shrug It Off","Sword Boomerang+1"],"picked":"Battle Trance+1","floor":35},{"not_picked":["Sword Boomerang","Pommel Strike"],"picked":"Seeing Red+1","floor":44},{"not_picked":["Clothesline+1","Spot Weakness+1","True Grit+1"],"picked":"SKIP","floor":46},{"not_picked":["Headbutt+1","Warcry"],"picked":"Armaments+1","floor":48}],"player_experience":186171,"relics_obtained":[{"floor":9,"key":"Lantern"},{"floor":12,"key":"Tiny Chest"},{"floor":17,"key":"Orichalcum"},{"floor":17,"key":"Frozen Egg 2"},{"floor":17,"key":"WingedGreaves"},{"floor":26,"key":"Champion Belt"},{"floor":27,"key":"The Courier"},{"floor":37,"key":"Art of War"},{"floor":39,"key":"FossilizedHelix"},{"floor":43,"key":"Anchor"}],"event_choices":[{"damage_healed":0,"gold_gain":0,"cards_transformed":["Strike_R"],"player_choice":"Change","damage_taken":0,"max_hp_gain":0,"max_hp_loss":0,"event_name":"Living Wall","floor":2,"gold_loss":0,"cards_obtained":["Shockwave"]},{"damage_healed":0,"gold_gain":75,"player_choice":"Gather Gold","damage_taken":11,"max_hp_gain":0,"max_hp_loss":0,"event_name":"World of Goop","floor":4,"gold_loss":0},{"damage_healed":0,"gold_gain":0,"player_choice":"Box","damage_taken":0,"relics_obtained":["Vajra"],"max_hp_gain":0,"max_hp_loss":0,"event_name":"Big Fish","floor":5,"gold_loss":0,"cards_obtained":["Regret"]},{"cards_removed":["Pain","Parasite","Doubt","Regret","Shame"],"damage_healed":0,"gold_gain":0,"player_choice":"Removed Curses","damage_taken":0,"max_hp_gain":0,"max_hp_loss":0,"event_name":"Fountain of Cleansing","floor":19,"gold_loss":0},{"damage_healed":0,"gold_gain":0,"player_choice":"Opened","damage_taken":0,"relics_obtained":["MawBank"],"max_hp_gain":0,"max_hp_loss":0,"event_name":"The Mausoleum","floor":21,"gold_loss":0},{"damage_healed":25,"gold_gain":0,"player_choice":"Heal","damage_taken":0,"max_hp_gain":0,"max_hp_loss":0,"event_name":"The Library","floor":22,"gold_loss":0},{"damage_healed":0,"gold_gain":0,"player_choice":"Copied","damage_taken":0,"max_hp_gain":0,"max_hp_loss":0,"event_name":"Duplicator","floor":29,"gold_loss":0,"cards_obtained":["Hemokinesis"]},{"damage_healed":0,"gold_gain":0,"player_choice":"Got Potions","damage_taken":0,"max_hp_gain":0,"max_hp_loss":0,"event_name":"Lab","floor":38,"gold_loss":0},{"damage_healed":0,"gold_gain":0,"player_choice":"Fight","damage_taken":0,"max_hp_gain":0,"max_hp_loss":0,"event_name":"Mysterious Sphere","floor":39,"gold_loss":0},{"damage_healed":0,"gold_gain":0,"player_choice":"Memory 1","damage_taken":0,"max_hp_gain":0,"max_hp_loss":0,"event_name":"SensoryStone","floor":41,"gold_loss":0},{"damage_healed":19,"gold_gain":0,"player_choice":"Writhe","damage_taken":0,"max_hp_gain":0,"max_hp_loss":0,"event_name":"Winding Halls","floor":45,"gold_loss":0,"cards_obtained":["Writhe"]}],"is_beta":false,"boss_relics":[{"not_picked":["Mark of Pain","Coffee Dripper"],"picked":"Calling Bell"},{"not_picked":["White Beast Statue","Pandora\u0027s Box"],"picked":"Cursed Key"}],"items_purged_floors":[7],"is_endless":false,"potions_floor_spawned":[8,11,14,27,30,33,39,44,48],"killed_by":"Donu and Deca","ascension_level":3}