{"gold_per_floor":[117,29,29,0,0,32,32,44,44,69,82,101,131,131,131,206,206,217,267,21,21,34,65,65,76,76,87,102,102,130,144,144,218,218,231,64,115,115,134,134,145,175,229,229,263,263,279,290,290,290,290],"floor_reached":52,"playtime":2751,"items_purged":["Perfected Strike"],"score":2250,"play_id":"efe0b793-2e46-410b-911c-0a1abfb65c53","local_time":"20190317150044","is_ascension_mode":true,"campfire_choices":[{"data":"Corruption","floor":7,"key":"SMITH"},{"data":"Feel No Pain","floor":15,"key":"SMITH"},{"floor":24,"key":"REST"},{"floor":29,"key":"REST"},{"floor":32,"key":"REST"},{"floor":40,"key":"REST"},{"data":"Armaments","floor":44,"key":"SMITH"},{"data":"Armaments","floor":46,"key":"SMITH"},{"floor":49,"key":"REST"}],"neow_cost":"NONE","seed_source_timestamp":144794047308988,"circlet_count":0,"master_deck":["AscendersBane","Bash","Corruption+1","Armaments+1","Feel No Pain+1","Shrug It Off","True Grit","Pommel Strike","Pommel Strike","Offering","Rampage","Carnage","Spot Weakness","Dropkick","Shrug It Off","Clothesline","Dropkick","Clothesline","Flame Barrier","Chrysalis","Armaments+1","Warcry+1","Disarm","Armaments+1","Armaments+1","Battle Trance","Exhume","Warcry+1","Jack Of All Trades","Panache","Burning Pact+1","True Grit+1","Feel No Pain"],"relics":["Burning Blood","NeowsBlessing","Gremlin Horn","PreservedInsect","Question Card","Ancient Tea Set","Dead Branch","Pandora\u0027s Box","Letter Opener","Self Forming Clay","Mango","Red Mask","Snecko Eye","Ice Cream","Smiling Mask","Bronze Scales","Blood Vial"],"potions_floor_usage":[10,16,23,31,37,37,51,51],"damage_taken":[{"damage":0,"enemies":"Jaw Worm","floor":1,"turns":1},{"damage":0,"enemies":"Gremlin Nob","floor":6,"turns":1},{"damage":0,"enemies":"2 Louse","floor":8,"turns":2},{"damage":5,"enemies":"Lagavulin","floor":10,"turns":5},{"damage":0,"enemies":"Small Slimes","floor":11,"turns":5},{"damage":0,"enemies":"3 Louse","floor":12,"turns":4},{"damage":14,"enemies":"3 Sentries","floor":13,"turns":7},{"damage":43,"enemies":"The Guardian","floor":16,"turns":9},{"damage":21,"enemies":"2 Thieves","floor":18,"turns":4},{"damage":21,"enemies":"Shell Parasite","floor":22,"turns":3},{"damage":6,"enemies":"Book of Stabbing","floor":23,"turns":3},{"damage":20,"enemies":"Snake Plant","floor":25,"turns":4},{"damage":6,"enemies":"Chosen and Byrds","floor":27,"turns":4},{"damage":18,"enemies":"3 Cultists","floor":28,"turns":3},{"damage":20,"enemies":"Masked Bandits","floor":30,"turns":4},{"damage":13,"enemies":"Snake Plant","floor":31,"turns":5},{"damage":6,"enemies":"Collector","floor":33,"turns":4},{"damage":7,"enemies":"Orb Walker","floor":35,"turns":3},{"damage":0,"enemies":"2 Orb Walkers","floor":37,"turns":4},{"damage":29,"enemies":"3 Darklings","floor":39,"turns":4},{"damage":0,"enemies":"Writhing Mass","floor":41,"turns":1},{"damage":6,"enemies":"Nemesis","floor":42,"turns":3},{"damage":0,"enemies":"Giant Head","floor":45,"turns":2},{"damage":20,"enemies":"Spire Growth","floor":47,"turns":6},{"damage":6,"enemies":"Maw","floor":48,"turns":3},{"damage":23,"enemies":"Donu and Deca","floor":50,"turns":3},{"damage":7,"enemies":"Time Eater","floor":51,"turns":8}],"seed_played":"-7811421180648097115","potions_obtained":[{"floor":1,"key":"Regen Potion"},{"floor":8,"key":"FearPotion"},{"floor":12,"key":"SneckoOil"},{"floor":22,"key":"Ancient Potion"},{"floor":25,"key":"Swift Potion"},{"floor":30,"key":"EssenceOfSteel"},{"floor":31,"key":"Block Potion"},{"floor":39,"key":"EssenceOfSteel"},{"floor":42,"key":"EssenceOfSteel"}],"is_trial":false,"path_per_floor":["M","$","?","$","?","E","R","M","T","E","M","M","E","?","R","B",null,"M","?","$","?","M","E","R","M","T","M","M","R","?","M","R","B",null,"M","$","?","?","M","R","M","E","T","R","E","R","M","M","R","B","B",null],"character_chosen":"IRONCLAD","items_purchased":["Corruption","Armaments","Chrysalis","Armaments","Jack Of All Trades"],"campfire_rested":5,"item_purchase_floors":[2,4,20,20,36],"current_hp_per_floor":[74,74,67,67,32,38,38,44,44,59,65,71,63,63,63,26,63,48,48,48,48,33,33,55,41,55,55,43,69,55,48,74,74,85,84,84,89,89,66,89,89,89,89,89,89,89,75,77,89,72,73],"gold":290,"neow_bonus":"THREE_ENEMY_KILL","is_prod":false,"is_daily":false,"chose_seed":false,"campfire_upgraded":4,"win_rate":0,"timestamp":1552820444,"path_taken":["M","$","?","$","?","E","R","M","T","E","M","M","E","?","R","BOSS","M","?","$","?","M","E","R","M","T","?","M","R","?","M","R","BOSS","M","$","?","?","M","R","M","E","T","R","E","R","M","M","R","BOSS","BOSS"],"build_version":"2019-01-23","purchased_purges":1,"victory":true,"max_hp_per_floor":[75,75,75,75,75,75,75,75,75,75,75,75,75,75,75,75,75,75,75,75,75,75,75,75,75,89,89,89,89,89,89,89,89,89,89,89,89,89,89,89,89,89,89,89,89,89,89,89,89,89,89],"card_choices":[{"not_picked":["Infernal Blade","Sword Boomerang"],"picked":"Perfected Strike","floor":1},{"not_picked":["Flex","Iron Wave"],"picked":"Feel No Pain","floor":6},{"not_picked":["Seeing Red","Warcry"],"picked":"Shrug It Off","floor":8},{"not_picked":["Cleave","Ghostly Armor","Clothesline"],"picked":"True Grit","floor":10},{"not_picked":["Thunderclap","Exhume","Sword Boomerang"],"picked":"Pommel Strike","floor":11},{"not_picked":["Whirlwind","Dual Wield","Havoc"],"picked":"Pommel Strike","floor":12},{"not_picked":["Hemokinesis","Sword Boomerang","Blood for Blood","Searing Blow"],"picked":"SKIP","floor":13},{"not_picked":["Dark Embrace","Feed","Limit Break"],"picked":"Offering","floor":16},{"not_picked":["Hemokinesis","True Grit","Pommel Strike+1"],"picked":"Flame Barrier","floor":18},{"not_picked":["Burning Pact","Anger","Searing Blow","Dropkick"],"picked":"SKIP","floor":22},{"not_picked":["Thunderclap","Twin Strike","Carnage+1"],"picked":"Warcry+1","floor":23},{"not_picked":["Immolate","Flame Barrier","Body Slam"],"picked":"Disarm","floor":25},{"not_picked":["True Grit","Warcry+1","Anger+1"],"picked":"Armaments","floor":27},{"not_picked":["Feel No Pain","Blood for Blood","Body Slam"],"picked":"Armaments+1","floor":28},{"not_picked":["Anger","Cleave","Perfected Strike"],"picked":"Battle Trance","floor":31},{"not_picked":["Feed","Berserk","Offering"],"picked":"Exhume","floor":33},{"not_picked":["Twin Strike","Clash","Clothesline"],"picked":"Warcry+1","floor":35},{"not_picked":["Deep Breath","Good Instincts","Dramatic Entrance"],"picked":"Panache","floor":38},{"not_picked":["Wild Strike","Perfected Strike","Iron Wave"],"picked":"Burning Pact+1","floor":39},{"not_picked":["Heavy Blade","Flex","Perfected Strike"],"picked":"True Grit+1","floor":41},{"not_picked":["Pommel Strike+1","Iron Wave","Pummel+1"],"picked":"Feel No Pain","floor":42},{"not_picked":["Combust","Flame Barrier","Disarm","Blood for Blood"],"picked":"SKIP","floor":45},{"not_picked":["Iron Wave","True Grit+1","Anger","Sword Boomerang"],"picked":"SKIP","floor":47},{"not_picked":["Whirlwind","Clash","Armaments","Warcry"],"picked":"SKIP","floor":48}],"player_experience":757658,"relics_obtained":[{"floor":6,"key":"PreservedInsect"},{"floor":9,"key":"Question Card"},{"floor":10,"key":"Ancient Tea Set"},{"floor":13,"key":"Dead Branch"},{"floor":23,"key":"Self Forming Clay"},{"floor":26,"key":"Mango"},{"floor":30,"key":"Red Mask"},{"floor":37,"key":"Ice Cream"},{"floor":42,"key":"Smiling Mask"},{"floor":43,"key":"Bronze Scales"},{"floor":45,"key":"Blood Vial"}],"event_choices":[{"cards_removed":["Strike_R"],"damage_healed":0,"gold_gain":0,"player_choice":"Card Removal","damage_taken":7,"max_hp_gain":0,"max_hp_loss":0,"event_name":"Golden Wing","floor":3,"gold_loss":0},{"damage_healed":0,"gold_gain":0,"player_choice":"Success","damage_taken":35,"relics_obtained":["Gremlin Horn"],"max_hp_gain":0,"max_hp_loss":0,"event_name":"Scrap Ooze","floor":5,"gold_loss":0},{"damage_healed":0,"gold_gain":0,"player_choice":"Grow","damage_taken":0,"max_hp_gain":0,"max_hp_loss":0,"event_name":"Living Wall","floor":14,"gold_loss":0,"cards_upgraded":["Armaments"]},{"damage_healed":0,"gold_gain":50,"player_choice":"Stole From Cult","damage_taken":0,"max_hp_gain":0,"max_hp_loss":0,"event_name":"Nest","floor":19,"gold_loss":0},{"damage_healed":0,"gold_gain":0,"player_choice":"Gave Potion","damage_taken":0,"relics_obtained":["Letter Opener"],"max_hp_gain":0,"max_hp_loss":0,"event_name":"WeMeetAgain","floor":21,"gold_loss":0},{"damage_healed":0,"gold_gain":0,"player_choice":"Fought Bandits","damage_taken":0,"max_hp_gain":0,"max_hp_loss":0,"event_name":"Masked Bandits","floor":30,"gold_loss":0},{"damage_healed":0,"gold_gain":0,"player_choice":"Fight","damage_taken":0,"max_hp_gain":0,"max_hp_loss":0,"event_name":"Mysterious Sphere","floor":37,"gold_loss":0},{"damage_healed":0,"gold_gain":0,"player_choice":"Memory 1","damage_taken":0,"max_hp_gain":0,"max_hp_loss":0,"event_name":"SensoryStone","floor":38,"gold_loss":0}],"is_beta":false,"boss_relics":[{"not_picked":["Coffee Dripper","Calling Bell"],"picked":"Pandora\u0027s Box"},{"not_picked":["Philosopher\u0027s Stone","Runic Pyramid"],"picked":"Snecko Eye"}],"items_purged_floors":[36],"is_endless":false,"potions_floor_spawned":[1,8,12,22,25,30,31,39,42,48],"ascension_level":20}