{"gold_per_floor":[117,117,117,117,131,157,157,187,187,202,277,312,325,360,360,461,461,472,472,287,300,316,350,364,364,364,399,29,48,48],"floor_reached":30,"playtime":1777,"items_purged":["Strike_R","Strike_R"],"score":399,"play_id":"783fce74-bc2f-4ba4-a401-ca9b1386093a","local_time":"20190306214144","is_ascension_mode":true,"campfire_choices":[{"data":"Defend_R","floor":7,"key":"SMITH"},{"floor":15,"key":"REST"},{"floor":25,"key":"REST"}],"neow_cost":"NONE","seed_source_timestamp":266713496656762,"circlet_count":0,"master_deck":["Defend_R","Defend_R","Defend_R+1","Defend_R+1","Bash","Armaments+1","Ghostly Armor","Flex","Body Slam","Limit Break","Seeing Red+1","Metallicize","Battle Trance+1","Body Slam","Body Slam","Inflame+1","Inflame"],"relics":["Burning Blood","NeowsBlessing","Mercury Hourglass","Pen Nib","Omamori","War Paint","Shovel","Calling Bell","Anchor","Toxic Egg 2","Torii","Spirit Poop","Mummified Hand","Pantograph","Sundial","Sling"],"potions_floor_usage":[16,23,27,27,27],"damage_taken":[{"damage":0,"enemies":"Small Slimes","floor":1,"turns":1},{"damage":0,"enemies":"2 Louse","floor":5,"turns":1},{"damage":0,"enemies":"3 Sentries","floor":6,"turns":2},{"damage":38,"enemies":"Gremlin Nob","floor":8,"turns":5},{"damage":0,"enemies":"Cultist","floor":10,"turns":3},{"damage":36,"enemies":"Lagavulin","floor":12,"turns":7},{"damage":0,"enemies":"Exordium Wildlife","floor":13,"turns":3},{"damage":0,"enemies":"3 Sentries","floor":14,"turns":10},{"damage":34,"enemies":"Slime Boss","floor":16,"turns":11},{"damage":18,"enemies":"3 Byrds","floor":18,"turns":5},{"damage":11,"enemies":"2 Thieves","floor":21,"turns":5},{"damage":2,"enemies":"Shelled Parasite and Fungi","floor":22,"turns":5},{"damage":59,"enemies":"Slavers","floor":23,"turns":8},{"damage":2,"enemies":"3 Cultists","floor":24,"turns":5},{"damage":15,"enemies":"Book of Stabbing","floor":27,"turns":6},{"damage":0,"enemies":"Centurion and Healer","floor":29,"turns":4},{"damage":38,"enemies":"Gremlin Leader","floor":30,"turns":4}],"seed_played":"5704205692553748747","potions_obtained":[{"floor":5,"key":"GamblersBrew"},{"floor":6,"key":"Dexterity Potion"},{"floor":12,"key":"Swift Potion"},{"floor":13,"key":"SkillPotion"},{"floor":16,"key":"Poison Potion"},{"floor":18,"key":"PowerPotion"},{"floor":24,"key":"EssenceOfSteel"}],"is_trial":false,"path_per_floor":["M","?","?","?","M","E","R","E","T","M","?","E","M","E","R","B",null,"M","?","$","M","M","E","M","R","T","E","$","M","E"],"character_chosen":"IRONCLAD","items_purchased":["Metallicize","Battle Trance+1","Sling","Inflame"],"campfire_rested":2,"item_purchase_floors":[20,20,28,28],"current_hp_per_floor":[80,80,73,73,79,80,80,48,48,54,43,13,19,25,49,21,80,68,68,68,63,67,14,18,41,41,32,32,38,0],"gold":48,"neow_bonus":"THREE_ENEMY_KILL","is_prod":false,"is_daily":false,"chose_seed":false,"campfire_upgraded":1,"win_rate":0,"timestamp":1551926504,"path_taken":["M","?","?","?","?","E","R","E","T","M","?","E","M","E","R","BOSS","M","?","$","M","?","E","?","R","T","E","$","M","E"],"build_version":"2019-01-23","purchased_purges":2,"victory":false,"max_hp_per_floor":[80,80,80,80,80,80,80,80,80,80,80,80,80,80,80,80,80,80,77,77,77,77,77,77,77,77,77,77,77,77],"card_choices":[{"not_picked":["Wild Strike","Sword Boomerang","Heavy Blade"],"picked":"SKIP","floor":1},{"not_picked":["Anger","Rupture","Iron Wave"],"picked":"SKIP","floor":5},{"not_picked":["Headbutt","Evolve","Clash"],"picked":"SKIP","floor":6},{"not_picked":["Shockwave","Anger"],"picked":"Armaments","floor":8},{"not_picked":["Iron Wave","Uppercut"],"picked":"Ghostly Armor","floor":10},{"not_picked":["Clothesline","Blood for Blood","Corruption"],"picked":"SKIP","floor":12},{"not_picked":["Reaper","Clothesline"],"picked":"Flex","floor":13},{"not_picked":["Rupture","Headbutt"],"picked":"Body Slam","floor":14},{"not_picked":["Offering","Dark Embrace"],"picked":"Limit Break","floor":16},{"not_picked":["Armaments+1","Anger"],"picked":"Seeing Red+1","floor":18},{"not_picked":["Havoc+1","Corruption"],"picked":"Body Slam","floor":21},{"not_picked":["Clothesline","Anger+1"],"picked":"Body Slam","floor":22},{"not_picked":["Reaper","Pommel Strike","Carnage"],"picked":"SKIP","floor":23},{"not_picked":["True Grit+1","Blood for Blood","Perfected Strike"],"picked":"SKIP","floor":24},{"not_picked":["Flex+1","Iron Wave"],"picked":"Inflame+1","floor":27},{"not_picked":["Body Slam","Sword Boomerang","Headbutt"],"picked":"SKIP","floor":29}],"player_experience":111961,"relics_obtained":[{"floor":6,"key":"Mercury Hourglass"},{"floor":8,"key":"Pen Nib"},{"floor":9,"key":"Omamori"},{"floor":12,"key":"War Paint"},{"floor":14,"key":"Shovel"},{"floor":17,"key":"Anchor"},{"floor":17,"key":"Toxic Egg 2"},{"floor":17,"key":"Torii"},{"floor":23,"key":"Mummified Hand"},{"floor":26,"key":"Pantograph"},{"floor":27,"key":"Sundial"}],"event_choices":[{"cards_removed":["Strike_R"],"damage_healed":0,"gold_gain":0,"player_choice":"Forget","damage_taken":0,"max_hp_gain":0,"max_hp_loss":0,"event_name":"Living Wall","floor":2,"gold_loss":0},{"cards_removed":["Strike_R"],"damage_healed":0,"gold_gain":0,"player_choice":"Card Removal","damage_taken":7,"max_hp_gain":0,"max_hp_loss":0,"event_name":"Golden Wing","floor":3,"gold_loss":0},{"cards_removed":["Strike_R"],"damage_healed":0,"gold_gain":0,"player_choice":"Purged","damage_taken":0,"max_hp_gain":0,"max_hp_loss":0,"event_name":"Purifier","floor":4,"gold_loss":0},{"damage_healed":0,"gold_gain":75,"player_choice":"Gather Gold","damage_taken":11,"max_hp_gain":0,"max_hp_loss":0,"event_name":"World of Goop","floor":11,"gold_loss":0},{"cards_removed":["Parasite"],"damage_healed":0,"gold_gain":0,"player_choice":"Offered Curse","damage_taken":0,"relics_obtained":["Spirit Poop"],"max_hp_gain":0,"max_hp_loss":0,"event_name":"Bonfire Elementals","floor":19,"gold_loss":0}],"is_beta":false,"boss_relics":[{"not_picked":["Lizard Tail","Busted Crown"],"picked":"Calling Bell"}],"items_purged_floors":[20,28],"is_endless":false,"potions_floor_spawned":[5,6,12,13,16,18,22,24],"killed_by":"Gremlin Leader","ascension_level":3}