{"gold_per_floor":[211,14,14,31,47,47,47,104,104,131,150,150,169,181,181,276,276,295,295,295,395,413,413,432,432,432,450,5,24,39,55,55,151,151,170,170,182,192,208,208,227,255,255,273,284,284,314,714,714,714,714,714,25,51,51],"floor_reached":56,"playtime":1759,"items_purged":["Writhe","Strike_R+1"],"score":1315,"play_id":"126acb0b-ade2-4d6a-87cd-a3671d78ab7e","local_time":"20190401152330","is_ascension_mode":false,"campfire_choices":[{"data":"Demon Form","floor":6.0,"key":"SMITH"},{"data":"Inflame","floor":12.0,"key":"SMITH"},{"data":"Shockwave","floor":15.0,"key":"SMITH"},{"floor":23.0,"key":"REST"},{"data":"Corruption","floor":25.0,"key":"SMITH"},{"data":"Double Tap","floor":32.0,"key":"SMITH"},{"floor":40.0,"key":"REST"},{"floor":46.0,"key":"REST"},{"floor":49.0,"key":"RECALL"},{"floor":52.0,"key":"REST"}],"neow_cost":"NONE","seed_source_timestamp":11774173211360,"circlet_count":0,"master_deck":["Strike_R+1","Strike_R+1","Strike_R+1","Strike_R+1","Defend_R+1","Defend_R+1","Defend_R+1","Defend_R+1","Bash+1","Iron Wave","Demon Form+1","Inflame+1","Thunderclap+1","Twin Strike","Battle Trance","Twin Strike+1","Disarm+1","Corruption+1","Spot Weakness","Shockwave+1","Body Slam+1","Double Tap+1","Uppercut+1","Headbutt+1","Heavy Blade+1","Clothesline+1","Feed+1","Feel No Pain+1","Whirlwind+1","Offering+1","Immolate+1","Battle Trance","Whirlwind+1"],"special_seed":0,"relics":["Burning Blood","Chemical X","Prayer Wheel","Molten Egg 2","Orrery","Gambling Chip","Turnip","Singing Bowl","Lantern","Bag of Preparation","Blood Vial","Fusion Hammer","Pear","Darkstone Periapt","Potion Belt","Old Coin","OrangePellets","Whetstone","Happy Flower","War Paint"],"potions_floor_usage":[55,55,55,55],"damage_taken":[{"damage":2.0,"enemies":"2 Louse","floor":1.0,"turns":4.0},{"damage":0.0,"enemies":"Cultist","floor":4.0,"turns":4.0},{"damage":6.0,"enemies":"Jaw Worm","floor":5.0,"turns":3.0},{"damage":27.0,"enemies":"Lagavulin Event","floor":8.0,"turns":6.0},{"damage":21.0,"enemies":"Lagavulin","floor":10.0,"turns":6.0},{"damage":12.0,"enemies":"3 Louse","floor":11.0,"turns":4.0},{"damage":10.0,"enemies":"Blue Slaver","floor":13.0,"turns":4.0},{"damage":7.0,"enemies":"Exordium Wildlife","floor":14.0,"turns":4.0},{"damage":19.0,"enemies":"Slime Boss","floor":16.0,"turns":5.0},{"damage":23.0,"enemies":"Shell Parasite","floor":18.0,"turns":4.0},{"damage":23.0,"enemies":"Colosseum Slavers","floor":21.0,"turns":5.0},{"damage":18.0,"enemies":"Colosseum Nobs","floor":21.0,"turns":4.0},{"damage":30.0,"enemies":"2 Thieves","floor":22.0,"turns":4.0},{"damage":0.0,"enemies":"Snecko","floor":24.0,"turns":3.0},{"damage":10.0,"enemies":"Cultist and Chosen","floor":27.0,"turns":5.0},{"damage":11.0,"enemies":"Snake Plant","floor":29.0,"turns":4.0},{"damage":6.0,"enemies":"Centurion and Healer","floor":30.0,"turns":3.0},{"damage":0.0,"enemies":"3 Cultists","floor":31.0,"turns":1.0},{"damage":60.0,"enemies":"Automaton","floor":33.0,"turns":8.0},{"damage":0.0,"enemies":"3 Darklings","floor":35.0,"turns":1.0},{"damage":0.0,"enemies":"3 Shapes","floor":37.0,"turns":1.0},{"damage":23.0,"enemies":"Writhing Mass","floor":38.0,"turns":4.0},{"damage":24.0,"enemies":"3 Darklings","floor":39.0,"turns":4.0},{"damage":14.0,"enemies":"Sphere and 2 Shapes","floor":41.0,"turns":4.0},{"damage":6.0,"enemies":"Reptomancer","floor":42.0,"turns":2.0},{"damage":7.0,"enemies":"Jaw Worm Horde","floor":44.0,"turns":3.0},{"damage":18.0,"enemies":"Spire Growth","floor":45.0,"turns":4.0},{"damage":14.0,"enemies":"Giant Head","floor":47.0,"turns":4.0},{"damage":6.0,"enemies":"Mind Bloom Boss Battle","floor":48.0,"turns":1.0},{"damage":99.0,"enemies":"Awakened One","floor":50.0,"turns":7.0},{"damage":32.0,"enemies":"Shield and Spear","floor":54.0,"turns":3.0},{"damage":62,"enemies":"The Heart","floor":55,"turns":6}],"seed_played":"-5767361959613280499","potions_obtained":[{"floor":4.0,"key":"Block Potion"},{"floor":11.0,"key":"Regen Potion"},{"floor":13.0,"key":"PowerPotion"},{"floor":14.0,"key":"Ancient Potion"},{"floor":29.0,"key":"Swift Potion"},{"floor":31.0,"key":"Swift Potion"},{"floor":38.0,"key":"Block Potion"},{"floor":39.0,"key":"SkillPotion"},{"floor":42.0,"key":"Regen Potion"},{"floor":44.0,"key":"Regen Potion"}],"is_trial":false,"path_per_floor":["M","$","?","M","M","R","$","?","T","E","M","R","M","M","R","B",null,"M","?","?","?","M","R","M","R","T","M","$","M","M","M","R","B",null,"M","?","M","M","M","R","M","E","T","M","M","R","E","?","R","B",null,"R","$","E","B",null],"character_chosen":"IRONCLAD","items_purchased":["Chemical X","Offering","Bag of Preparation","Blood Vial","OrangePellets","Whetstone","Happy Flower","Strength Potion","PowerPotion"],"campfire_rested":4,"item_purchase_floors":[2,28,28,28,53,53,53,53,53],"current_hp_per_floor":[80,80,80,80,80,80,80,59,59,44,38,38,34,33,33,34,80,63,63,63,40,22,49,59,59,59,59,59,60,70,82,82,30,116,120,120,128,113,101,134,134,148,148,157,151,166,162,166,166,75,172,172,172,152,138],"gold":51,"neow_bonus":"HUNDRED_GOLD","is_prod":false,"is_daily":false,"chose_seed":false,"campfire_upgraded":5,"win_rate":0,"timestamp":1554153810,"path_taken":["M","$","?","?","M","R","?","?","T","E","M","R","M","M","R","BOSS","M","?","?","?","M","R","M","R","T","M","$","M","?","M","R","BOSS","M","?","M","M","M","R","M","E","T","M","M","R","E","?","R","BOSS","R","$","E","BOSS"],"build_version":"2019-01-23","purchased_purges":2,"victory":true,"max_hp_per_floor":[80,80,80,80,80,80,80,80,80,80,80,80,80,80,80,80,80,80,80,80,86,92,92,96,96,96,100,100,104,112,116,116,116,116,120,120,128,130,134,134,142,154,154,162,166,166,170,172,172,172,172,172,172,178,178],"card_choices":[{"not_picked":["Pommel Strike","True Grit"],"picked":"Iron Wave","floor":1.0},{"not_picked":["Warcry","Sever Soul","Thunderclap"],"picked":"SKIP","floor":4.0},{"not_picked":["Twin Strike","Power Through"],"picked":"Thunderclap","floor":5.0},{"not_picked":["Clothesline","Reckless Charge"],"picked":"Twin Strike","floor":8.0},{"not_picked":["Demon Form","Headbutt"],"picked":"Battle Trance","floor":10.0},{"not_picked":["Thunderclap+1","Body Slam+1"],"picked":"Twin Strike+1","floor":11.0},{"not_picked":["Headbutt+1","Clash+1"],"picked":"Disarm","floor":11.0},{"not_picked":["Shrug It Off","Thunderclap+1"],"picked":"Corruption","floor":13.0},{"not_picked":["Clothesline+1","Pommel Strike+1"],"picked":"Spot Weakness","floor":13.0},{"not_picked":["Iron Wave+1","Impervious"],"picked":"Shockwave","floor":14.0},{"not_picked":["Armaments","Body Slam+1","Shrug It Off"],"picked":"SKIP","floor":14.0},{"not_picked":["Armaments","Shrug It Off"],"picked":"Body Slam+1","floor":14.0},{"not_picked":["Impervious","Demon Form"],"picked":"Double Tap","floor":16.0},{"not_picked":["True Grit","Thunderclap+1"],"picked":"Uppercut+1","floor":17.0},{"not_picked":["Entrench","Warcry"],"picked":"Headbutt+1","floor":17.0},{"not_picked":["Thunderclap+1","Sword Boomerang+1"],"picked":"Heavy Blade+1","floor":17.0},{"not_picked":["Anger+1","Warcry"],"picked":"Pommel Strike+1","floor":17.0},{"not_picked":["Perfected Strike+1","Pommel Strike+1"],"picked":"Clothesline+1","floor":17.0},{"not_picked":["Pommel Strike+1","Anger+1"],"picked":"Feed+1","floor":18.0},{"not_picked":["Twin Strike+1","Metallicize"],"picked":"Feel No Pain+1","floor":18.0},{"not_picked":["Clothesline+1","Carnage+1","Reckless Charge+1"],"picked":"Singing Bowl","floor":21.0},{"not_picked":["Heavy Blade+1","Metallicize","Havoc"],"picked":"Singing Bowl","floor":22.0},{"not_picked":["Clash+1","Warcry+1"],"picked":"Whirlwind+1","floor":22.0},{"not_picked":["Corruption","Perfected Strike+1","Flame Barrier"],"picked":"Singing Bowl","floor":24.0},{"not_picked":["Combust","Searing Blow+1","Sword Boomerang+1"],"picked":"Singing Bowl","floor":24.0},{"not_picked":["Pummel+1","Sever Soul+1","Clothesline+1"],"picked":"Singing Bowl","floor":27.0},{"not_picked":["Twin Strike+1","Hemokinesis+1","Rampage+1"],"picked":"Singing Bowl","floor":27.0},{"not_picked":["Headbutt+1","Intimidate","Havoc"],"picked":"Singing Bowl","floor":29.0},{"not_picked":["Anger+1","Havoc","Metallicize"],"picked":"Singing Bowl","floor":29.0},{"not_picked":["Cleave+1","Flame Barrier","Heavy Blade+1"],"picked":"Singing Bowl","floor":30.0},{"not_picked":["Clash+1","Evolve+1","Rupture"],"picked":"Singing Bowl","floor":30.0},{"not_picked":["Flame Barrier","Pommel Strike+1","Body Slam+1"],"picked":"Singing Bowl","floor":31.0},{"not_picked":["Spot Weakness+1","Barricade","Reckless Charge+1"],"picked":"Singing Bowl","floor":31.0},{"not_picked":["Demon Form","Reaper+1"],"picked":"Immolate+1","floor":33.0},{"not_picked":["Twin Strike+1","Shockwave+1","Wild Strike+1"],"picked":"Singing Bowl","floor":35.0},{"not_picked":["Perfected Strike+1","Iron Wave+1","Burning Pact+1"],"picked":"Singing Bowl","floor":35.0},{"not_picked":["True Grit","Blood for Blood+1","Bloodletting"],"picked":"Singing Bowl","floor":37.0},{"not_picked":["Clash+1","Sword Boomerang+1","Body Slam+1"],"picked":"Singing Bowl","floor":37.0},{"not_picked":["Seeing Red+1","Rampage+1","Wild Strike+1"],"picked":"Singing Bowl","floor":38.0},{"not_picked":["Shrug It Off","Warcry+1"],"picked":"Battle Trance","floor":38.0},{"not_picked":["Hemokinesis+1","Intimidate+1","Pommel Strike+1"],"picked":"Singing Bowl","floor":39.0},{"not_picked":["Twin Strike+1","Sever Soul+1","Flex+1"],"picked":"Singing Bowl","floor":39.0},{"not_picked":["Armaments+1","Anger+1","Wild Strike+1"],"picked":"Singing Bowl","floor":41.0},{"not_picked":["Perfected Strike+1","Body Slam+1","Headbutt+1"],"picked":"Singing Bowl","floor":41.0},{"not_picked":["Iron Wave+1","Searing Blow+1","Battle Trance"],"picked":"Singing Bowl","floor":42.0},{"not_picked":["Bludgeon+1","Sword Boomerang+1","Wild Strike+1"],"picked":"Singing Bowl","floor":44.0},{"not_picked":["Disarm","Armaments+1","Thunderclap+1"],"picked":"Singing Bowl","floor":44.0},{"not_picked":["Carnage+1","Sentinel","Metallicize+1"],"picked":"Singing Bowl","floor":45.0},{"not_picked":["Wild Strike+1","Bloodletting+1","Blood for Blood+1"],"picked":"Singing Bowl","floor":45.0},{"not_picked":["Shrug It Off+1","Searing Blow+1"],"picked":"Whirlwind+1","floor":47.0},{"not_picked":["Pommel Strike+1","Flex","Rupture"],"picked":"Singing Bowl","floor":48.0},{"not_picked":["Bludgeon+1","Reckless Charge+1","Body Slam+1"],"picked":"Singing Bowl","floor":54.0}],"player_experience":1156060,"relics_obtained":[{"floor":8.0,"key":"Prayer Wheel"},{"floor":10.0,"key":"Molten Egg 2"},{"floor":21.0,"key":"Turnip"},{"floor":21.0,"key":"Singing Bowl"},{"floor":26.0,"key":"Lantern"},{"floor":42.0,"key":"Pear"},{"floor":43.0,"key":"Darkstone Periapt"},{"floor":47.0,"key":"Potion Belt"},{"floor":48.0,"key":"Old Coin"},{"floor":54.0,"key":"War Paint"}],"event_choices":[{"damage_healed":0.0,"max_hp_gain":0.0,"max_hp_loss":0.0,"gold_gain":0.0,"event_name":"Match and Keep!","player_choice":"2 cards matched","floor":3.0,"gold_loss":0.0,"damage_taken":0.0,"cards_obtained":["Demon Form","Inflame"]},{"damage_healed":0.0,"max_hp_gain":0.0,"max_hp_loss":0.0,"gold_gain":30.0,"event_name":"Dead Adventurer","player_choice":"Searched \u00272\u0027 times","floor":8.0,"gold_loss":0.0,"damage_taken":0.0},{"damage_healed":0.0,"max_hp_gain":0.0,"max_hp_loss":0.0,"gold_gain":0.0,"event_name":"The Mausoleum","player_choice":"Opened","floor":19.0,"gold_loss":0.0,"damage_taken":0.0,"relics_obtained":["Gambling Chip"],"cards_obtained":["Writhe"]},{"damage_healed":0.0,"max_hp_gain":0.0,"max_hp_loss":0.0,"gold_gain":0.0,"event_name":"Back to Basics","player_choice":"Simplicity","floor":20.0,"gold_loss":0.0,"damage_taken":0.0,"cards_upgraded":["Strike_R","Strike_R","Strike_R","Strike_R","Strike_R","Defend_R","Defend_R","Defend_R","Defend_R"]},{"damage_healed":0.0,"max_hp_gain":0.0,"max_hp_loss":0.0,"gold_gain":0.0,"event_name":"Colosseum","player_choice":"Fight","floor":21.0,"gold_loss":0.0,"damage_taken":0.0},{"damage_healed":0.0,"max_hp_gain":0.0,"max_hp_loss":0.0,"gold_gain":0.0,"event_name":"Colosseum","player_choice":"Fought Nobs","floor":21.0,"gold_loss":0.0,"damage_taken":0.0},{"cards_removed":["Pommel Strike"],"damage_healed":0.0,"max_hp_gain":0.0,"max_hp_loss":0.0,"gold_gain":0.0,"event_name":"Falling","player_choice":"Removed Attack","floor":36.0,"gold_loss":0.0,"damage_taken":0.0},{"damage_healed":0.0,"max_hp_gain":0.0,"max_hp_loss":0.0,"gold_gain":0.0,"event_name":"MindBloom","player_choice":"Fight","floor":48.0,"gold_loss":0.0,"damage_taken":0.0}],"is_beta":false,"boss_relics":[{"not_picked":["Astrolabe","Runic Cube"],"picked":"Orrery"},{"not_picked":["Lizard Tail","Empty Cage"],"picked":"Fusion Hammer"}],"items_purged_floors":[28,53],"is_endless":false,"potions_floor_spawned":[4,11,13,14,21,29,31,38,39,42,44,54],"ascension_level":0}