{"gold_per_floor":[116,133,83,83,83,112,129,129,155,26,26,53,73,84,84,189,189,204,129,147,147,166,166,66,95,177,276,276,276,276,289,289,389,389,405,416,416,416],"floor_reached":38,"playtime":1460,"items_purged":["Strike_R","Pain"],"score":520,"play_id":"f499dd02-702e-4218-afea-a514afe580ad","local_time":"20190310183954","is_ascension_mode":true,"campfire_choices":[{"data":"Demon Form","floor":8,"key":"SMITH"},{"data":"Armaments","floor":11,"key":"SMITH"},{"floor":15,"key":"REST"},{"floor":23,"key":"REST"},{"floor":28,"key":"REST"},{"floor":30,"key":"REST"},{"data":"Heavy Blade","floor":32,"key":"SMITH"}],"neow_cost":"NONE","seed_source_timestamp":65929013605368,"circlet_count":0,"master_deck":["Defend_R","Defend_R+1","Defend_R","Defend_R","Bash+1","Demon Form+1","Flame Barrier","Flex","Armaments+1","Body Slam","Flex","Flame Barrier","Berserk","Heavy Blade+1","Battle Trance+1","Double Tap"],"relics":["Burning Blood","NeowsBlessing","WarpedTongs","Red Skull","Lantern","Orichalcum","Runic Pyramid","Bronze Scales","Magic Flower","Gremlin Horn","Empty Cage"],"potions_floor_usage":[22,22,25],"damage_taken":[{"damage":0,"enemies":"Cultist","floor":1,"turns":1},{"damage":0,"enemies":"Small Slimes","floor":2,"turns":1},{"damage":1,"enemies":"Gremlin Nob","floor":6,"turns":1},{"damage":13,"enemies":"Jaw Worm","floor":7,"turns":3},{"damage":37,"enemies":"Lagavulin","floor":12,"turns":6},{"damage":4,"enemies":"2 Fungi Beasts","floor":13,"turns":5},{"damage":16,"enemies":"Red Slaver","floor":14,"turns":4},{"damage":36,"enemies":"Slime Boss","floor":16,"turns":11},{"damage":22,"enemies":"Shell Parasite","floor":18,"turns":6},{"damage":55,"enemies":"2 Thieves","floor":20,"turns":4},{"damage":9,"enemies":"Centurion and Healer","floor":22,"turns":6},{"damage":35,"enemies":"Gremlin Leader","floor":25,"turns":4},{"damage":7,"enemies":"Snecko","floor":31,"turns":4},{"damage":19,"enemies":"Champ","floor":33,"turns":8},{"damage":49,"enemies":"3 Darklings","floor":35,"turns":4},{"damage":4,"enemies":"3 Shapes","floor":36,"turns":4},{"damage":56,"enemies":"Writhing Mass","floor":38,"turns":2}],"seed_played":"2831585108064898979","potions_obtained":[{"floor":2,"key":"Fire Potion"},{"floor":6,"key":"SkillPotion"},{"floor":16,"key":"Fire Potion"},{"floor":31,"key":"FearPotion"},{"floor":33,"key":"Block Potion"},{"floor":36,"key":"EssenceOfSteel"}],"is_trial":false,"path_per_floor":["M","M","?","?","?","E","M","R","T","$","R","E","M","M","R","B",null,"M","$","M","?","M","R","$","E","T","?","R","?","R","M","R","B",null,"M","M","?","M"],"character_chosen":"IRONCLAD","items_purchased":["Flex","Armaments","Body Slam"],"campfire_rested":4,"item_purchase_floors":[10,10,10],"current_hp_per_floor":[80,80,80,64,64,69,62,62,62,62,62,31,33,23,47,17,80,64,64,15,15,12,36,36,7,7,7,31,31,55,57,57,47,80,40,45,45,0],"gold":416,"neow_bonus":"THREE_ENEMY_KILL","is_prod":false,"is_daily":false,"chose_seed":false,"campfire_upgraded":3,"win_rate":0,"timestamp":1552257594,"path_taken":["M","?","?","?","?","E","?","R","T","$","R","E","M","M","R","BOSS","M","$","M","?","M","R","$","E","T","?","R","?","R","M","R","BOSS","M","M","?","M"],"build_version":"2019-01-23","purchased_purges":2,"victory":false,"max_hp_per_floor":[80,80,80,80,80,80,80,80,80,80,80,80,80,80,80,80,80,80,80,80,80,80,80,80,80,80,80,80,80,80,80,80,80,80,80,80,80,80],"card_choices":[{"not_picked":["Cleave","Thunderclap","Warcry"],"picked":"SKIP","floor":1},{"not_picked":["Clash","Uppercut","Wild Strike"],"picked":"SKIP","floor":2},{"not_picked":["Cleave","Heavy Blade"],"picked":"Demon Form","floor":6},{"not_picked":["Thunderclap","Rampage"],"picked":"Flame Barrier","floor":7},{"not_picked":["Headbutt","Clothesline","Offering"],"picked":"SKIP","floor":12},{"not_picked":["Pummel","Sentinel"],"picked":"Flex","floor":13},{"not_picked":["Reckless Charge","Headbutt"],"picked":"Flame Barrier","floor":14},{"not_picked":["Bludgeon","Offering"],"picked":"Berserk","floor":16},{"not_picked":["Warcry","Pummel+1"],"picked":"Heavy Blade","floor":18},{"not_picked":["True Grit+1","Headbutt+1","Blood for Blood"],"picked":"SKIP","floor":20},{"not_picked":["Body Slam","Spot Weakness"],"picked":"Iron Wave+1","floor":22},{"not_picked":["Perfected Strike+1","Armaments+1"],"picked":"Battle Trance+1","floor":25},{"not_picked":["Warcry","Wild Strike","Cleave"],"picked":"SKIP","floor":31},{"not_picked":["Immolate","Brutality"],"picked":"Double Tap","floor":33},{"not_picked":["Wild Strike","Intimidate+1","Armaments"],"picked":"SKIP","floor":35},{"not_picked":["Warcry+1","Pummel+1","Body Slam"],"picked":"SKIP","floor":36}],"player_experience":119802,"relics_obtained":[{"floor":6,"key":"Red Skull"},{"floor":9,"key":"Lantern"},{"floor":12,"key":"Orichalcum"},{"floor":25,"key":"Magic Flower"},{"floor":26,"key":"Gremlin Horn"}],"event_choices":[{"cards_removed":["Strike_R"],"damage_healed":0,"gold_gain":0,"player_choice":"Card Removal","damage_taken":0,"max_hp_gain":0,"max_hp_loss":0,"event_name":"The Cleric","floor":3,"gold_loss":50},{"damage_healed":0,"gold_gain":0,"player_choice":"Entered Light","damage_taken":16,"max_hp_gain":0,"max_hp_loss":0,"event_name":"Shining Light","floor":4,"gold_loss":0,"cards_upgraded":["Bash","Defend_R"]},{"damage_healed":0,"gold_gain":0,"player_choice":"Rummage","damage_taken":0,"relics_obtained":["WarpedTongs"],"max_hp_gain":0,"max_hp_loss":0,"event_name":"Accursed Blacksmith","floor":5,"gold_loss":0,"cards_obtained":["Pain"]},{"damage_healed":0,"gold_gain":0,"player_choice":"Opened","damage_taken":0,"relics_obtained":["Bronze Scales"],"max_hp_gain":0,"max_hp_loss":0,"event_name":"The Mausoleum","floor":21,"gold_loss":0},{"damage_healed":0,"gold_gain":99,"player_choice":"Stole From Cult","damage_taken":0,"max_hp_gain":0,"max_hp_loss":0,"event_name":"Nest","floor":27,"gold_loss":0},{"cards_removed":["Strike_R"],"damage_healed":0,"gold_gain":0,"player_choice":"Elegance","damage_taken":0,"max_hp_gain":0,"max_hp_loss":0,"event_name":"Back to Basics","floor":29,"gold_loss":0},{"cards_removed":["Iron Wave"],"damage_healed":0,"gold_gain":0,"player_choice":"Removed Attack","damage_taken":0,"max_hp_gain":0,"max_hp_loss":0,"event_name":"Falling","floor":37,"gold_loss":0}],"is_beta":false,"boss_relics":[{"not_picked":["Mark of Pain","Tiny House"],"picked":"Runic Pyramid"},{"not_picked":["Snecko Eye","Runic Cube"],"picked":"Empty Cage"}],"items_purged_floors":[19,24],"is_endless":false,"potions_floor_spawned":[2,6,16,18,31,33,36],"killed_by":"Writhing Mass","ascension_level":3}