{"gold_per_floor":[111,161,178,8,27,60,72,118,130,142,166,178,208,240,252,338,350,377,389,401,427,455,467,505,517,529,431,459,471,503,528,540,552],"floor_reached":33,"playtime":1918,"items_purged":["Strike_B"],"score":544,"play_id":"29e77a64-4135-4aca-88c9-7e29c9a774d7","local_time":"20190417142515","is_ascension_mode":true,"campfire_choices":[{"floor":7.0,"key":"REST"},{"data":"Defragment","floor":10.0,"key":"SMITH"},{"floor":12.0,"key":"REST"},{"data":"Dualcast","floor":15.0,"key":"SMITH"},{"floor":23,"key":"REST"},{"floor":25,"key":"REST"},{"data":"Buffer","floor":29,"key":"SMITH"},{"data":"Reinforced Body","floor":32,"key":"SMITH"}],"neow_cost":"TEN_PERCENT_HP_LOSS","seed_source_timestamp":14499660250311,"circlet_count":0,"master_deck":["AscendersBane","Defend_B","Defend_B","Zap","Dualcast+1","Seek","Genetic Algorithm","Defragment+1","Reinforced Body+1","Undo+1","Ball Lightning","Reinforced Body","Compile Driver","Melter","Cold Snap","Self Repair","Buffer+1","Reprogram+1","Compile Driver+1","Doom and Gloom+1","Cold Snap+1","Conserve Battery","Loop","Redo+1","Capacitor"],"special_seed":0,"relics":["Cracked Core","MawBank","Kunai","Bag of Preparation","Astrolabe","Dodecahedron","Regal Pillow","Vajra","Singing Bowl"],"potions_floor_usage":[24,24,33],"damage_taken":[{"damage":2.0,"enemies":"2 Louse","floor":1.0,"turns":3.0},{"damage":1.0,"enemies":"Cultist","floor":3.0,"turns":4.0},{"damage":5.0,"enemies":"Small Slimes","floor":5.0,"turns":4.0},{"damage":13.0,"enemies":"Lagavulin","floor":6.0,"turns":6.0},{"damage":31.0,"enemies":"3 Sentries","floor":8.0,"turns":8.0},{"damage":9.0,"enemies":"Exordium Thugs","floor":11.0,"turns":5.0},{"damage":3.0,"enemies":"Lots of Slimes","floor":13.0,"turns":4.0},{"damage":3.0,"enemies":"3 Louse","floor":14.0,"turns":3.0},{"damage":15.0,"enemies":"The Guardian","floor":16.0,"turns":11.0},{"damage":6.0,"enemies":"Shell Parasite","floor":18.0,"turns":8.0},{"damage":33,"enemies":"3 Byrds","floor":21,"turns":5},{"damage":2,"enemies":"Snecko","floor":22,"turns":10},{"damage":59,"enemies":"Slavers","floor":24,"turns":6},{"damage":0,"enemies":"Sentry and Sphere","floor":28,"turns":4},{"damage":1,"enemies":"Snake Plant","floor":30,"turns":5},{"damage":5,"enemies":"Centurion and Healer","floor":31,"turns":10},{"damage":24,"enemies":"Collector","floor":33,"turns":6}],"seed_played":"-3186148697491449118","potions_obtained":[{"floor":3.0,"key":"Swift Potion"},{"floor":8.0,"key":"FearPotion"},{"floor":11.0,"key":"FocusPotion"},{"floor":14.0,"key":"Block Potion"},{"floor":21,"key":"Energy Potion"},{"floor":24,"key":"SpeedPotion"},{"floor":31,"key":"EssenceOfSteel"}],"is_trial":false,"path_per_floor":["M","?","M","$","M","E","R","E","T","R","M","R","M","M","R","B",null,"M","?","T","M","M","R","E","R","T","?","M","R","M","M","R","B"],"character_chosen":"DEFECT","items_purchased":["Undo","Ball Lightning"],"campfire_rested":4,"item_purchase_floors":[4,4],"current_hp_per_floor":[62,56,55,55,50,37,56,25,25,25,16,35,32,29,29,21,53,54,54,54,21,26,60,8,42,42,42,51,51,50,45,45,21],"gold":552,"neow_bonus":"TRANSFORM_TWO_CARDS","is_prod":false,"is_daily":false,"chose_seed":false,"campfire_upgraded":4,"win_rate":0,"timestamp":1555478715,"path_taken":["M","?","M","$","M","E","R","E","T","R","M","R","M","?","R","BOSS","M","?","?","M","?","R","E","R","T","?","M","R","M","M","R","BOSS"],"build_version":"2019-01-23","purchased_purges":1,"victory":false,"max_hp_per_floor":[64,64,64,64,64,64,64,64,64,64,64,64,64,64,64,64,64,64,64,64,64,64,64,64,64,64,64,66,66,66,66,66,66],"card_choices":[{"not_picked":["Compile Driver","Glacier"],"picked":"Defragment","floor":1.0},{"not_picked":["Rebound","Steam"],"picked":"Reinforced Body","floor":3.0},{"not_picked":["Storm","Gash"],"picked":"Reinforced Body","floor":5.0},{"not_picked":["Streamline","Stack"],"picked":"Compile Driver","floor":6.0},{"not_picked":["All For One","Auto Shields"],"picked":"Melter","floor":8.0},{"not_picked":["Compile Driver","White Noise"],"picked":"Cold Snap","floor":11.0},{"not_picked":["Compile Driver","Barrage","Sweeping Beam"],"picked":"SKIP","floor":13.0},{"not_picked":["Conserve Battery","Turbo"],"picked":"Self Repair","floor":14.0},{"not_picked":["Rainbow","All For One"],"picked":"Buffer","floor":16.0},{"not_picked":["Blizzard","Go for the Eyes"],"picked":"Cold Snap+1","floor":18.0},{"not_picked":["Auto Shields","Hello World","Undo"],"picked":"SKIP","floor":21},{"not_picked":["Cold Snap","Ball Lightning"],"picked":"Conserve Battery","floor":22},{"not_picked":["Static Discharge+1","Beam Cell"],"picked":"Loop","floor":24},{"not_picked":["Go for the Eyes","Stack+1","Steam"],"picked":"Singing Bowl","floor":28},{"not_picked":["Sunder","Beam Cell"],"picked":"Redo+1","floor":30},{"not_picked":["Ball Lightning","Loop"],"picked":"Capacitor","floor":31}],"player_experience":608436,"relics_obtained":[{"floor":6.0,"key":"MawBank"},{"floor":8.0,"key":"Kunai"},{"floor":9.0,"key":"Bag of Preparation"},{"floor":20,"key":"Regal Pillow"},{"floor":24,"key":"Vajra"},{"floor":26,"key":"Singing Bowl"}],"event_choices":[{"damage_healed":0.0,"max_hp_gain":0.0,"max_hp_loss":0.0,"gold_gain":50.0,"event_name":"FaceTrader","player_choice":"Touch","floor":2.0,"gold_loss":0.0,"damage_taken":6.0},{"damage_healed":0,"gold_gain":0,"player_choice":"Stole Relic","damage_taken":0,"relics_obtained":["Dodecahedron"],"max_hp_gain":0,"max_hp_loss":0,"event_name":"Addict","floor":19,"gold_loss":0,"cards_obtained":["Shame"]},{"cards_removed":["Shame"],"damage_healed":0,"gold_gain":0,"player_choice":"Upgrade and Remove","damage_taken":0,"max_hp_gain":0,"max_hp_loss":0,"event_name":"Designer","floor":27,"gold_loss":110,"cards_upgraded":["Undo"]}],"is_beta":false,"boss_relics":[{"not_picked":["Coffee Dripper","Fusion Hammer"],"picked":"Astrolabe"}],"items_purged_floors":[4],"is_endless":false,"potions_floor_spawned":[3,8,11,14,16,21,24,31],"killed_by":"Collector","ascension_level":19}