{"gold_per_floor":[118,48,48,65,65,96,96,115,138,148,164,164,34,54,54,149,149,168,268,287,287,300,300,80,93,93,93,103,115,40,0,0,103,103,113,129,129,144,144,144,172,172,199,199,199],"floor_reached":45,"playtime":2663,"items_purged":["Strike_G"],"score":517,"play_id":"f6b4d31f-270e-453a-9dca-0a7a977f3e68","local_time":"20190313172159","is_ascension_mode":true,"campfire_choices":[{"data":"Neutralize","floor":7,"key":"SMITH"},{"floor":15,"key":"REST"},{"floor":23,"key":"REST"},{"data":"Noxious Fumes","floor":27,"key":"SMITH"},{"floor":32,"key":"REST"},{"data":"Footwork","floor":40,"key":"SMITH"},{"floor":42,"key":"REST"},{"floor":44,"key":"REST"}],"neow_cost":"NONE","seed_source_timestamp":165568713557829,"circlet_count":0,"master_deck":["Defend_G","Defend_G","Defend_G","Defend_G","Defend_G","Strike_G+1","Strike_G+1","Neutralize+1","Leg Sweep","Corpse Explosion","Backflip","Madness","Cloak And Dagger","PiercingWail","Bane","Bouncing Flask","Flash of Steel","Caltrops","Deadly Poison","Die Die Die","Backflip","Noxious Fumes+1","Blur","Footwork+1","Pain"],"relics":["Ring of the Snake","NeowsBlessing","Happy Flower","Oddly Smooth Stone","Cursed Key","Enchiridion","Black Star","Regal Pillow","Frozen Egg 2"],"potions_floor_usage":[33,33,45],"damage_taken":[{"damage":0,"enemies":"Jaw Worm","floor":1,"turns":1},{"damage":0,"enemies":"2 Louse","floor":4,"turns":1},{"damage":0,"enemies":"Lagavulin","floor":6,"turns":1},{"damage":0,"enemies":"Cultist","floor":8,"turns":3},{"damage":0,"enemies":"2 Fungi Beasts","floor":10,"turns":3},{"damage":17,"enemies":"Exordium Thugs","floor":11,"turns":5},{"damage":0,"enemies":"Red Slaver","floor":14,"turns":3},{"damage":49,"enemies":"Slime Boss","floor":16,"turns":12},{"damage":0,"enemies":"Shell Parasite","floor":18,"turns":5},{"damage":13,"enemies":"2 Thieves","floor":20,"turns":3},{"damage":12,"enemies":"Cultist and Chosen","floor":22,"turns":3},{"damage":8,"enemies":"Sentry and Sphere","floor":25,"turns":4},{"damage":18,"enemies":"3 Cultists","floor":28,"turns":3},{"damage":14,"enemies":"Snecko","floor":29,"turns":5},{"damage":13,"enemies":"Automaton","floor":33,"turns":9},{"damage":4,"enemies":"3 Shapes","floor":35,"turns":4},{"damage":16,"enemies":"3 Darklings","floor":36,"turns":2},{"damage":21,"enemies":"4 Shapes","floor":38,"turns":4},{"damage":51,"enemies":"Reptomancer","floor":41,"turns":8},{"damage":61,"enemies":"Giant Head","floor":45,"turns":8}],"seed_played":"-8073448265389464798","potions_obtained":[{"floor":4,"key":"GhostInAJar"},{"floor":6,"key":"SmokeBomb"},{"floor":10,"key":"Strength Potion"},{"floor":11,"key":"SneckoOil"},{"floor":22,"key":"Dexterity Potion"},{"floor":36,"key":"EssenceOfSteel"},{"floor":41,"key":"Poison Potion"}],"is_trial":false,"path_per_floor":["M","$","?","M","?","E","R","M","T","M","M","?","$","M","R","B",null,"M","?","M","?","M","R","$","M","T","R","M","M","?","$","R","B",null,"M","M","?","M","?","R","E","R","T","R","E"],"character_chosen":"THE_SILENT","items_purchased":["Corpse Explosion","Flash of Steel","Caltrops","Noxious Fumes","Blur","Footwork"],"campfire_rested":5,"item_purchase_floors":[2,13,13,24,24,31],"current_hp_per_floor":[70,70,56,56,56,56,56,56,56,56,39,39,39,39,60,11,70,70,70,57,41,29,50,50,42,42,42,24,10,10,10,31,18,70,66,50,50,29,61,61,10,43,43,61,0],"gold":199,"neow_bonus":"THREE_ENEMY_KILL","is_prod":false,"is_daily":false,"chose_seed":false,"campfire_upgraded":3,"win_rate":0,"timestamp":1552494119,"path_taken":["M","$","?","M","?","E","R","M","T","?","M","?","?","M","R","BOSS","M","?","?","?","M","R","$","M","T","R","M","M","?","?","R","BOSS","M","M","?","M","?","R","E","R","T","R","E"],"build_version":"2019-01-23","purchased_purges":1,"victory":false,"max_hp_per_floor":[70,70,70,70,70,70,70,70,70,70,70,70,70,70,70,70,70,70,70,70,70,70,70,70,70,70,70,70,70,70,70,70,70,70,70,70,70,70,61,61,61,61,61,61,61],"card_choices":[{"not_picked":["Cloak And Dagger","Heel Hook"],"picked":"Leg Sweep","floor":1},{"not_picked":["Underhanded Strike","Accuracy"],"picked":"Backflip","floor":4},{"not_picked":["Prepared","Tactician"],"picked":"Cloak And Dagger","floor":6},{"not_picked":["Sucker Punch","Unload"],"picked":"PiercingWail","floor":8},{"not_picked":["Backstab","Outmaneuver"],"picked":"Bane","floor":10},{"not_picked":["Outmaneuver","Dash"],"picked":"Bouncing Flask","floor":11},{"not_picked":["Flechettes","Tactician"],"picked":"Deadly Poison","floor":14},{"not_picked":["Night Terror","Doppelganger"],"picked":"Die Die Die","floor":16},{"not_picked":["Blade Dance","Flying Knee","Dagger Spray+1"],"picked":"SKIP","floor":18},{"not_picked":["Acrobatics+1","Slice","Sucker Punch"],"picked":"SKIP","floor":20},{"not_picked":["All Out Attack+1","Infinite Blades+1"],"picked":"Backflip","floor":22},{"not_picked":["Sucker Punch","Expertise+1","Backflip"],"picked":"SKIP","floor":25},{"not_picked":["Deflect","Flechettes","Reflex"],"picked":"SKIP","floor":28},{"not_picked":["Flechettes","Reflex","Deflect+1"],"picked":"SKIP","floor":29},{"not_picked":["Dagger Throw","Slice+1","Quick Slash+1"],"picked":"SKIP","floor":35},{"not_picked":["Heel Hook+1","Dagger Throw","Endless Agony+1"],"picked":"SKIP","floor":36},{"not_picked":["Acrobatics","Dagger Throw","Well Laid Plans"],"picked":"SKIP","floor":38},{"not_picked":["Caltrops+1","Quick Slash+1","Burst"],"picked":"SKIP","floor":41}],"player_experience":62361,"relics_obtained":[{"floor":6,"key":"Happy Flower"},{"floor":9,"key":"Oddly Smooth Stone"},{"floor":21,"key":"Enchiridion"},{"floor":41,"key":"Regal Pillow"},{"floor":41,"key":"Frozen Egg 2"}],"event_choices":[{"damage_healed":0,"gold_gain":0,"player_choice":"Entered Light","damage_taken":14,"max_hp_gain":0,"max_hp_loss":0,"event_name":"Shining Light","floor":3,"gold_loss":0,"cards_upgraded":["Strike_G","Strike_G"]},{"damage_healed":0,"gold_gain":0,"player_choice":"1 cards matched","damage_taken":0,"max_hp_gain":0,"max_hp_loss":0,"event_name":"Match and Keep!","floor":5,"gold_loss":0,"cards_obtained":["Madness"]},{"cards_removed":["Strike_G"],"damage_healed":0,"gold_gain":0,"player_choice":"Purged","damage_taken":0,"max_hp_gain":0,"max_hp_loss":0,"event_name":"Purifier","floor":12,"gold_loss":0},{"damage_healed":0,"gold_gain":100,"player_choice":"Pray","damage_taken":0,"max_hp_gain":0,"max_hp_loss":0,"event_name":"Golden Shrine","floor":19,"gold_loss":0},{"damage_healed":0,"gold_gain":0,"player_choice":"Obtained Book","damage_taken":16,"max_hp_gain":0,"max_hp_loss":0,"event_name":"Cursed Tome","floor":21,"gold_loss":0},{"cards_removed":["Strike_G"],"damage_healed":0,"gold_gain":0,"player_choice":"Gave Gold","damage_taken":0,"max_hp_gain":0,"max_hp_loss":0,"event_name":"Beggar","floor":30,"gold_loss":75},{"cards_removed":["Survivor"],"damage_healed":0,"gold_gain":0,"player_choice":"Removed Skill","damage_taken":0,"max_hp_gain":0,"max_hp_loss":0,"event_name":"Falling","floor":37,"gold_loss":0},{"damage_healed":61,"gold_gain":0,"player_choice":"Heal","damage_taken":0,"max_hp_gain":0,"max_hp_loss":9,"event_name":"The Moai Head","floor":39,"gold_loss":0}],"is_beta":false,"boss_relics":[{"not_picked":["Lizard Tail","Runic Dome"],"picked":"Cursed Key"},{"not_picked":["Fusion Hammer","Orrery"],"picked":"Black Star"}],"items_purged_floors":[24],"is_endless":false,"potions_floor_spawned":[4,6,10,11,20,22,25,36,41],"killed_by":"Giant Head","ascension_level":2}