{"gold_per_floor":[109,59,59,59,84,127,139,179,191,203,245,269,309,338,350,439,451,474,411,144,155,155,155,155,183,183,183,200,200,200,214,214,289,289,299,313,313,363],"floor_reached":38,"playtime":2287,"items_purged":["Strike_R"],"score":797,"play_id":"a9f0f09e-1575-438e-a9b2-fc5afbb2f6ea","local_time":"20181224171709","is_ascension_mode":true,"campfire_choices":[{"data":"Flame Barrier","floor":7.0,"key":"SMITH"},{"data":"Shrug It Off","floor":10.0,"key":"SMITH"},{"floor":15.0,"key":"REST"},{"data":"Armaments","floor":23.0,"key":"SMITH"},{"data":"Demon Form","floor":30.0,"key":"SMITH"},{"floor":32.0,"key":"REST"}],"neow_cost":"NONE","seed_source_timestamp":0,"circlet_count":0,"master_deck":["AscendersBane","Strike_R","Strike_R+1","Defend_R","Defend_R","Defend_R","Defend_R","Bash+1","Flame Barrier+1","Carnage","Shrug It Off+1","Impervious","Armaments+1","Disarm","Pommel Strike","Fiend Fire","Clothesline","Clothesline","Decay","Demon Form+1","Armaments+1","Flame Barrier","Warcry","Juggernaut","Doubt","Bloodletting+1","Anger"],"special_seed":0,"relics":["Burning Blood","NeowsBlessing","Pantograph","MawBank","Magic Flower","Matryoshka","Lantern","Unceasing Top","Mummified Hand","Darkstone Periapt","Runic Pyramid","Lee\u0027s Waffle","Omamori","Whetstone","Dodecahedron","Kunai","Calling Bell","Bag of Marbles","Sundial","Bird Faced Urn","SsserpentHead"],"potions_floor_usage":[38],"damage_taken":[{"damage":0.0,"enemies":"Cultist","floor":1.0,"turns":1.0},{"damage":0.0,"enemies":"3 Sentries","floor":6.0,"turns":2.0},{"damage":0.0,"enemies":"Gremlin Nob","floor":8.0,"turns":1.0},{"damage":26.0,"enemies":"Lagavulin","floor":11.0,"turns":11.0},{"damage":0.0,"enemies":"2 Louse","floor":12.0,"turns":3.0},{"damage":42.0,"enemies":"Gremlin Nob","floor":13.0,"turns":5.0},{"damage":0.0,"enemies":"Jaw Worm","floor":14.0,"turns":3.0},{"damage":33.0,"enemies":"The Guardian","floor":16.0,"turns":19.0},{"damage":1.0,"enemies":"3 Byrds","floor":18.0,"turns":4.0},{"damage":20.0,"enemies":"Spheric Guardian","floor":21.0,"turns":5.0},{"damage":21.0,"enemies":"Book of Stabbing","floor":25.0,"turns":5.0},{"damage":31.0,"enemies":"Cultist and Chosen","floor":28.0,"turns":5.0},{"damage":5.0,"enemies":"Snecko","floor":31.0,"turns":4.0},{"damage":79.0,"enemies":"Collector","floor":33.0,"turns":9.0},{"damage":2,"enemies":"Orb Walker","floor":35,"turns":3},{"damage":63,"enemies":"3 Shapes","floor":36,"turns":5},{"damage":86,"enemies":"Spire Growth","floor":38,"turns":8}],"seed_played":"-7302491801169528755","potions_obtained":[{"floor":6.0,"key":"Dexterity Potion"},{"floor":8.0,"key":"Dexterity Potion"},{"floor":12.0,"key":"Weak Potion"},{"floor":13.0,"key":"Explosive Potion"},{"floor":16.0,"key":"Regen Potion"},{"floor":31.0,"key":"Regen Potion"},{"floor":36,"key":"Regen Potion"}],"is_trial":false,"path_per_floor":["M","?","?","?","T","E","R","E","T","R","E","M","E","M","R","B",null,"M","?","$","M","?","R","?","E","T","?","M","?","R","M","R","B",null,"M","M","?","M"],"character_chosen":"IRONCLAD","items_purchased":["Lee\u0027s Waffle"],"campfire_rested":2,"item_purchase_floors":[20],"current_hp_per_floor":[78,78,60,65,65,71,71,80,80,80,63,72,39,48,73,61,79,85,85,92,81,81,81,87,94,94,94,72,72,72,76,98,52,93,103,53,53,0],"gold":363,"neow_bonus":"THREE_ENEMY_KILL","is_prod":false,"is_daily":false,"chose_seed":false,"campfire_upgraded":4,"win_rate":0,"timestamp":1545700629,"path_taken":["M","?","?","?","?","E","R","E","T","R","E","M","E","M","R","BOSS","M","?","$","M","?","R","?","E","T","?","?","?","R","M","R","BOSS","M","M","?","?"],"build_version":"2018-12-20","purchased_purges":1,"victory":false,"max_hp_per_floor":[80,80,80,85,85,85,85,85,85,85,85,85,85,85,85,85,85,85,85,92,92,92,92,98,98,98,98,98,98,98,98,98,98,104,104,104,104,104],"card_choices":[{"not_picked":["Wild Strike","Seeing Red"],"picked":"Flame Barrier","floor":1.0},{"not_picked":["Flex","Havoc"],"picked":"Carnage","floor":6.0},{"not_picked":["Anger","Havoc"],"picked":"Shrug It Off","floor":8.0},{"not_picked":["Metallicize","Havoc"],"picked":"Impervious","floor":11.0},{"not_picked":["Wild Strike","Flex"],"picked":"Armaments","floor":12.0},{"not_picked":["Impervious","Armaments"],"picked":"Disarm","floor":13.0},{"not_picked":["Spot Weakness","Carnage"],"picked":"Pommel Strike","floor":14.0},{"not_picked":["Feed","Exhume"],"picked":"Fiend Fire","floor":16.0},{"not_picked":["Warcry","Power Through"],"picked":"Clothesline","floor":18.0},{"not_picked":["Spot Weakness","Armaments"],"picked":"Clothesline","floor":21.0},{"not_picked":["Dual Wield","Shockwave"],"picked":"Demon Form","floor":25.0},{"not_picked":["Headbutt","Armaments"],"picked":"Flame Barrier","floor":28.0},{"not_picked":["Twin Strike","Rupture"],"picked":"Warcry","floor":31.0},{"not_picked":["Demon Form","Impervious"],"picked":"Juggernaut","floor":33.0},{"not_picked":["Intimidate+1","Seeing Red"],"picked":"Bloodletting+1","floor":35},{"not_picked":["Warcry","Juggernaut"],"picked":"Anger","floor":36}],"player_experience":437092,"relics_obtained":[{"floor":5.0,"key":"MawBank"},{"floor":6.0,"key":"Magic Flower"},{"floor":8.0,"key":"Matryoshka"},{"floor":9.0,"key":"Lantern"},{"floor":9.0,"key":"Unceasing Top"},{"floor":11.0,"key":"Mummified Hand"},{"floor":13.0,"key":"Darkstone Periapt"},{"floor":25.0,"key":"Omamori"},{"floor":26.0,"key":"Whetstone"},{"floor":26.0,"key":"Dodecahedron"},{"floor":34,"key":"Bag of Marbles"},{"floor":34,"key":"Sundial"},{"floor":34,"key":"Bird Faced Urn"}],"event_choices":[{"cards_removed":["Strike_R"],"damage_healed":0.0,"max_hp_gain":0.0,"max_hp_loss":0.0,"gold_gain":0.0,"event_name":"The Cleric","player_choice":"Card Removal","floor":2.0,"gold_loss":50.0,"damage_taken":0.0},{"damage_healed":0.0,"max_hp_gain":0.0,"max_hp_loss":0.0,"gold_gain":0.0,"event_name":"Scrap Ooze","player_choice":"Success","floor":3.0,"gold_loss":0.0,"damage_taken":18.0,"relics_obtained":["Pantograph"]},{"damage_healed":0.0,"max_hp_gain":5.0,"max_hp_loss":0.0,"gold_gain":0.0,"event_name":"Big Fish","player_choice":"Donut","floor":4.0,"gold_loss":0.0,"damage_taken":0.0},{"cards_removed":["Strike_R"],"damage_healed":0.0,"max_hp_gain":0.0,"max_hp_loss":0.0,"gold_gain":0.0,"event_name":"Beggar","player_choice":"Gave Gold","floor":19.0,"gold_loss":75.0,"damage_taken":0.0},{"damage_healed":0.0,"max_hp_gain":0.0,"max_hp_loss":0.0,"gold_gain":0.0,"event_name":"Ghosts","player_choice":"Ignored","floor":22.0,"gold_loss":0.0,"damage_taken":0.0},{"damage_healed":0.0,"max_hp_gain":0.0,"max_hp_loss":0.0,"gold_gain":0.0,"event_name":"Forgotten Altar","player_choice":"Smashed Altar","floor":24.0,"gold_loss":0.0,"damage_taken":0.0,"cards_obtained":["Decay"]},{"damage_healed":0.0,"max_hp_gain":0.0,"max_hp_loss":0.0,"gold_gain":0.0,"event_name":"Duplicator","player_choice":"Copied","floor":27.0,"gold_loss":0.0,"damage_taken":0.0,"cards_obtained":["Armaments"]},{"damage_healed":0.0,"max_hp_gain":0.0,"max_hp_loss":0.0,"gold_gain":0.0,"event_name":"The Mausoleum","player_choice":"Opened","floor":29.0,"gold_loss":0.0,"damage_taken":0.0,"relics_obtained":["Kunai"]},{"damage_healed":0,"gold_gain":0,"player_choice":"Trade","damage_taken":0,"relics_obtained":["SsserpentHead"],"max_hp_gain":0,"max_hp_loss":0,"event_name":"FaceTrader","floor":37,"gold_loss":0}],"is_beta":false,"boss_relics":[{"not_picked":["Runic Dome","Runic Cube"],"picked":"Runic Pyramid"},{"not_picked":["Busted Crown","Orrery"],"picked":"Calling Bell"}],"items_purged_floors":[20],"is_endless":false,"potions_floor_spawned":[6,8,12,13,14,16,21,31,36],"killed_by":"Spire Growth","ascension_level":13}