{"gold_per_floor":[15,30,30,48,48,48,48,89,89,89,14,38,38,51,51,177,177,198,6,6,20,47,47,61,97,97,97,97,97,115,131,131,131],"floor_reached":33,"playtime":702,"items_purged":["Defend_R"],"score":290,"play_id":"ed8555f1-daf7-447f-8d03-39f34aec760a","local_time":"20190310233518","is_ascension_mode":false,"campfire_choices":[{"data":"Bash","floor":6,"key":"SMITH"},{"data":"Whirlwind","floor":13,"key":"SMITH"},{"data":"Heavy Blade","floor":15,"key":"SMITH"},{"data":"Pommel Strike","floor":23,"key":"SMITH"},{"data":"Bite","floor":28,"key":"SMITH"},{"data":"Bite","floor":32,"key":"SMITH"}],"neow_cost":"NO_GOLD","seed_source_timestamp":347428190084822,"circlet_count":0,"master_deck":["Defend_R","Bash+1","Heavy Blade+1","Whirlwind+1","Shame","Pommel Strike+1","Clash","Bite+1","Bite+1","Bite","Bite","Bite"],"relics":["Burning Blood","Nunchaku","Golden Idol","Vajra","Paper Frog","Thread and Needle","Busted Crown","HandDrill","Matryoshka","Juzu Bracelet","Oddly Smooth Stone","Anchor","Red Skull","Centennial Puzzle"],"potions_floor_usage":[4,4,25,25,33],"damage_taken":[{"damage":6,"enemies":"Cultist","floor":1,"turns":3},{"damage":6,"enemies":"2 Louse","floor":2,"turns":2},{"damage":7,"enemies":"Small Slimes","floor":4,"turns":3},{"damage":28,"enemies":"Gremlin Nob","floor":8,"turns":4},{"damage":6,"enemies":"Looter","floor":12,"turns":2},{"damage":8,"enemies":"Blue Slaver","floor":14,"turns":2},{"damage":10,"enemies":"Slime Boss","floor":16,"turns":8},{"damage":1,"enemies":"Spheric Guardian","floor":18,"turns":3},{"damage":6,"enemies":"Shell Parasite","floor":21,"turns":2},{"damage":2,"enemies":"3 Cultists","floor":24,"turns":3},{"damage":45,"enemies":"Book of Stabbing","floor":25,"turns":4},{"damage":7,"enemies":"Snake Plant","floor":30,"turns":2},{"damage":0,"enemies":"Chosen and Byrds","floor":31,"turns":4},{"damage":78,"enemies":"Automaton","floor":33,"turns":6}],"seed_played":"-4237218637805497889","potions_obtained":[{"floor":1,"key":"Weak Potion"},{"floor":2,"key":"BloodPotion"},{"floor":14,"key":"SneckoOil"},{"floor":16,"key":"Swift Potion"},{"floor":31,"key":"Weak Potion"}],"is_trial":false,"path_per_floor":["M","M","?","M","?","R","?","E","T","T","$","M","R","M","R","B",null,"M","$","?","M","T","R","M","E","T","?","R","$","M","M","R","B"],"character_chosen":"IRONCLAD","items_purchased":["HandDrill"],"campfire_rested":0,"item_purchase_floors":[19],"current_hp_per_floor":[80,80,60,67,67,67,60,38,38,38,38,38,38,36,36,32,80,80,80,80,80,80,80,80,41,41,41,41,41,48,56,56,0],"gold":131,"neow_bonus":"ONE_RARE_RELIC","is_prod":false,"is_daily":false,"chose_seed":false,"campfire_upgraded":6,"win_rate":0,"timestamp":1552246518,"path_taken":["M","M","?","M","?","R","?","E","T","?","$","?","R","M","R","BOSS","M","$","?","M","?","R","M","E","T","?","R","$","M","M","R","BOSS"],"build_version":"2019-01-23","purchased_purges":1,"victory":false,"max_hp_per_floor":[80,80,80,80,80,80,80,80,80,80,80,80,80,80,80,80,80,80,80,80,80,80,80,80,80,80,56,56,56,56,56,56,56],"card_choices":[{"not_picked":["Reckless Charge","Armaments","Iron Wave"],"picked":"SKIP","floor":1},{"not_picked":["Bloodletting","Body Slam","Dual Wield"],"picked":"SKIP","floor":2},{"not_picked":["Sword Boomerang","Havoc","Clothesline"],"picked":"SKIP","floor":4},{"not_picked":["Headbutt","Clothesline"],"picked":"Heavy Blade","floor":8},{"not_picked":["Thunderclap","Rage"],"picked":"Whirlwind","floor":12},{"not_picked":["Perfected Strike","Sword Boomerang","Dropkick"],"picked":"SKIP","floor":14},{"not_picked":["Havoc"],"picked":"SKIP","floor":18},{"not_picked":[],"picked":"Pommel Strike","floor":21},{"not_picked":["Whirlwind"],"picked":"SKIP","floor":24},{"not_picked":[],"picked":"Clash","floor":25},{"not_picked":["Flame Barrier"],"picked":"SKIP","floor":30},{"not_picked":["Intimidate"],"picked":"SKIP","floor":31}],"player_experience":680495,"relics_obtained":[{"floor":8,"key":"Vajra"},{"floor":9,"key":"Paper Frog"},{"floor":10,"key":"Thread and Needle"},{"floor":22,"key":"Juzu Bracelet"},{"floor":22,"key":"Oddly Smooth Stone"},{"floor":25,"key":"Anchor"},{"floor":26,"key":"Red Skull"},{"floor":26,"key":"Centennial Puzzle"}],"event_choices":[{"damage_healed":0,"gold_gain":0,"player_choice":"Take Damage","damage_taken":20,"relics_obtained":["Golden Idol"],"max_hp_gain":0,"max_hp_loss":0,"event_name":"Golden Idol","floor":3,"gold_loss":0},{"cards_removed":["Defend_R"],"damage_healed":0,"gold_gain":0,"player_choice":"Forget","damage_taken":0,"max_hp_gain":0,"max_hp_loss":0,"event_name":"Living Wall","floor":5,"gold_loss":0},{"cards_removed":["Defend_R"],"damage_healed":0,"gold_gain":0,"player_choice":"Card Removal","damage_taken":7,"max_hp_gain":0,"max_hp_loss":0,"event_name":"Golden Wing","floor":7,"gold_loss":0},{"damage_healed":0,"gold_gain":0,"player_choice":"Stole Relic","damage_taken":0,"relics_obtained":["Matryoshka"],"max_hp_gain":0,"max_hp_loss":0,"event_name":"Addict","floor":20,"gold_loss":0,"cards_obtained":["Shame"]},{"damage_healed":0,"gold_gain":0,"player_choice":"Became a vampire","damage_taken":0,"max_hp_gain":0,"max_hp_loss":24,"event_name":"Vampires","floor":27,"gold_loss":0,"cards_obtained":["Bite","Bite","Bite","Bite","Bite"]}],"is_beta":false,"boss_relics":[{"not_picked":["Pandora\u0027s Box","Snecko Eye"],"picked":"Busted Crown"}],"items_purged_floors":[11],"is_endless":false,"potions_floor_spawned":[1,2,14,16,31],"killed_by":"Automaton","ascension_level":0}