{"gold_per_floor":[117,189,201,201,219,254,254,254,254,254,254,281,298,8,8,86,86,98,118,26,26,40,40,90,5,5,22,36,36,70,84,84,161,161,176,26,126,0,0,0,10,44,44,44,76,90,101,1,1,1],"floor_reached":51,"playtime":3358,"items_purged":["Wild Strike","Havoc"],"score":1299,"play_id":"7a6263de-63d1-4bc9-9473-5a5e8d7c191c","local_time":"20190226204256","is_ascension_mode":true,"campfire_choices":[{"floor":7,"key":"REST"},{"data":"Armaments","floor":10,"key":"SMITH"},{"floor":15,"key":"REST"},{"data":"Rupture","floor":23,"key":"SMITH"},{"data":"Limit Break","floor":29,"key":"SMITH"},{"data":"Heavy Blade","floor":32,"key":"SMITH"},{"floor":40,"key":"REST"},{"data":"True Grit","floor":44,"key":"SMITH"},{"data":"Limit Break","floor":49,"key":"SMITH"}],"neow_cost":"NONE","seed_source_timestamp":400869679443553,"circlet_count":0,"master_deck":["AscendersBane","Bash","Brutality","Limit Break+1","Spot Weakness","Clash","Sword Boomerang","Dropkick","Cleave","Heavy Blade+1","Reaper","Armaments+1","Reaper","Uppercut","Dual Wield","Shrug It Off","Feel No Pain","Offering","Evolve+1","Rupture+1","Shrug It Off","Spot Weakness+1","Limit Break+1","Battle Trance","Twin Strike+1","Rage","Seeing Red","Warcry","True Grit+1","Limit Break+1"],"relics":["Pandora\u0027s Box","StoneCalendar","Pocketwatch","Art of War","Vajra","Mark of Pain","Pear","Self Forming Clay","Red Skull","Runic Pyramid","Ginger","Red Mask","Lantern","Paper Frog","Juzu Bracelet"],"potions_floor_usage":[12,16,22,30,30,50,50],"damage_taken":[{"damage":6,"enemies":"2 Louse","floor":1,"turns":2},{"damage":0,"enemies":"Small Slimes","floor":3,"turns":2},{"damage":0,"enemies":"Cultist","floor":5,"turns":2},{"damage":34,"enemies":"Gremlin Nob","floor":6,"turns":4},{"damage":15,"enemies":"Lagavulin","floor":12,"turns":5},{"damage":0,"enemies":"Large Slime","floor":13,"turns":4},{"damage":43,"enemies":"The Guardian","floor":16,"turns":9},{"damage":29,"enemies":"3 Byrds","floor":18,"turns":5},{"damage":36,"enemies":"2 Thieves","floor":19,"turns":4},{"damage":31,"enemies":"Centurion and Healer","floor":22,"turns":5},{"damage":23,"enemies":"Snecko","floor":27,"turns":4},{"damage":15,"enemies":"Cultist and Chosen","floor":28,"turns":5},{"damage":30,"enemies":"Slavers","floor":30,"turns":5},{"damage":19,"enemies":"3 Cultists","floor":31,"turns":4},{"damage":37,"enemies":"Automaton","floor":33,"turns":5},{"damage":12,"enemies":"Orb Walker","floor":35,"turns":2},{"damage":45,"enemies":"Mind Bloom Boss Battle","floor":37,"turns":4},{"damage":9,"enemies":"3 Shapes","floor":41,"turns":3},{"damage":65,"enemies":"Giant Head","floor":42,"turns":7},{"damage":45,"enemies":"Nemesis","floor":45,"turns":5},{"damage":33,"enemies":"Spire Growth","floor":46,"turns":5},{"damage":18,"enemies":"Jaw Worm Horde","floor":47,"turns":3},{"damage":113,"enemies":"Time Eater","floor":50,"turns":7}],"seed_played":"6347950781033787303","potions_obtained":[{"floor":3,"key":"PowerPotion"},{"floor":12,"key":"Weak Potion"},{"floor":16,"key":"GamblersBrew"},{"floor":22,"key":"Block Potion"},{"floor":27,"key":"PowerPotion"},{"floor":30,"key":"BloodPotion"},{"floor":31,"key":"Weak Potion"},{"floor":37,"key":"LiquidBronze"}],"is_trial":false,"path_per_floor":["M","?","M","?","M","E","R","$","T","R","?","E","M","$","R","B",null,"M","M","$","$","M","R","?","?","T","M","M","R","E","M","R","B",null,"M","$","?","?","?","R","M","E","T","R","E","M","M","$","R","B",null],"character_chosen":"IRONCLAD","items_purchased":["Vajra","Shrug It Off","Feel No Pain","Rupture","Shrug It Off","Rage"],"campfire_rested":3,"item_purchase_floors":[14,14,14,20,20,36],"current_hp_per_floor":[62,62,62,62,62,34,56,56,56,56,56,41,43,43,65,46,68,49,35,35,35,56,56,56,66,66,55,85,85,85,74,74,58,78,66,66,40,40,40,65,85,85,85,85,85,85,67,67,67,60],"gold":1,"neow_bonus":"BOSS_RELIC","is_prod":false,"is_daily":false,"chose_seed":false,"campfire_upgraded":6,"win_rate":0,"timestamp":1551242576,"path_taken":["M","?","M","?","M","E","R","$","T","R","?","E","M","$","R","BOSS","M","M","?","$","M","R","?","?","T","M","M","R","E","M","R","BOSS","M","$","?","?","?","R","?","E","T","R","E","M","M","$","R","BOSS"],"build_version":"2019-01-23","purchased_purges":2,"victory":true,"max_hp_per_floor":[75,75,75,75,75,75,75,75,75,75,75,75,75,75,75,75,75,75,75,75,75,75,75,75,85,85,85,85,85,85,85,85,85,85,85,85,85,85,85,85,85,85,85,85,85,85,85,85,85,85],"card_choices":[{"not_picked":["Clash","Headbutt"],"picked":"Heavy Blade","floor":1},{"not_picked":["Bloodletting","Clash","Perfected Strike"],"picked":"SKIP","floor":3},{"not_picked":["Intimidate","Evolve"],"picked":"Reaper","floor":5},{"not_picked":["Sever Soul","Twin Strike"],"picked":"Armaments","floor":6},{"not_picked":["Body Slam","Fire Breathing"],"picked":"Uppercut","floor":12},{"not_picked":["Anger","Cleave"],"picked":"Dual Wield","floor":13},{"not_picked":["Demon Form","Impervious"],"picked":"Offering","floor":16},{"not_picked":["Anger+1","Armaments","Cleave"],"picked":"SKIP","floor":18},{"not_picked":["Sword Boomerang","Clothesline"],"picked":"Evolve+1","floor":19},{"not_picked":["Dual Wield","Headbutt","Sword Boomerang"],"picked":"SKIP","floor":22},{"not_picked":["Power Through","Warcry"],"picked":"Spot Weakness+1","floor":27},{"not_picked":["Clothesline","Hemokinesis"],"picked":"Limit Break","floor":28},{"not_picked":["Flex","Thunderclap"],"picked":"Battle Trance","floor":30},{"not_picked":["Body Slam","Thunderclap","Twin Strike"],"picked":"SKIP","floor":31},{"not_picked":["Perfected Strike+1","Heavy Blade"],"picked":"Twin Strike+1","floor":35},{"not_picked":["Rampage+1","Combust"],"picked":"Seeing Red","floor":37},{"not_picked":["Uppercut","Clash"],"picked":"Warcry","floor":41},{"not_picked":["Sword Boomerang","Ghostly Armor+1"],"picked":"True Grit","floor":42},{"not_picked":["Anger+1","Wild Strike+1"],"picked":"Limit Break","floor":45},{"not_picked":["Iron Wave","Pommel Strike","Uppercut"],"picked":"SKIP","floor":46},{"not_picked":["Thunderclap+1","Sword Boomerang","Seeing Red"],"picked":"SKIP","floor":47}],"player_experience":560600,"relics_obtained":[{"floor":6,"key":"StoneCalendar"},{"floor":9,"key":"Pocketwatch"},{"floor":12,"key":"Art of War"},{"floor":26,"key":"Self Forming Clay"},{"floor":30,"key":"Red Skull"},{"floor":37,"key":"Ginger"},{"floor":42,"key":"Lantern"},{"floor":43,"key":"Paper Frog"},{"floor":45,"key":"Juzu Bracelet"}],"event_choices":[{"damage_healed":0,"gold_gain":72,"player_choice":"Gained Gold","damage_taken":0,"max_hp_gain":0,"max_hp_loss":0,"event_name":"Golden Wing","floor":2,"gold_loss":0},{"damage_healed":0,"gold_gain":0,"player_choice":"Grow","damage_taken":0,"max_hp_gain":0,"max_hp_loss":0,"event_name":"Living Wall","floor":4,"gold_loss":0,"cards_upgraded":["Limit Break"]},{"damage_healed":0,"gold_gain":0,"player_choice":"1 cards matched","damage_taken":0,"max_hp_gain":0,"max_hp_loss":0,"event_name":"Match and Keep!","floor":11,"gold_loss":0,"cards_obtained":["Reaper"]},{"damage_healed":0,"gold_gain":50,"player_choice":"Stole From Cult","damage_taken":0,"max_hp_gain":0,"max_hp_loss":0,"event_name":"Nest","floor":24,"gold_loss":0},{"damage_healed":0,"gold_gain":0,"player_choice":"Obtained Relic","damage_taken":0,"relics_obtained":["Pear"],"max_hp_gain":0,"max_hp_loss":0,"event_name":"Addict","floor":25,"gold_loss":85},{"damage_healed":0,"gold_gain":0,"player_choice":"Fight","damage_taken":0,"max_hp_gain":0,"max_hp_loss":0,"event_name":"MindBloom","floor":37,"gold_loss":0},{"damage_healed":0,"gold_gain":0,"player_choice":"Paid","damage_taken":0,"relics_obtained":["Red Mask"],"max_hp_gain":0,"max_hp_loss":0,"event_name":"Tomb of Lord Red Mask","floor":38,"gold_loss":126},{"damage_healed":0,"gold_gain":0,"player_choice":"Ignored","damage_taken":0,"max_hp_gain":0,"max_hp_loss":0,"event_name":"SecretPortal","floor":39,"gold_loss":0}],"is_beta":false,"boss_relics":[{"not_picked":["Ectoplasm","Philosopher\u0027s Stone"],"picked":"Mark of Pain"},{"not_picked":["Eternal Feather","Lizard Tail"],"picked":"Runic Pyramid"}],"items_purged_floors":[36,48],"is_endless":false,"potions_floor_spawned":[3,12,16,22,27,30,31,35,37,42,45],"ascension_level":16}