{"gold_per_floor":[115,40,50,67,67,67,67,67,90,102,102,118,118,18,18,116,116,130,130,130,5,23,23,23,23,48,48,63,77,95,108,108,108],"floor_reached":33,"playtime":1190,"items_purged":["Strike_B","Defend_B","Heatsinks+1"],"score":237,"play_id":"1f9e934c-7078-4ad3-8ceb-c6d01000f596","local_time":"20180814203239","is_ascension_mode":false,"campfire_choices":[{"floor":6,"key":"REST"},{"data":"Zap","floor":8,"key":"SMITH"},{"data":"Streamline","floor":13,"key":"SMITH"},{"data":"Conserve Battery","floor":15,"key":"SMITH"},{"data":"Cold Snap","floor":23,"key":"SMITH"},{"data":"Strike_B","floor":25,"key":"SMITH"},{"data":"Defend_B","floor":27,"key":"SMITH"},{"floor":32,"key":"REST"}],"neow_cost":"NONE","seed_source_timestamp":39835685152478,"circlet_count":0,"master_deck":["Strike_B","Strike_B+1","Defend_B","Defend_B+1","Zap+1","Cold Snap+1","Conserve Battery+1","Streamline+1","Streamline+1","Amplify+1","Turbo+1"],"relics":["White Beast Statue","Centennial Puzzle","DataDisk","Astrolabe","Vajra"],"potions_floor_usage":[16,31],"damage_taken":[{"damage":10,"enemies":"Small Slimes","floor":1,"turns":3},{"damage":0,"enemies":"2 Louse","floor":3,"turns":4},{"damage":2,"enemies":"Cultist","floor":4,"turns":4},{"damage":2,"enemies":"Blue Slaver","floor":10,"turns":4},{"damage":7,"enemies":"2 Fungi Beasts","floor":12,"turns":3},{"damage":17,"enemies":"The Guardian","floor":16,"turns":10},{"damage":32,"enemies":"3 Byrds","floor":18,"turns":6},{"damage":0,"enemies":"Chosen","floor":22,"turns":3},{"damage":18,"enemies":"Snake Plant","floor":28,"turns":4},{"damage":0,"enemies":"Snecko","floor":29,"turns":4},{"damage":20,"enemies":"Cultist and Chosen","floor":30,"turns":5},{"damage":15,"enemies":"3 Cultists","floor":31,"turns":4},{"damage":37,"enemies":"Collector","floor":33,"turns":3}],"seed_played":"4693912948975082028","potions_obtained":[{"floor":1,"key":"Block Potion"},{"floor":3,"key":"PowerPotion"},{"floor":4,"key":"EssenceOfSteel"},{"floor":18,"key":"FocusPotion"},{"floor":29,"key":"AttackPotion"}],"is_trial":false,"path_per_floor":["M","$","M","M","?","R","?","R","T","M","?","M","R","$","R","B",null,"M","?","?","$","M","R","$","R","T","R","M","M","M","M","R"],"character_chosen":"DEFECT","items_purchased":[],"campfire_rested":2,"item_purchase_floors":[],"current_hp_per_floor":[65,65,65,63,51,73,73,73,73,71,71,64,64,64,64,47,75,43,43,68,68,68,68,68,68,68,68,50,50,30,15,37,0],"gold":108,"neow_bonus":"BOSS_RELIC","is_prod":false,"is_daily":false,"chose_seed":false,"campfire_upgraded":6,"win_rate":0,"timestamp":1534293159,"path_taken":["M","$","M","M","?","R","?","R","T","M","?","?","R","$","R","BOSS","M","?","?","$","M","R","$","R","T","R","M","M","M","M","R","BOSS"],"build_version":"2018-08-09","purchased_purges":3,"victory":false,"max_hp_per_floor":[75,75,75,75,75,75,75,75,75,75,75,75,75,75,75,75,75,75,75,75,75,75,75,75,75,75,75,75,75,75,75,75,75],"card_choices":[{"not_picked":["Skim","White Noise"],"picked":"Cold Snap","floor":1},{"not_picked":["Recycle","Go for the Eyes","Turbo"],"picked":"SKIP","floor":3},{"not_picked":["Compile Driver","Recycle"],"picked":"Conserve Battery","floor":4},{"not_picked":["Capacitor","Genetic Algorithm","Stack"],"picked":"SKIP","floor":10},{"not_picked":["Core Surge","Reprogram"],"picked":"Streamline","floor":12},{"not_picked":["Skim","Gash","Doom and Gloom"],"picked":"SKIP","floor":18},{"not_picked":["Coolheaded","Sweeping Beam","Hologram"],"picked":"SKIP","floor":22},{"not_picked":["Beam Cell","Double Energy","Sweeping Beam"],"picked":"SKIP","floor":28},{"not_picked":["Chill","Sweeping Beam","White Noise"],"picked":"SKIP","floor":29},{"not_picked":["Recycle","Sunder","Steam"],"picked":"SKIP","floor":30},{"not_picked":["Beam Cell+1","Rebound"],"picked":"Turbo+1","floor":31}],"player_experience":306947,"relics_obtained":[{"floor":9,"key":"DataDisk"},{"floor":26,"key":"Vajra"}],"event_choices":[{"event_name":"Scrap Ooze","player_choice":"success","floor":5,"damage_taken":12},{"event_name":"Liars Game","player_choice":"disagreed","floor":7,"damage_taken":0},{"event_name":"The Lab","player_choice":"Got Potions","floor":11,"damage_taken":0},{"event_name":"Cursed Tome","player_choice":"Ignored","floor":19,"damage_taken":0},{"event_name":"The Library","player_choice":"Heal","floor":20,"damage_taken":0}],"is_beta":false,"boss_relics":[{"not_picked":["Runic Pyramid","Ectoplasm"],"picked":"Astrolabe"}],"items_purged_floors":[2,14,21],"is_endless":false,"potions_floor_spawned":[1,3,4,10,12,16,18,22,28,29,30,31],"killed_by":"Collector","ascension_level":0}