{"gold_per_floor":[112,124,49,49,66,66,14,14,314,333,333,352,352,370,370,472,472,487,487,387,397,414,289,289,316,316,40,58,58,58,70,70,171,171,186,186,201,216,216,216,244,56,56,72,72,90,90,107,107,107],"floor_reached":51,"playtime":2498,"items_purged":["Defend_R","Strike_R","Strike_R","Strike_R","Defend_R+1"],"score":764,"play_id":"2d9f5eda-333f-41e1-a131-16fcf2a76622","local_time":"20190417120544","is_ascension_mode":false,"campfire_choices":[{"data":"Flame Barrier","floor":6.0,"key":"SMITH"},{"data":"Body Slam","floor":8.0,"key":"SMITH"},{"data":"Defend_R","floor":11.0,"key":"SMITH"},{"data":"Flame Barrier","floor":13.0,"key":"SMITH"},{"data":"Searing Blow","floor":15.0,"key":"SMITH"},{"data":"Searing Blow+1","floor":24.0,"key":"SMITH"},{"data":"Searing Blow+2","floor":30.0,"key":"SMITH"},{"data":"Searing Blow+3","floor":32.0,"key":"SMITH"},{"data":"Searing Blow+4","floor":40,"key":"SMITH"},{"floor":45,"key":"REST"},{"data":"Searing Blow+5","floor":47,"key":"SMITH"},{"data":"Searing Blow+6","floor":49,"key":"SMITH"}],"neow_cost":"TEN_PERCENT_HP_LOSS","seed_source_timestamp":3397523036857000,"circlet_count":0,"master_deck":["Bash+1","Flame Barrier+1","Body Slam+1","Flame Barrier+1","Searing Blow+7"],"special_seed":0,"relics":["Burning Blood","Old Coin","Sozu","Dodecahedron","Paper Frog","Membership Card","Busted Crown","Strawberry","TheAbacus","Kunai"],"potions_floor_usage":[],"damage_taken":[{"damage":2.0,"enemies":"2 Louse","floor":1.0,"turns":2.0},{"damage":1.0,"enemies":"Cultist","floor":2.0,"turns":3.0},{"damage":5.0,"enemies":"Small Slimes","floor":5.0,"turns":3.0},{"damage":0.0,"enemies":"Blue Slaver","floor":10.0,"turns":3.0},{"damage":0.0,"enemies":"Large Slime","floor":12.0,"turns":3.0},{"damage":0.0,"enemies":"3 Louse","floor":14.0,"turns":3.0},{"damage":38.0,"enemies":"Slime Boss","floor":16.0,"turns":14.0},{"damage":5.0,"enemies":"Chosen","floor":18.0,"turns":4.0},{"damage":4.0,"enemies":"2 Thieves","floor":21.0,"turns":3.0},{"damage":0.0,"enemies":"Snake Plant","floor":22.0,"turns":3.0},{"damage":7.0,"enemies":"Book of Stabbing","floor":25.0,"turns":4.0},{"damage":4.0,"enemies":"Centurion and Healer","floor":28.0,"turns":4.0},{"damage":0.0,"enemies":"Snecko","floor":31.0,"turns":3.0},{"damage":49.0,"enemies":"Champ","floor":33.0,"turns":7.0},{"damage":0.0,"enemies":"Orb Walker","floor":35.0,"turns":2.0},{"damage":0.0,"enemies":"3 Darklings","floor":37.0,"turns":3.0},{"damage":0,"enemies":"Sphere and 2 Shapes","floor":38,"turns":4},{"damage":29,"enemies":"Nemesis","floor":41,"turns":5},{"damage":0,"enemies":"Writhing Mass","floor":44,"turns":3},{"damage":0,"enemies":"3 Darklings","floor":46,"turns":2},{"damage":0,"enemies":"Maw","floor":48,"turns":3},{"damage":9,"enemies":"Donu and Deca","floor":50,"turns":6}],"seed_played":"-4609807077461225936","potions_obtained":[{"floor":2.0,"key":"Explosive Potion"},{"floor":12.0,"key":"SkillPotion"},{"floor":14.0,"key":"PowerPotion"},{"floor":16.0,"key":"AttackPotion"}],"is_trial":false,"path_per_floor":["M","M","$","?","M","R","$","R","T","M","R","M","R","M","R","B",null,"M","?","$","M","M","$","R","E","T","$","M","?","R","M","R","B",null,"M","?","M","M","?","R","E","$","T","M","R","M","R","M","R","B",null],"character_chosen":"IRONCLAD","items_purchased":["Body Slam","Membership Card","TheAbacus"],"campfire_rested":1,"item_purchase_floors":[7,27,42],"current_hp_per_floor":[72,72,72,72,72,72,72,72,72,72,72,72,72,72,72,40,72,72,72,72,72,72,72,72,71,71,71,72,72,72,72,72,29,72,72,72,72,72,72,72,56,56,56,62,79,79,79,79,79,76],"gold":107,"neow_bonus":"REMOVE_TWO","is_prod":false,"is_daily":false,"chose_seed":false,"campfire_upgraded":11,"win_rate":0,"timestamp":1555527944,"path_taken":["M","M","$","?","?","R","$","R","T","M","R","M","R","M","R","BOSS","M","?","$","M","M","$","R","E","T","$","M","?","R","M","R","BOSS","M","?","?","M","?","R","E","$","T","M","R","M","R","M","R","BOSS"],"build_version":"2019-04-04","purchased_purges":5,"victory":true,"max_hp_per_floor":[72,72,72,72,72,72,72,72,72,72,72,72,72,72,72,72,72,72,72,72,72,72,72,72,72,72,72,72,72,72,72,72,72,72,72,72,72,72,72,72,79,79,79,79,79,79,79,79,79,79],"card_choices":[{"not_picked":["Warcry","Sword Boomerang","Anger"],"picked":"SKIP","floor":1.0},{"not_picked":["Armaments","Warcry","Dual Wield"],"picked":"SKIP","floor":2.0},{"not_picked":["Dual Wield","Metallicize"],"picked":"Flame Barrier","floor":5.0},{"not_picked":["Burning Pact","Sever Soul","Clash"],"picked":"SKIP","floor":10.0},{"not_picked":["Headbutt","Sentinel"],"picked":"Flame Barrier","floor":12.0},{"not_picked":["Intimidate","Inflame"],"picked":"Searing Blow","floor":14.0},{"not_picked":["Battle Trance","Body Slam","Evolve"],"picked":"SKIP","floor":18.0},{"not_picked":["Pommel Strike","Perfected Strike","Anger"],"picked":"SKIP","floor":21.0},{"not_picked":["Anger","Shrug It Off+1","Pummel"],"picked":"SKIP","floor":22.0},{"not_picked":["Twin Strike","Warcry","Double Tap"],"picked":"SKIP","floor":25.0},{"not_picked":["Clothesline","Thunderclap","Ghostly Armor"],"picked":"SKIP","floor":28.0},{"not_picked":["Perfected Strike","Rage+1","Shrug It Off"],"picked":"SKIP","floor":31.0},{"not_picked":["Rupture+1"],"picked":"SKIP","floor":35.0},{"not_picked":["Flex+1"],"picked":"SKIP","floor":37.0},{"not_picked":["Pommel Strike+1"],"picked":"SKIP","floor":38},{"not_picked":["Dropkick+1"],"picked":"SKIP","floor":41},{"not_picked":["Anger"],"picked":"SKIP","floor":44},{"not_picked":["Iron Wave"],"picked":"SKIP","floor":46},{"not_picked":["Seeing Red"],"picked":"SKIP","floor":48}],"player_experience":3413727,"relics_obtained":[{"floor":9.0,"key":"Old Coin"},{"floor":25.0,"key":"Dodecahedron"},{"floor":26.0,"key":"Paper Frog"},{"floor":41,"key":"Strawberry"},{"floor":43,"key":"Kunai"}],"event_choices":[{"damage_healed":0.0,"max_hp_gain":0.0,"max_hp_loss":0.0,"gold_gain":0.0,"event_name":"Upgrade Shrine","player_choice":"Upgraded","floor":4.0,"gold_loss":0.0,"damage_taken":0.0,"cards_upgraded":["Bash"]},{"cards_removed":["Strike_R"],"damage_healed":0.0,"max_hp_gain":0.0,"max_hp_loss":0.0,"gold_gain":0.0,"event_name":"Back to Basics","player_choice":"Elegance","floor":19.0,"gold_loss":0.0,"damage_taken":0.0},{"damage_healed":0.0,"max_hp_gain":0.0,"max_hp_loss":0.0,"gold_gain":0.0,"event_name":"N\u0027loth","player_choice":"Ignored","floor":29.0,"gold_loss":0.0,"damage_taken":0.0},{"cards_removed":["Defend_R"],"damage_healed":0.0,"max_hp_gain":0.0,"max_hp_loss":0.0,"gold_gain":0.0,"event_name":"Purifier","player_choice":"Purged","floor":36.0,"gold_loss":0.0,"damage_taken":0.0},{"damage_healed":0,"gold_gain":0,"player_choice":"Ignored","damage_taken":0,"max_hp_gain":0,"max_hp_loss":0,"event_name":"Tomb of Lord Red Mask","floor":39,"gold_loss":0}],"is_beta":true,"boss_relics":[{"not_picked":["Lizard Tail","Cursed Key"],"picked":"Sozu"},{"not_picked":["Velvet Choker","Black Blood"],"picked":"Busted Crown"}],"items_purged_floors":[3,20,23,27,42],"is_endless":false,"potions_floor_spawned":[2,12,14,16,18,25,28,38,44,46,48],"ascension_level":0}