{"gold_per_floor":[114,129,129,129,148,148,186,186,211,161,180,62,62,62,62,187,187,206,51,51,70,89,89,127,127,127,55,74,74,74,2,2,127,190,209,228,561,576,591,591,606,606,606,606,606,621,651,70,70,70],"floor_reached":51,"playtime":4319,"items_purged":["Defend_B"],"score":793,"play_id":"4c94f023-bdc8-4326-b2b2-38018e142b1c","local_time":"20190315134854","daily_mods":["Heirloom","ControlledChaos","Night Terrors"],"is_ascension_mode":false,"campfire_choices":[{"data":"Zap","floor":6,"key":"SMITH"},{"data":"Dualcast","floor":8,"key":"SMITH"},{"data":"Sunder","floor":13,"key":"SMITH"},{"data":"Capacitor","floor":15,"key":"SMITH"},{"data":"Glacier","floor":23,"key":"SMITH"},{"data":"Hologram","floor":25,"key":"SMITH"},{"data":"Biased Cognition","floor":29,"key":"SMITH"},{"floor":32,"key":"REST"},{"data":"Conserve Battery","floor":40,"key":"SMITH"},{"data":"Electrodynamics","floor":42,"key":"SMITH"},{"data":"Compile Driver","floor":45,"key":"SMITH"},{"floor":49,"key":"REST"}],"neow_cost":"","seed_source_timestamp":0,"circlet_count":0,"master_deck":["Strike_B+1","Strike_B+1","Defend_B","Defend_B","Defend_B","Zap+1","Dualcast+1","Leap","Ball Lightning","Compile Driver+1","Conserve Battery+1","Cold Snap","Capacitor+1","Sunder+1","Electrodynamics+1","Auto Shields+1","Glacier+1","Hologram+1","Biased Cognition+1","Loop+1","Core Surge","Consume+1","Writhe","Buffer","FTL"],"special_seed":17970,"relics":["Cracked Core","Frozen Eye","Incense Burner","Dodecahedron","Whetstone","Snecko Eye","Pear","Symbiotic Virus","Nilry\u0027s Codex","Tiny House","Pen Nib","Peace Pipe","HandDrill","StoneCalendar"],"potions_floor_usage":[16,50,50,50],"damage_taken":[{"damage":6,"enemies":"Jaw Worm","floor":1,"turns":3},{"damage":0,"enemies":"Small Slimes","floor":2,"turns":2},{"damage":1,"enemies":"Cultist","floor":5,"turns":3},{"damage":6,"enemies":"3 Sentries","floor":7,"turns":5},{"damage":3,"enemies":"3 Louse","floor":11,"turns":3},{"damage":16,"enemies":"Slime Boss","floor":16,"turns":7},{"damage":0,"enemies":"2 Thieves","floor":18,"turns":2},{"damage":11,"enemies":"Colosseum Slavers","floor":20,"turns":4},{"damage":0,"enemies":"3 Byrds","floor":21,"turns":3},{"damage":7,"enemies":"Centurion and Healer","floor":22,"turns":4},{"damage":20,"enemies":"Slavers","floor":24,"turns":3},{"damage":15,"enemies":"Snecko","floor":28,"turns":3},{"damage":14,"enemies":"Champ","floor":33,"turns":9},{"damage":0,"enemies":"3 Darklings","floor":35,"turns":7},{"damage":0,"enemies":"Orb Walker","floor":36,"turns":3},{"damage":19,"enemies":"Maw","floor":38,"turns":8},{"damage":0,"enemies":"Transient","floor":39,"turns":5},{"damage":20,"enemies":"3 Darklings","floor":41,"turns":8},{"damage":0,"enemies":"Spire Growth","floor":46,"turns":4},{"damage":17,"enemies":"Nemesis","floor":47,"turns":9},{"damage":32,"enemies":"Time Eater","floor":50,"turns":8}],"seed_played":"1956191728071383589","potions_obtained":[{"floor":1,"key":"SpeedPotion"},{"floor":2,"key":"Regen Potion"},{"floor":16,"key":"Strength Potion"},{"floor":18,"key":"Swift Potion"},{"floor":21,"key":"EssenceOfSteel"},{"floor":34,"key":"Dexterity Potion"},{"floor":38,"key":"PowerPotion"}],"is_trial":false,"path_per_floor":["M","M","?","?","M","R","E","R","T","?","M","$","R","?","R","B",null,"M","$","?","M","M","R","E","R","T","$","M","R","?","$","R","B",null,"M","M","?","M","M","R","M","R","T","?","R","M","E","$","R","B",null],"character_chosen":"DEFECT","items_purchased":["Capacitor","Sunder","Glacier","Biased Cognition","Loop","HandDrill","FTL","StoneCalendar"],"campfire_rested":2,"item_purchase_floors":[12,12,19,27,31,48,48,48],"current_hp_per_floor":[69,69,51,51,50,50,44,44,44,44,41,41,41,41,41,40,75,75,75,64,64,57,57,47,47,47,47,32,32,16,16,80,66,85,85,85,85,66,66,66,46,46,46,67,67,67,50,50,80,48],"gold":70,"neow_bonus":"","is_prod":false,"is_daily":true,"chose_seed":false,"campfire_upgraded":10,"win_rate":0,"timestamp":1552654134,"path_taken":["M","M","?","?","?","R","E","R","T","?","M","$","R","?","R","BOSS","M","$","?","M","M","R","E","R","T","$","M","R","?","$","R","BOSS","M","M","?","M","M","R","M","R","T","?","R","M","E","$","R","BOSS"],"build_version":"2019-01-23","purchased_purges":1,"victory":true,"max_hp_per_floor":[75,75,75,75,75,75,75,75,75,75,75,75,75,75,75,75,75,75,75,75,75,75,75,85,85,85,85,85,85,85,85,80,80,85,85,85,85,85,85,85,85,85,85,85,85,85,85,85,80,80],"card_choices":[{"not_picked":["Rebound","Reprogram"],"picked":"Leap","floor":1},{"not_picked":["Barrage","Compile Driver"],"picked":"Ball Lightning","floor":2},{"not_picked":["Beam Cell","Fission"],"picked":"Compile Driver","floor":5},{"not_picked":["Hologram","Machine Learning"],"picked":"Conserve Battery","floor":7},{"not_picked":["Stack","Turbo"],"picked":"Cold Snap","floor":11},{"not_picked":["Meteor Strike","Rainbow"],"picked":"Electrodynamics","floor":16},{"not_picked":["Compile Driver","Streamline"],"picked":"Auto Shields+1","floor":18},{"not_picked":["Aggregate","Auto Shields","Turbo+1"],"picked":"SKIP","floor":21},{"not_picked":["Streamline","Doom and Gloom","Genetic Algorithm"],"picked":"SKIP","floor":22},{"not_picked":["Redo+1","Leap"],"picked":"Hologram","floor":24},{"not_picked":["Steam","Rebound+1","Hello World"],"picked":"SKIP","floor":28},{"not_picked":["Rebound","Hologram","Steam"],"picked":"SKIP","floor":35},{"not_picked":["Steam+1","Doom and Gloom"],"picked":"Core Surge","floor":36},{"not_picked":["Stack+1","Beam Cell+1"],"picked":"Consume+1","floor":38},{"not_picked":["Chaos+1","Gash+1","Steam"],"picked":"SKIP","floor":39},{"not_picked":["Capacitor","Rebound+1","Ball Lightning"],"picked":"SKIP","floor":41},{"not_picked":["Hologram+1","Turbo","Skim+1"],"picked":"SKIP","floor":46},{"not_picked":["Darkness+1","Storm+1"],"picked":"Buffer","floor":47}],"player_experience":76621,"relics_obtained":[{"floor":7,"key":"Dodecahedron"},{"floor":9,"key":"Whetstone"},{"floor":24,"key":"Pear"},{"floor":26,"key":"Symbiotic Virus"},{"floor":30,"key":"Nilry\u0027s Codex"},{"floor":43,"key":"Pen Nib"},{"floor":47,"key":"Peace Pipe"}],"event_choices":[{"damage_healed":0,"gold_gain":0,"player_choice":"Take Damage","damage_taken":18,"relics_obtained":["Golden Idol"],"max_hp_gain":0,"max_hp_loss":0,"event_name":"Golden Idol","floor":3,"gold_loss":0},{"cards_removed":["Strike_B"],"damage_healed":0,"gold_gain":0,"player_choice":"Offered Basic","damage_taken":0,"max_hp_gain":0,"max_hp_loss":0,"event_name":"Bonfire Elementals","floor":4,"gold_loss":0},{"cards_removed":["Strike_B"],"damage_healed":0,"gold_gain":0,"player_choice":"Card Removal","damage_taken":0,"max_hp_gain":0,"max_hp_loss":0,"event_name":"The Cleric","floor":10,"gold_loss":50},{"damage_healed":0,"gold_gain":0,"player_choice":"0 cards matched","damage_taken":0,"max_hp_gain":0,"max_hp_loss":0,"event_name":"Match and Keep!","floor":14,"gold_loss":0,"cards_obtained":[]},{"damage_healed":0,"gold_gain":0,"player_choice":"Fight","damage_taken":0,"max_hp_gain":0,"max_hp_loss":0,"event_name":"Colosseum","floor":20,"gold_loss":0},{"damage_healed":0,"gold_gain":0,"player_choice":"Fled From Nobs","damage_taken":0,"max_hp_gain":0,"max_hp_loss":0,"event_name":"Colosseum","floor":20,"gold_loss":0},{"damage_healed":0,"gold_gain":0,"player_choice":"Obtained Book","damage_taken":16,"max_hp_gain":0,"max_hp_loss":0,"event_name":"Cursed Tome","floor":30,"gold_loss":0},{"damage_healed":0,"gold_gain":333,"player_choice":"Gave Idol","damage_taken":0,"max_hp_gain":0,"max_hp_loss":0,"event_name":"The Moai Head","floor":37,"relics_lost":["Golden Idol"],"gold_loss":0},{"damage_healed":21,"gold_gain":0,"player_choice":"Writhe","damage_taken":0,"max_hp_gain":0,"max_hp_loss":0,"event_name":"Winding Halls","floor":44,"gold_loss":0,"cards_obtained":["Writhe"]}],"is_beta":false,"boss_relics":[{"not_picked":["Inserter","Black Star"],"picked":"Snecko Eye"},{"not_picked":["Eternal Feather","Philosopher\u0027s Stone"],"picked":"Tiny House"}],"items_purged_floors":[19],"is_endless":false,"potions_floor_spawned":[1,2,16,18,21,22,28,35,36,38,46],"ascension_level":0}