{"gold_per_floor":[111,124,199,199,218,218,250,250,250,268,268,3,3,3,3,106,106,124,138,38,53,53,88,88,88,166,166,182,182,214,229,229,229],"floor_reached":33,"playtime":2291,"items_purged":["Normality","Accuracy"],"score":297,"play_id":"af7447d3-fc33-4ead-af7f-837115e22b38","local_time":"20190417212735","is_ascension_mode":true,"campfire_choices":[{"floor":6,"key":"REST"},{"floor":8,"key":"REST"},{"floor":13,"key":"REST"},{"data":"Flechettes","floor":15,"key":"SMITH"},{"floor":24,"key":"REST"},{"data":"Noxious Fumes","floor":27,"key":"SMITH"},{"data":"Venomology","floor":29,"key":"SMITH"},{"floor":32,"key":"REST"}],"neow_cost":"CURSE","seed_source_timestamp":31107871671604,"circlet_count":0,"master_deck":["Survivor","Neutralize","Flechettes+1","Venomology+1","Quick Slash+1","Cloak And Dagger","Dodge and Roll","Calculated Gamble","Sucker Punch+1","Die Die Die+1","Backstab+1","Skewer+1","Predator+1","Underhanded Strike+1","Backflip","Noxious Fumes+1","Masterful Stab+1","Terror+1","All Out Attack+1","Die Die Die+1","Outmaneuver+1"],"relics":["Ring of the Snake","Molten Egg 2","Whetstone","Turnip","Sling","Pandora\u0027s Box","Regal Pillow","Paper Crane","Happy Flower"],"potions_floor_usage":[1,7,16,16,19,23,30,33,33,33,33],"damage_taken":[{"damage":0,"enemies":"Cultist","floor":1,"turns":3},{"damage":11,"enemies":"Jaw Worm","floor":2,"turns":3},{"damage":4,"enemies":"Small Slimes","floor":5,"turns":3},{"damage":31,"enemies":"3 Sentries","floor":7,"turns":8},{"damage":18,"enemies":"3 Louse","floor":10,"turns":3},{"damage":32,"enemies":"Hexaghost","floor":16,"turns":9},{"damage":0,"enemies":"Spheric Guardian","floor":18,"turns":2},{"damage":10,"enemies":"2 Thieves","floor":19,"turns":2},{"damage":0,"enemies":"Sentry and Sphere","floor":21,"turns":2},{"damage":2,"enemies":"Gremlin Leader","floor":23,"turns":4},{"damage":3,"enemies":"3 Cultists","floor":28,"turns":3},{"damage":6,"enemies":"Book of Stabbing","floor":30,"turns":3},{"damage":44,"enemies":"Centurion and Healer","floor":31,"turns":4},{"damage":88,"enemies":"Champ","floor":33,"turns":7}],"seed_played":"407140439463711243","potions_obtained":[{"floor":5,"key":"FearPotion"},{"floor":19,"key":"PowerPotion"},{"floor":23,"key":"Swift Potion"},{"floor":31,"key":"Fruit Juice"}],"is_trial":false,"path_per_floor":["M","M","?","?","M","R","E","R","T","M","?","$","R","$","R","B",null,"M","M","$","M","$","E","R","?","T","R","M","R","E","M","R","B"],"character_chosen":"THE_SILENT","items_purchased":["Sling"],"campfire_rested":5,"item_purchase_floors":[12],"current_hp_per_floor":[70,59,48,48,44,65,34,55,55,37,37,37,58,58,58,26,70,70,60,60,60,60,58,70,70,70,70,67,67,61,17,53,0],"gold":229,"neow_bonus":"TRANSFORM_TWO_CARDS","is_prod":false,"is_daily":false,"chose_seed":false,"campfire_upgraded":3,"win_rate":0,"timestamp":1555550855,"path_taken":["M","M","?","?","M","R","E","R","T","M","?","$","R","$","R","BOSS","M","M","$","M","$","E","R","?","T","R","M","R","E","?","R","BOSS"],"build_version":"2019-01-23","purchased_purges":2,"victory":false,"max_hp_per_floor":[70,70,70,70,70,70,70,70,70,70,70,70,70,70,70,70,70,70,70,70,70,70,70,70,70,70,70,70,70,70,70,70,75],"card_choices":[{"not_picked":["Dagger Throw","Heel Hook"],"picked":"Quick Slash","floor":1},{"not_picked":["Setup","Noxious Fumes"],"picked":"Cloak And Dagger","floor":2},{"not_picked":["Quick Slash","Predator"],"picked":"Dodge and Roll","floor":5},{"not_picked":["Finisher","Blur"],"picked":"Calculated Gamble","floor":7},{"not_picked":["Deflect","Blade Dance"],"picked":"Sucker Punch+1","floor":10},{"not_picked":["Venomology","Burst"],"picked":"Die Die Die+1","floor":16},{"not_picked":["Predator+1","Prepared","Outmaneuver"],"picked":"SKIP","floor":18},{"not_picked":["Dagger Spray+1","Dagger Throw+1"],"picked":"Terror+1","floor":19},{"not_picked":["Accuracy","Prepared+1"],"picked":"All Out Attack+1","floor":21},{"not_picked":["Dagger Throw+1","Night Terror","Blade Dance+1"],"picked":"SKIP","floor":23},{"not_picked":["Slice+1","Prepared"],"picked":"Outmaneuver+1","floor":28},{"not_picked":["Dodge and Roll","Backflip","Quick Slash+1"],"picked":"SKIP","floor":30},{"not_picked":["Bane+1","Acrobatics","Reflex+1"],"picked":"SKIP","floor":31}],"player_experience":487502,"relics_obtained":[{"floor":7,"key":"Molten Egg 2"},{"floor":9,"key":"Whetstone"},{"floor":23,"key":"Regal Pillow"},{"floor":26,"key":"Paper Crane"},{"floor":30,"key":"Happy Flower"}],"event_choices":[{"damage_healed":0,"gold_gain":75,"player_choice":"Gather Gold","damage_taken":11,"max_hp_gain":0,"max_hp_loss":0,"event_name":"World of Goop","floor":3,"gold_loss":0},{"damage_healed":0,"gold_gain":0,"player_choice":"Ignored","damage_taken":0,"max_hp_gain":0,"max_hp_loss":0,"event_name":"Liars Game","floor":4,"gold_loss":0},{"damage_healed":0,"gold_gain":0,"player_choice":"Searched \u00271\u0027 times","damage_taken":0,"relics_obtained":["Turnip"],"max_hp_gain":0,"max_hp_loss":0,"event_name":"Dead Adventurer","floor":11,"gold_loss":0},{"damage_healed":0,"gold_gain":0,"player_choice":"Copied","damage_taken":0,"max_hp_gain":0,"max_hp_loss":0,"event_name":"Duplicator","floor":25,"gold_loss":0,"cards_obtained":["Die Die Die"]}],"is_beta":false,"boss_relics":[{"not_picked":["Runic Pyramid","Busted Crown"],"picked":"Pandora\u0027s Box"}],"items_purged_floors":[12,20],"is_endless":false,"potions_floor_spawned":[5,19,23,31],"killed_by":"Champ","ascension_level":1}