{"gold_per_floor":[361,64,64,64,84,84,100,120,120,137,137,137,150,178,178,275,275,290,290,303,228,178,178],"floor_reached":23,"playtime":485,"items_purged":["Defend_R"],"score":191,"play_id":"04bb1a2e-c8fd-467f-9c33-89d396e54fee","local_time":"20190311224529","is_ascension_mode":false,"campfire_choices":[{"data":"Flex","floor":6,"key":"SMITH"},{"data":"Perfected Strike","floor":11,"key":"SMITH"},{"data":"Pommel Strike","floor":15,"key":"SMITH"}],"neow_cost":"TEN_PERCENT_HP_LOSS","seed_source_timestamp":80691803707098,"circlet_count":0,"master_deck":["Strike_R+1","Strike_R","Strike_R","Strike_R","Strike_R+1","Defend_R","Bash","Flex+1","Violence","Clash","Perfected Strike+1","Pommel Strike+1","Thunderclap","Twin Strike+1"],"relics":["Black Blood","Sundial","Smiling Mask"],"potions_floor_usage":[8,13,14],"damage_taken":[{"damage":6,"enemies":"2 Louse","floor":1,"turns":3},{"damage":0,"enemies":"Small Slimes","floor":5,"turns":3},{"damage":0,"enemies":"Cultist","floor":7,"turns":2},{"damage":0,"enemies":"Looter","floor":8,"turns":1},{"damage":9,"enemies":"Blue Slaver","floor":10,"turns":3},{"damage":3,"enemies":"Lots of Slimes","floor":13,"turns":3},{"damage":13,"enemies":"3 Sentries","floor":14,"turns":4},{"damage":4,"enemies":"Slime Boss","floor":16,"turns":7},{"damage":12,"enemies":"Shell Parasite","floor":18,"turns":3},{"damage":5,"enemies":"Chosen","floor":20,"turns":3},{"damage":74,"enemies":"Slavers","floor":23,"turns":4}],"seed_played":"-1035892209721115172","potions_obtained":[{"floor":1,"key":"Fire Potion"},{"floor":10,"key":"BloodPotion"},{"floor":13,"key":"Strength Potion"}],"is_trial":false,"path_per_floor":["M","$","?","?","M","R","M","M","T","M","R","?","M","E","R","B",null,"M","?","M","?","?","E"],"character_chosen":"IRONCLAD","items_purchased":["Flex","Violence"],"campfire_rested":0,"item_purchase_floors":[2,2],"current_hp_per_floor":[72,72,47,47,53,53,59,65,65,62,62,48,58,51,51,53,72,70,70,72,72,72,0],"gold":178,"neow_bonus":"TWO_FIFTY_GOLD","is_prod":false,"is_daily":false,"chose_seed":false,"campfire_upgraded":3,"win_rate":0,"timestamp":1552329929,"path_taken":["M","$","?","?","?","R","M","M","T","M","R","?","M","E","R","BOSS","M","?","?","?","?","E"],"build_version":"2019-01-23","purchased_purges":1,"victory":false,"max_hp_per_floor":[72,72,72,72,72,72,72,72,72,72,72,72,72,72,72,72,72,72,72,72,72,72,72],"card_choices":[{"not_picked":["Dual Wield","Rage","Sword Boomerang"],"picked":"SKIP","floor":1},{"not_picked":["Perfected Strike","Body Slam"],"picked":"Clash","floor":5},{"not_picked":["Heavy Blade","Exhume","Feel No Pain"],"picked":"SKIP","floor":7},{"not_picked":["Havoc","Armaments"],"picked":"Perfected Strike","floor":8},{"not_picked":["True Grit","Shrug It Off"],"picked":"Pommel Strike","floor":10},{"not_picked":["Carnage","Clothesline"],"picked":"Thunderclap","floor":13},{"not_picked":["Shrug It Off","Combust","Rampage"],"picked":"SKIP","floor":14},{"not_picked":["Uppercut","Heavy Blade"],"picked":"Twin Strike","floor":18},{"not_picked":["Clothesline","Armaments+1","Entrench"],"picked":"SKIP","floor":20}],"player_experience":685890,"relics_obtained":[{"floor":14,"key":"Smiling Mask"}],"event_choices":[{"damage_healed":0,"gold_gain":0,"player_choice":"Success","damage_taken":25,"relics_obtained":["Sundial"],"max_hp_gain":0,"max_hp_loss":0,"event_name":"Scrap Ooze","floor":3,"gold_loss":0},{"cards_removed":["Defend_R"],"damage_healed":0,"gold_gain":0,"player_choice":"Offered Basic","damage_taken":0,"max_hp_gain":0,"max_hp_loss":0,"event_name":"Bonfire Elementals","floor":4,"gold_loss":0},{"damage_healed":0,"gold_gain":0,"player_choice":"Entered Light","damage_taken":14,"max_hp_gain":0,"max_hp_loss":0,"event_name":"Shining Light","floor":12,"gold_loss":0,"cards_upgraded":["Strike_R","Strike_R"]},{"damage_healed":0,"gold_gain":0,"player_choice":"Upgraded","damage_taken":0,"max_hp_gain":0,"max_hp_loss":0,"event_name":"Upgrade Shrine","floor":19,"gold_loss":0,"cards_upgraded":["Twin Strike"]},{"cards_removed":["Defend_R"],"damage_healed":0,"gold_gain":0,"player_choice":"Gave Gold","damage_taken":0,"max_hp_gain":0,"max_hp_loss":0,"event_name":"Beggar","floor":21,"gold_loss":75},{"damage_healed":0,"gold_gain":0,"player_choice":"Bet on Murderer","damage_taken":0,"max_hp_gain":0,"max_hp_loss":0,"event_name":"The Joust","floor":22,"gold_loss":50}],"is_beta":false,"boss_relics":[{"not_picked":["Runic Pyramid","Eternal Feather"],"picked":"Black Blood"}],"items_purged_floors":[2],"is_endless":false,"potions_floor_spawned":[1,10,13],"killed_by":"Slavers","ascension_level":0}