{"gold_per_floor":[111,111,122,122,138,138,165,183,183,183,183,183,88,68,68,139,139,139,139,139,139,139,139,139,139,139,139,139,89,89,89,89,89],"floor_reached":33,"playtime":2267,"items_purged":["Strike_R","Strike_R"],"score":522,"play_id":"3fc66e9a-349b-4530-af3c-a4dd565b6c75","local_time":"20190316190255","is_ascension_mode":true,"campfire_choices":[{"data":"Bludgeon","floor":6,"key":"SMITH"},{"data":"Pommel Strike","floor":10,"key":"SMITH"},{"floor":12,"key":"REST"},{"data":"Whirlwind","floor":15,"key":"SMITH"},{"floor":23,"key":"REST"},{"data":"Pommel Strike","floor":25,"key":"SMITH"},{"data":"Battle Trance","floor":27,"key":"SMITH"},{"floor":32,"key":"REST"}],"neow_cost":"NONE","seed_source_timestamp":73414189441190,"circlet_count":0,"master_deck":["AscendersBane","Strike_R","Strike_R","Strike_R","Defend_R","Defend_R+1","Defend_R","Defend_R","Bash+1","Thunderclap","Bludgeon+1","Dropkick","Pommel Strike+1","Pommel Strike+1","Whirlwind+1","Fiend Fire+1","Shrug It Off","Battle Trance+1","Shockwave","Sword Boomerang+1"],"relics":["Burning Blood","NeowsBlessing","Smiling Mask","Blue Candle","Bag of Marbles","Dream Catcher","Ectoplasm","Mango","Ornamental Fan","Bag of Preparation","MawBank","MutagenicStrength"],"potions_floor_usage":[16,16,18,22,28,30,33,33],"damage_taken":[{"damage":0,"enemies":"2 Louse","floor":1,"turns":2},{"damage":0,"enemies":"Small Slimes","floor":3,"turns":1},{"damage":0,"enemies":"Cultist","floor":5,"turns":1},{"damage":27,"enemies":"3 Sentries","floor":7,"turns":10},{"damage":12,"enemies":"3 Louse","floor":8,"turns":4},{"damage":51,"enemies":"Hexaghost","floor":16,"turns":9},{"damage":6,"enemies":"Spheric Guardian","floor":18,"turns":3},{"damage":22,"enemies":"Shell Parasite","floor":20,"turns":3},{"damage":0,"enemies":"Snecko","floor":21,"turns":2},{"damage":0,"enemies":"Colosseum Slavers","floor":22,"turns":3},{"damage":32,"enemies":"Colosseum Nobs","floor":22,"turns":4},{"damage":6,"enemies":"Centurion and Healer","floor":28,"turns":2},{"damage":27,"enemies":"Slavers","floor":30,"turns":2},{"damage":92,"enemies":"Champ","floor":33,"turns":5}],"seed_played":"-7786380039468853417","potions_obtained":[{"floor":1,"key":"FearPotion"},{"floor":7,"key":"Weak Potion"},{"floor":14,"key":"Swift Potion"},{"floor":16,"key":"Regen Potion"},{"floor":20,"key":"Poison Potion"},{"floor":24,"key":"BloodPotion"},{"floor":24,"key":"SkillPotion"},{"floor":28,"key":"FearPotion"},{"floor":30,"key":"SpeedPotion"}],"is_trial":false,"path_per_floor":["M","?","M","?","M","R","E","M","T","R","?","R","$","?","R","B",null,"M","?","M","M","?","R","?","R","T","R","M","$","E","?","R","B"],"character_chosen":"IRONCLAD","items_purchased":["Whirlwind"],"campfire_rested":3,"item_purchase_floors":[13],"current_hp_per_floor":[74,51,57,57,63,63,42,36,36,36,31,53,53,53,53,8,58,63,63,47,53,47,73,73,73,73,73,73,73,60,60,86,0],"gold":89,"neow_bonus":"THREE_ENEMY_KILL","is_prod":false,"is_daily":false,"chose_seed":false,"campfire_upgraded":5,"win_rate":0,"timestamp":1552748575,"path_taken":["M","?","M","?","?","R","E","M","T","R","?","R","$","?","R","BOSS","M","?","?","M","?","R","?","R","T","R","?","$","E","?","R","BOSS"],"build_version":"2019-01-23","purchased_purges":2,"victory":false,"max_hp_per_floor":[75,75,75,75,75,75,75,75,75,75,75,75,75,75,75,75,75,75,75,75,75,89,89,89,89,89,89,89,89,89,89,89,89],"card_choices":[{"not_picked":["Dropkick","Pummel"],"picked":"Thunderclap","floor":1},{"not_picked":["Body Slam","Wild Strike"],"picked":"Bludgeon","floor":3},{"not_picked":["Heavy Blade","True Grit"],"picked":"Dropkick","floor":5},{"not_picked":["Evolve","Heavy Blade"],"picked":"Pommel Strike","floor":7},{"not_picked":["Body Slam","True Grit","Perfected Strike"],"picked":"SKIP","floor":8},{"not_picked":["Heavy Blade","Shrug It Off"],"picked":"Pommel Strike","floor":12},{"not_picked":["Impervious","Brutality"],"picked":"Fiend Fire","floor":16},{"not_picked":["Carnage","Wild Strike"],"picked":"Shrug It Off","floor":18},{"not_picked":["Body Slam","True Grit","Thunderclap"],"picked":"SKIP","floor":20},{"not_picked":["Heavy Blade","Flex"],"picked":"Battle Trance","floor":21},{"not_picked":["Reckless Charge","Twin Strike","Shrug It Off"],"picked":"SKIP","floor":28},{"not_picked":["Heavy Blade","Dark Embrace"],"picked":"Shockwave","floor":30},{"not_picked":["Body Slam+1","Anger"],"picked":"Sword Boomerang+1","floor":32}],"player_experience":742825,"relics_obtained":[{"floor":7,"key":"Blue Candle"},{"floor":9,"key":"Bag of Marbles"},{"floor":22,"key":"Mango"},{"floor":22,"key":"Ornamental Fan"},{"floor":26,"key":"Bag of Preparation"},{"floor":30,"key":"MawBank"}],"event_choices":[{"damage_healed":0,"gold_gain":0,"player_choice":"Entered Light","damage_taken":23,"max_hp_gain":0,"max_hp_loss":0,"event_name":"Shining Light","floor":2,"gold_loss":0,"cards_upgraded":["Bash","Defend_R"]},{"damage_healed":0,"gold_gain":0,"player_choice":"Gave Potion","damage_taken":0,"relics_obtained":["Smiling Mask"],"max_hp_gain":0,"max_hp_loss":0,"event_name":"WeMeetAgain","floor":4,"gold_loss":0},{"damage_healed":0,"gold_gain":0,"player_choice":"Success","damage_taken":5,"relics_obtained":["Dream Catcher"],"max_hp_gain":0,"max_hp_loss":0,"event_name":"Scrap Ooze","floor":11,"gold_loss":0},{"damage_healed":0,"gold_gain":0,"player_choice":"Bought 1 Potion","damage_taken":0,"max_hp_gain":0,"max_hp_loss":0,"event_name":"The Woman in Blue","floor":14,"gold_loss":0},{"damage_healed":0,"gold_gain":0,"player_choice":"Forge","damage_taken":0,"max_hp_gain":0,"max_hp_loss":0,"event_name":"Accursed Blacksmith","floor":19,"gold_loss":0,"cards_upgraded":["Fiend Fire"]},{"damage_healed":0,"gold_gain":0,"player_choice":"Fight","damage_taken":0,"max_hp_gain":0,"max_hp_loss":0,"event_name":"Colosseum","floor":22,"gold_loss":0},{"damage_healed":0,"gold_gain":0,"player_choice":"Fought Nobs","damage_taken":0,"max_hp_gain":0,"max_hp_loss":0,"event_name":"Colosseum","floor":22,"gold_loss":0},{"damage_healed":0,"gold_gain":0,"player_choice":"Got Potions","damage_taken":0,"max_hp_gain":0,"max_hp_loss":0,"event_name":"Lab","floor":24,"gold_loss":0},{"damage_healed":0,"gold_gain":0,"player_choice":"Inject Mutagens","damage_taken":0,"relics_obtained":["MutagenicStrength"],"max_hp_gain":0,"max_hp_loss":0,"event_name":"Drug Dealer","floor":31,"gold_loss":0}],"is_beta":false,"boss_relics":[{"not_picked":["Tiny House","Runic Cube"],"picked":"Ectoplasm"}],"items_purged_floors":[13,29],"is_endless":false,"potions_floor_spawned":[1,7,16,20,28,30],"killed_by":"Champ","ascension_level":20}