{"path_per_floor":["M","?","M","M","$","R","?","M","T","E","?","E","M","T","R","B",null,"M","?","$","M","M","R","M","R","T","?","?","M","?","E","R"],"character_chosen":"DEFECT","items_purchased":["Whetstone","Dramatic Entrance","Conserve Battery+1","Aggregate+1","PowerPotion"],"gold_per_floor":[119,119,138,152,1,1,1,18,99,125,200,231,245,245,245,346,346,364,364,100,120,131,131,147,147,147,147,179,196,196,228,228,228],"floor_reached":33,"campfire_rested":5,"playtime":2691,"item_purchase_floors":[5,20,20,20,20],"current_hp_per_floor":[82,82,76,65,65,82,82,82,92,61,50,19,19,19,46,21,92,92,92,92,74,27,54,43,70,70,70,36,29,29,13,40,0],"items_purged":[],"gold":228,"score":300,"play_id":"b5b0f606-ae95-4641-ae7b-766ef126c6ea","local_time":"20180615003831","is_prod":false,"is_daily":false,"chose_seed":false,"is_ascension_mode":false,"campfire_upgraded":0,"win_rate":0.0,"timestamp":1529037511,"campfire_choices":[{"floor":6,"key":"REST"},{"floor":15,"key":"REST"},{"floor":23,"key":"REST"},{"floor":25,"key":"REST"},{"floor":32,"key":"REST"}],"path_taken":["M","?","M","M","$","R","?","M","T","E","?","E","M","?","R","BOSS","M","?","$","M","M","R","M","R","T","?","?","M","?","E","R","BOSS"],"build_version":"2018-06-14","seed_source_timestamp":145672097781117,"purchased_purges":0,"victory":false,"master_deck":["Strike_B+1","Strike_B","Strike_B","Defend_B","Defend_B","Defend_B","Defend_B","Zap+1","Ball Lightning+1","Streamline","Redo","Sweeping Beam","All For One","Undo+1","Chill+1","Rainbow+1","Steam+1","Dramatic Entrance","Conserve Battery+1","Aggregate+1","Reinforced Body+1","Redo+1","Static Discharge","Decay","Reinforced Body+1","Redo+1"],"max_hp_per_floor":[82,82,82,82,82,82,82,82,92,92,92,92,92,92,92,92,92,92,92,92,92,92,92,92,92,92,92,92,92,92,92,92,92],"special_seed":17697,"relics":["Cracked Core","Whetstone","Pear","Bag of Preparation","Lantern","Toxic Egg 2","Astrolabe","Meat on the Bone","Red Mask","Bottled Flame"],"card_choices":[{"not_picked":["Sweeping Beam","FTL"],"picked":"Ball Lightning","floor":1},{"not_picked":["Go for the Eyes","White Noise"],"picked":"Streamline","floor":3},{"not_picked":["Hologram","Heatsinks"],"picked":"Redo","floor":4},{"not_picked":["Reprogram","Beam Cell"],"picked":"Sweeping Beam","floor":8},{"not_picked":["Coolheaded","Cold Snap","Go for the Eyes"],"picked":"SKIP","floor":10},{"not_picked":["Stack","Redo"],"picked":"Hologram","floor":12},{"not_picked":["Go for the Eyes","Storm","Darkness"],"picked":"SKIP","floor":13},{"not_picked":["Fission+1","Rainbow+1"],"picked":"All For One","floor":16},{"not_picked":["Stack+1","Hologram+1"],"picked":"Steam+1","floor":18},{"not_picked":["Rip and Tear","Glacier+1"],"picked":"Reinforced Body+1","floor":21},{"not_picked":["White Noise+1","Coolheaded+1"],"picked":"Redo+1","floor":22},{"not_picked":["Heatsinks","Coolheaded+1"],"picked":"Static Discharge","floor":24},{"not_picked":["Conserve Battery+1","Go for the Eyes"],"picked":"Reinforced Body+1","floor":28},{"not_picked":["Loop+1","Rip and Tear","Stack+1"],"picked":"SKIP","floor":29},{"not_picked":["Streamline","Steam+1"],"picked":"Redo+1","floor":31}],"player_experience":36530,"potions_floor_usage":[16,16,22,33],"damage_taken":[{"damage":0,"enemies":"Small Slimes","floor":1,"turns":3},{"damage":6,"enemies":"2 Louse","floor":3,"turns":2},{"damage":11,"enemies":"Jaw Worm","floor":4,"turns":2},{"damage":0,"enemies":"2 Fungi Beasts","floor":8,"turns":2},{"damage":31,"enemies":"Gremlin Nob","floor":10,"turns":4},{"damage":31,"enemies":"Lagavulin","floor":12,"turns":4},{"damage":0,"enemies":"Exordium Thugs","floor":13,"turns":3},{"damage":25,"enemies":"Hexaghost","floor":16,"turns":8},{"damage":0,"enemies":"3 Byrds","floor":18,"turns":3},{"damage":18,"enemies":"Spheric Guardian","floor":21,"turns":4},{"damage":47,"enemies":"Cultist and Chosen","floor":22,"turns":7},{"damage":11,"enemies":"3 Cultists","floor":24,"turns":5},{"damage":46,"floor":28,"turns":6},{"damage":19,"enemies":"Slaver and Parasite","floor":29,"turns":6},{"damage":28,"enemies":"Slavers","floor":31,"turns":5},{"damage":62,"enemies":"Collector","floor":33,"turns":5}],"relics_obtained":[{"floor":9,"key":"Pear"},{"floor":10,"key":"Bag of Preparation"},{"floor":12,"key":"Lantern"},{"floor":14,"key":"Toxic Egg 2"},{"floor":26,"key":"Meat on the Bone"},{"floor":28,"key":"Red Mask"},{"floor":31,"key":"Bottled Flame"}],"event_choices":[{"event_name":"Living Wall","player_choice":"Grow","floor":2,"damage_taken":0},{"event_name":"Liars Game","player_choice":"disagreed","floor":7,"damage_taken":0},{"event_name":"World of Goop","player_choice":"Gather Gold","floor":11,"damage_taken":0},{"event_name":"Vampires","player_choice":"Ignored","floor":19,"damage_taken":0},{"event_name":"Wheel of Change","player_choice":"Curse","floor":27,"damage_taken":0},{"event_name":"Masked Bandits","player_choice":"Fought over 147 gold","floor":28,"damage_taken":0},{"event_name":"Ghosts","player_choice":"Ignored","floor":30,"damage_taken":0}],"boss_relics":[{"not_picked":["Inserter","Cursed Key"],"picked":"Astrolabe"}],"items_purged_floors":[],"is_endless":false,"potions_floor_spawned":[1,4,16,29],"seed_played":"7876616404528570068","killed_by":"Collector","ascension_level":0,"potions_obtained":[{"floor":1,"key":"Explosive Potion"},{"floor":4,"key":"Dexterity Potion"},{"floor":16,"key":"FearPotion"},{"floor":29,"key":"GamblersBrew"}],"is_trial":false}