{"gold_per_floor":[117,117,117,8,22,55,55,70,70,70,87,87,106,139,139,210,210,222,222,222,234,254,254,274,274],"floor_reached":25,"playtime":1507,"items_purged":[],"score":526,"play_id":"a06e911a-4d6f-4d4b-996a-cb7f22d7ff88","local_time":"20190308005402","is_ascension_mode":true,"campfire_choices":[{"data":"Dualcast","floor":7.0,"key":"SMITH"},{"data":"Zap","floor":10.0,"key":"SMITH"},{"data":"Barrage","floor":12.0,"key":"SMITH"},{"floor":15.0,"key":"REST"},{"data":"Biased Cognition","floor":23,"key":"SMITH"}],"neow_cost":"NONE","seed_source_timestamp":90861390830600,"circlet_count":0,"master_deck":["AscendersBane","Strike_B+1","Strike_B+1","Defend_B","Defend_B","Defend_B","Zap+1","Dualcast+1","Coolheaded","Defragment","Conserve Battery","Doom and Gloom","Leap","Barrage+1","Cold Snap","Redo","Loop","Biased Cognition+1","Chill","Biased Cognition","Lockon","Defragment","Coolheaded","Loop+1","Redo"],"special_seed":0,"relics":["Cracked Core","NeowsBlessing","Whetstone","Turnip","Centennial Puzzle","Anchor","White Beast Statue"],"potions_floor_usage":[16,21,22,24,25,25],"damage_taken":[{"damage":0.0,"enemies":"Cultist","floor":1.0,"turns":1.0},{"damage":0.0,"enemies":"2 Louse","floor":5.0,"turns":1.0},{"damage":0.0,"enemies":"Gremlin Nob","floor":6.0,"turns":1.0},{"damage":0.0,"enemies":"Small Slimes","floor":8.0,"turns":2.0},{"damage":6.0,"enemies":"Looter","floor":11.0,"turns":2.0},{"damage":7.0,"enemies":"Lots of Slimes","floor":13.0,"turns":3.0},{"damage":24.0,"enemies":"3 Sentries","floor":14.0,"turns":6.0},{"damage":20,"enemies":"Slime Boss","floor":16,"turns":9},{"damage":1,"enemies":"3 Byrds","floor":18,"turns":4},{"damage":2,"enemies":"Shell Parasite","floor":21,"turns":5},{"damage":12,"enemies":"Cultist and Chosen","floor":22,"turns":6},{"damage":5,"enemies":"Centurion and Healer","floor":24,"turns":5},{"damage":41,"enemies":"Slavers","floor":25,"turns":3}],"seed_played":"-3006804290122620534","potions_obtained":[{"floor":5.0,"key":"PowerPotion"},{"floor":11.0,"key":"SneckoOil"},{"floor":13.0,"key":"Strength Potion"},{"floor":18,"key":"Weak Potion"},{"floor":21,"key":"Swift Potion"},{"floor":22,"key":"Swift Potion"},{"floor":24,"key":"Energy Potion"}],"is_trial":false,"path_per_floor":["M","T","?","$","M","E","R","M","T","R","M","R","M","E","R","B",null,"M","?","?","M","M","R","M","E"],"character_chosen":"DEFECT","items_purchased":["Defragment","Conserve Battery"],"campfire_rested":1,"item_purchase_floors":[4,4],"current_hp_per_floor":[64,64,64,64,64,64,64,64,64,64,58,58,51,27,48,28,60,59,59,59,57,45,45,40,0],"gold":274,"neow_bonus":"THREE_ENEMY_KILL","is_prod":false,"is_daily":false,"chose_seed":false,"campfire_upgraded":4,"win_rate":0,"timestamp":1552035242,"path_taken":["M","?","?","$","M","E","R","?","T","R","M","R","M","E","R","BOSS","M","?","?","M","M","R","?","E"],"build_version":"2019-02-06","purchased_purges":0,"victory":false,"max_hp_per_floor":[71,71,71,71,71,71,71,71,71,71,71,71,71,71,71,71,71,71,71,71,71,71,71,71,71],"card_choices":[{"not_picked":["Redo","Compile Driver"],"picked":"Coolheaded","floor":1.0},{"not_picked":["Sweeping Beam","Stack"],"picked":"Doom and Gloom","floor":5.0},{"not_picked":["Sweeping Beam","Stack"],"picked":"Leap","floor":6.0},{"not_picked":["Leap","All For One"],"picked":"Barrage","floor":8.0},{"not_picked":["FTL","Leap"],"picked":"Cold Snap","floor":11.0},{"not_picked":["Steam","Turbo"],"picked":"Redo","floor":13.0},{"not_picked":["Cold Snap","Rip and Tear"],"picked":"Loop","floor":14.0},{"not_picked":["Thunder Strike","Reboot"],"picked":"Biased Cognition","floor":16},{"not_picked":["Steam Power+1","Ball Lightning"],"picked":"Chill","floor":18},{"not_picked":["Rip and Tear","Recycle+1"],"picked":"Coolheaded","floor":21},{"not_picked":["Rebound","Conserve Battery"],"picked":"Loop+1","floor":22},{"not_picked":["Heatsinks","Cold Snap"],"picked":"Redo","floor":24}],"player_experience":3346351,"relics_obtained":[{"floor":2.0,"key":"Whetstone"},{"floor":6.0,"key":"Turnip"},{"floor":9.0,"key":"Centennial Puzzle"},{"floor":14.0,"key":"Anchor"}],"event_choices":[{"cards_removed":["Strike_B"],"damage_healed":0.0,"max_hp_gain":0.0,"max_hp_loss":0.0,"gold_gain":0.0,"event_name":"Purifier","player_choice":"Purged","floor":3.0,"gold_loss":0.0,"damage_taken":0.0},{"damage_healed":0,"gold_gain":0,"cards_transformed":["Strike_B","Defend_B"],"player_choice":"Became Test Subject","damage_taken":0,"max_hp_gain":0,"max_hp_loss":0,"event_name":"Drug Dealer","floor":19,"gold_loss":0,"cards_obtained":["Biased Cognition","Lockon"]},{"damage_healed":0,"gold_gain":0,"player_choice":"Copied","damage_taken":0,"max_hp_gain":0,"max_hp_loss":0,"event_name":"Duplicator","floor":20,"gold_loss":0,"cards_obtained":["Defragment"]}],"is_beta":true,"boss_relics":[{"not_picked":["Pandora\u0027s Box","Ectoplasm"],"picked":"White Beast Statue"}],"items_purged_floors":[],"is_endless":false,"potions_floor_spawned":[5,11,13,18,21,22,24],"killed_by":"Slavers","ascension_level":20}