{"gold_per_floor":[16,34,49,49,49,49,67,41,67,67,67,97,115,177,177,280,280,299,398,398,142,161,161,161,161,216,116,128,128,128,140,140,241,271,283,300,300,300,300,300,311,311,335,352,352],"floor_reached":45,"playtime":1215,"items_purged":["Strike_B+1","Defend_B+1"],"score":411,"play_id":"24e4e7c3-9816-49ac-8041-9f4519a5fdd1","local_time":"20180714171618","is_ascension_mode":false,"campfire_choices":[{"data":"Zap","floor":6,"key":"SMITH"},{"floor":10,"key":"REST"},{"floor":15,"key":"REST"},{"floor":23,"key":"REST"},{"data":"Apotheosis","floor":25,"key":"SMITH"},{"data":"Streamline","floor":30,"key":"SMITH"},{"floor":32,"key":"REST"},{"floor":40,"key":"REST"},{"floor":42,"key":"REST"}],"neow_cost":"NO_GOLD","seed_source_timestamp":24960036249848,"circlet_count":0,"master_deck":["Strike_B+1","Strike_B+1","Defend_B+1","Defend_B+1","Defend_B+1","Zap+1","Dualcast","Streamline+1","Defragment","Rebound","Static Discharge","Defragment+1","Biased Cognition","Apotheosis+1","Defragment+1"],"relics":["Cracked Core","Unceasing Top","Omamori","Art of War","Orichalcum","Gremlin Horn","Inserter","Tiny Chest","Tiny House","DataDisk"],"potions_floor_usage":[16,33,41],"damage_taken":[{"damage":6,"enemies":"Jaw Worm","floor":1,"turns":3},{"damage":7,"enemies":"2 Louse","floor":2,"turns":2},{"damage":6,"enemies":"Cultist","floor":3,"turns":3},{"damage":5,"enemies":"Looter","floor":7,"turns":3},{"damage":30,"enemies":"Gremlin Nob","floor":12,"turns":4},{"damage":0,"enemies":"Large Slime","floor":13,"turns":4},{"damage":15,"enemies":"3 Sentries","floor":14,"turns":5},{"damage":40,"enemies":"Slime Boss","floor":16,"turns":8},{"damage":18,"enemies":"Spheric Guardian","floor":18,"turns":4},{"damage":21,"enemies":"3 Byrds","floor":22,"turns":3},{"damage":20,"enemies":"Snecko","floor":28,"turns":5},{"damage":30,"enemies":"Snake Plant","floor":31,"turns":2},{"damage":45,"enemies":"Champ","floor":33,"turns":9},{"damage":9,"enemies":"Orb Walker","floor":35,"turns":3},{"damage":25,"enemies":"3 Shapes","floor":36,"turns":4},{"damage":28,"enemies":"Sphere and 2 Shapes","floor":41,"turns":4},{"damage":46,"enemies":"Spire Growth","floor":44,"turns":5},{"damage":41,"enemies":"Maw","floor":45,"turns":4}],"seed_played":"-6501795275601617539","potions_obtained":[{"floor":3,"key":"FocusPotion"},{"floor":12,"key":"Energy Potion"},{"floor":14,"key":"Regen Potion"},{"floor":18,"key":"Swift Potion"},{"floor":33,"key":"AttackPotion"}],"is_trial":false,"path_per_floor":["M","M","M","$","?","R","M","$","T","R","?","E","M","?","R","B",null,"M","?","?","$","M","R","?","R","T","$","M","?","R","M","R","B",null,"M","M","?","?","?","R","M","R","T","M"],"character_chosen":"DEFECT","items_purchased":["Rebound","Apotheosis"],"campfire_rested":6,"item_purchase_floors":[8,21],"current_hp_per_floor":[69,62,56,56,56,56,51,51,51,73,66,36,36,21,43,18,75,57,57,57,57,36,58,58,58,58,58,38,63,63,33,55,10,80,71,46,46,66,66,80,52,76,76,30,0],"gold":352,"neow_bonus":"ONE_RARE_RELIC","is_prod":false,"is_daily":false,"chose_seed":false,"campfire_upgraded":3,"win_rate":0.0,"timestamp":1531602978,"path_taken":["M","M","M","$","?","R","M","$","T","R","?","E","M","?","R","BOSS","M","?","?","$","?","R","?","R","T","$","M","?","R","M","R","BOSS","M","?","?","?","?","R","?","R","T","M","M"],"build_version":"2018-07-12","purchased_purges":2,"victory":false,"max_hp_per_floor":[75,75,75,75,75,75,75,75,75,75,75,75,75,75,75,75,75,75,75,75,75,75,75,75,75,75,75,75,75,75,75,75,75,80,80,80,80,80,80,80,80,80,80,80,80],"card_choices":[{"not_picked":["Conserve Battery","Stack","Steam Power"],"picked":"SKIP","floor":1},{"not_picked":["Skim","Force Field"],"picked":"Streamline","floor":2},{"not_picked":["Blizzard","Chill","Coolheaded"],"picked":"SKIP","floor":3},{"not_picked":["Genetic Algorithm","Glacier"],"picked":"Defragment","floor":7},{"not_picked":["Loop","Steam"],"picked":"Static Discharge","floor":12},{"not_picked":["Compile Driver","Tempest"],"picked":"Defragment","floor":13},{"not_picked":["Reboot","Meteor Strike"],"picked":"Biased Cognition","floor":16},{"not_picked":["Genetic Algorithm","Hologram+1","Coolheaded+1"],"picked":"SKIP","floor":18},{"not_picked":["Hologram","Turbo","Beam Cell"],"picked":"SKIP","floor":22},{"not_picked":["Go for the Eyes","Stack+1","Glacier+1"],"picked":"SKIP","floor":28},{"not_picked":["Leap","Hello World+1","Barrage"],"picked":"SKIP","floor":31},{"not_picked":["Steam+1","Aggregate+1"],"picked":"Defragment+1","floor":34},{"not_picked":["Sweeping Beam","Blizzard+1","Reinforced Body"],"picked":"SKIP","floor":35},{"not_picked":["Rebound+1","Stack+1","Lockon+1"],"picked":"SKIP","floor":36},{"not_picked":["Glacier+1","Coolheaded+1","Genetic Algorithm"],"picked":"SKIP","floor":41},{"not_picked":["Beam Cell","Coolheaded","Cold Snap"],"picked":"SKIP","floor":44}],"player_experience":246944,"relics_obtained":[{"floor":9,"key":"Omamori"},{"floor":12,"key":"Orichalcum"},{"floor":14,"key":"Gremlin Horn"},{"floor":26,"key":"Tiny Chest"},{"floor":43,"key":"DataDisk"}],"event_choices":[{"event_name":"Living Wall","player_choice":"Forget","floor":5,"damage_taken":0},{"event_name":"Scrap Ooze","player_choice":"success","floor":11,"damage_taken":7},{"event_name":"Dead Adventurer","player_choice":"Searched \u00272\u0027 times","floor":14,"damage_taken":0},{"event_name":"Nest","player_choice":"Stole From Cult","floor":19,"damage_taken":0},{"event_name":"Back to Basics","player_choice":"Simplicity","floor":20,"damage_taken":0},{"event_name":"Cursed Tome","player_choice":"Ignored","floor":24,"damage_taken":0},{"event_name":"The Library","player_choice":"Heal","floor":29,"damage_taken":0},{"event_name":"Mysterious Sphere","player_choice":"Ignore","floor":37,"damage_taken":0},{"event_name":"Winding Halls","player_choice":"Writhe","floor":38,"damage_taken":0},{"event_name":"SensoryStone","player_choice":"Memory 1","floor":39,"damage_taken":0}],"boss_relics":[{"not_picked":["Fusion Hammer","Eternal Feather"],"picked":"Inserter"},{"not_picked":["FrozenCore","Philosopher\u0027s Stone"],"picked":"Tiny House"}],"items_purged_floors":[21,27],"is_endless":false,"potions_floor_spawned":[3,12,14,18,31,33,35,36],"killed_by":"Maw","ascension_level":0}