{"gold_per_floor":[110,110,129,129,129,129,142,142,194,194,205,230,12,68,68,143,143,143,65,65,65,65,65,65,65,65,65,65,65,65,65,65,65,65,65,65,15,15,15,15,15,15,15,15,15,15,15,15,15,15],"floor_reached":50,"playtime":4098,"items_purged":["Strike_R","Defend_R"],"score":1045,"play_id":"8e33da43-1ed6-48f3-884d-ead13f27b568","local_time":"20190218124500","is_ascension_mode":true,"campfire_choices":[{"data":"Armaments","floor":6.0,"key":"SMITH"},{"data":"Rampage","floor":8.0,"key":"SMITH"},{"data":"Body Slam","floor":10.0,"key":"SMITH"},{"data":"Bludgeon","floor":15.0,"key":"SMITH"},{"data":"Shrug It Off","floor":23.0,"key":"SMITH"},{"data":"Fiend Fire","floor":28.0,"key":"SMITH"},{"data":"Demon Form","floor":30.0,"key":"SMITH"},{"floor":32.0,"key":"REST"},{"data":"Battle Trance","floor":40.0,"key":"SMITH"},{"data":"Seeing Red","floor":45.0,"key":"SMITH"},{"floor":49,"key":"REST"}],"neow_cost":"NONE","seed_source_timestamp":0,"circlet_count":0,"master_deck":["AscendersBane","Defend_R+1","Defend_R+1","Defend_R","Bash+1","Rampage+1","Armaments+1","Body Slam+1","Bludgeon+1","Shrug It Off+1","Headbutt+1","Fiend Fire+1","Shrug It Off","Headbutt","Battle Trance+1","Demon Form+1","Reaper+1","Warcry+1","Bandage Up","Seeing Red+1"],"special_seed":0,"relics":["Burning Blood","Regal Pillow","Vajra","War Paint","Smiling Mask","Ectoplasm","Unceasing Top","Singing Bowl","Bag of Preparation","Matryoshka","Pear","Empty Cage","Whetstone","Sundial"],"potions_floor_usage":[47,48,48,48,50],"damage_taken":[{"damage":9.0,"enemies":"Jaw Worm","floor":1.0,"turns":5.0},{"damage":7.0,"enemies":"2 Louse","floor":3.0,"turns":3.0},{"damage":4.0,"enemies":"Small Slimes","floor":7.0,"turns":4.0},{"damage":2.0,"enemies":"3 Louse","floor":11.0,"turns":4.0},{"damage":10.0,"enemies":"3 Sentries","floor":12.0,"turns":6.0},{"damage":28.0,"enemies":"Gremlin Nob","floor":14.0,"turns":4.0},{"damage":15.0,"enemies":"Slime Boss","floor":16.0,"turns":9.0},{"damage":0.0,"enemies":"Spheric Guardian","floor":18.0,"turns":3.0},{"damage":0.0,"enemies":"Colosseum Slavers","floor":20.0,"turns":4.0},{"damage":26.0,"enemies":"Colosseum Nobs","floor":20.0,"turns":5.0},{"damage":6.0,"enemies":"3 Byrds","floor":22.0,"turns":6.0},{"damage":2.0,"enemies":"Snecko","floor":25.0,"turns":3.0},{"damage":3.0,"enemies":"Snake Plant","floor":27.0,"turns":3.0},{"damage":28.0,"enemies":"Slavers","floor":29.0,"turns":3.0},{"damage":15.0,"enemies":"Gremlin Leader","floor":31.0,"turns":5.0},{"damage":31.0,"enemies":"Champ","floor":33.0,"turns":6.0},{"damage":20.0,"enemies":"3 Shapes","floor":35.0,"turns":7.0},{"damage":8.0,"enemies":"Orb Walker","floor":36.0,"turns":3.0},{"damage":26.0,"enemies":"4 Shapes","floor":41.0,"turns":6.0},{"damage":0.0,"enemies":"Transient","floor":42.0,"turns":6.0},{"damage":29.0,"enemies":"Nemesis","floor":44.0,"turns":7.0},{"damage":42.0,"enemies":"Maw","floor":46.0,"turns":6.0},{"damage":53,"enemies":"3 Darklings","floor":47,"turns":5},{"damage":6,"enemies":"4 Shapes","floor":48,"turns":8},{"damage":107,"enemies":"Time Eater","floor":50,"turns":6}],"seed_played":"7594183214080813453","potions_obtained":[{"floor":7.0,"key":"Explosive Potion"},{"floor":11.0,"key":"Fire Potion"},{"floor":16.0,"key":"Block Potion"},{"floor":20.0,"key":"SteroidPotion"},{"floor":22.0,"key":"Fire Potion"},{"floor":25.0,"key":"Swift Potion"},{"floor":35.0,"key":"EntropicBrew"},{"floor":39.0,"key":"Energy Potion"},{"floor":41.0,"key":"Swift Potion"},{"floor":48,"key":"PowerPotion"}],"is_trial":false,"path_per_floor":["M","?","M","?","?","R","M","R","T","R","M","E","$","?","R","B",null,"M","$","?","?","M","R","?","M","T","M","R","E","R","E","R","B",null,"M","M","$","?","?","R","M","M","T","E","R","M","M","M","R","B"],"character_chosen":"IRONCLAD","items_purchased":["Shrug It Off","War Paint","Headbutt"],"campfire_rested":2,"item_purchase_floors":[13,13,19],"current_hp_per_floor":[65,65,64,57,57,57,59,59,59,59,63,59,59,37,37,28,63,69,69,55,55,57,57,57,63,63,68,68,46,46,49,91,66,86,81,79,79,79,79,79,75,85,85,69,69,49,21,51,97,0],"gold":15,"neow_bonus":"UPGRADE_CARD","is_prod":false,"is_daily":false,"chose_seed":false,"campfire_upgraded":9,"win_rate":0,"timestamp":1550522700,"path_taken":["M","?","M","?","?","R","M","R","T","R","M","E","$","?","R","BOSS","M","$","?","?","M","R","?","M","T","M","R","E","R","E","R","BOSS","M","?","$","?","?","R","M","?","T","E","R","M","M","M","R","BOSS"],"build_version":"2019-02-06","purchased_purges":2,"victory":false,"max_hp_per_floor":[75,75,75,75,75,75,75,75,75,75,75,75,75,75,75,75,75,75,75,75,75,77,77,77,79,79,81,81,81,81,93,93,93,93,95,95,95,95,95,95,97,97,97,99,99,101,103,105,105,105],"card_choices":[{"not_picked":["Twin Strike","Flex"],"picked":"Rampage","floor":1.0},{"not_picked":["Havoc","Sword Boomerang"],"picked":"Armaments","floor":3.0},{"not_picked":["Heavy Blade","Anger"],"picked":"Body Slam","floor":7.0},{"not_picked":["Armaments","Body Slam","Fire Breathing"],"picked":"SKIP","floor":11.0},{"not_picked":["Uppercut","Shrug It Off"],"picked":"Bludgeon","floor":12.0},{"not_picked":["Heavy Blade","Bloodletting"],"picked":"Headbutt","floor":14.0},{"not_picked":["Exhume","Limit Break"],"picked":"Fiend Fire","floor":16.0},{"not_picked":["Reckless Charge","Warcry"],"picked":"Shrug It Off","floor":18.0},{"not_picked":["Searing Blow","Evolve"],"picked":"Battle Trance","floor":20.0},{"not_picked":["Wild Strike+1","Clash","Bloodletting+1"],"picked":"Singing Bowl","floor":22.0},{"not_picked":["Anger","Iron Wave","Pommel Strike"],"picked":"Singing Bowl","floor":25.0},{"not_picked":["Flex","Pommel Strike","Havoc+1"],"picked":"Singing Bowl","floor":27.0},{"not_picked":["Heavy Blade","True Grit"],"picked":"Demon Form","floor":29.0},{"not_picked":["Sever Soul+1","Anger","Berserk"],"picked":"Singing Bowl","floor":31.0},{"not_picked":["Brutality","Feed"],"picked":"Reaper","floor":33.0},{"not_picked":["Havoc","Spot Weakness","Inflame"],"picked":"Singing Bowl","floor":35.0},{"not_picked":["Flex","Headbutt"],"picked":"Warcry+1","floor":36.0},{"not_picked":["Sadistic Nature","Apotheosis"],"picked":"Bandage Up","floor":38.0},{"not_picked":["Cleave+1","Fire Breathing","Heavy Blade"],"picked":"Singing Bowl","floor":41.0},{"not_picked":["Clash+1","Twin Strike"],"picked":"Seeing Red","floor":42.0},{"not_picked":["Dark Embrace","Flex+1","Heavy Blade"],"picked":"Singing Bowl","floor":44.0},{"not_picked":["Hemokinesis","Headbutt","Thunderclap"],"picked":"Singing Bowl","floor":46},{"not_picked":["Feel No Pain","Power Through","Perfected Strike+1"],"picked":"Singing Bowl","floor":47},{"not_picked":["Inflame","Wild Strike","Hemokinesis"],"picked":"Singing Bowl","floor":48}],"player_experience":3286345,"relics_obtained":[{"floor":9.0,"key":"Regal Pillow"},{"floor":12.0,"key":"Vajra"},{"floor":14.0,"key":"Smiling Mask"},{"floor":20.0,"key":"Unceasing Top"},{"floor":20.0,"key":"Singing Bowl"},{"floor":26.0,"key":"Bag of Preparation"},{"floor":29.0,"key":"Matryoshka"},{"floor":31.0,"key":"Pear"},{"floor":43.0,"key":"Whetstone"},{"floor":44.0,"key":"Sundial"}],"event_choices":[{"damage_healed":0.0,"max_hp_gain":0.0,"max_hp_loss":0.0,"gold_gain":0.0,"event_name":"Liars Game","player_choice":"Ignored","floor":2.0,"gold_loss":0.0,"damage_taken":0.0},{"cards_removed":["Strike_R"],"damage_healed":0.0,"max_hp_gain":0.0,"max_hp_loss":0.0,"gold_gain":0.0,"event_name":"Golden Wing","player_choice":"Card Removal","floor":4.0,"gold_loss":0.0,"damage_taken":7.0},{"cards_removed":["Strike_R"],"damage_healed":0.0,"max_hp_gain":0.0,"max_hp_loss":0.0,"gold_gain":0.0,"event_name":"Living Wall","player_choice":"Forget","floor":5.0,"gold_loss":0.0,"damage_taken":0.0},{"damage_healed":0.0,"max_hp_gain":0.0,"max_hp_loss":0.0,"gold_gain":0.0,"event_name":"Dead Adventurer","player_choice":"Searched \u00271\u0027 times","floor":14.0,"gold_loss":0.0,"damage_taken":0.0},{"damage_healed":0.0,"max_hp_gain":0.0,"max_hp_loss":0.0,"gold_gain":0.0,"event_name":"Colosseum","player_choice":"Fight","floor":20.0,"gold_loss":0.0,"damage_taken":0.0},{"damage_healed":0.0,"max_hp_gain":0.0,"max_hp_loss":0.0,"gold_gain":0.0,"event_name":"Colosseum","player_choice":"Fought Nobs","floor":20.0,"gold_loss":0.0,"damage_taken":0.0},{"damage_healed":0.0,"max_hp_gain":0.0,"max_hp_loss":0.0,"gold_gain":0.0,"event_name":"Ghosts","player_choice":"Ignored","floor":21.0,"gold_loss":0.0,"damage_taken":0.0},{"damage_healed":0.0,"max_hp_gain":0.0,"max_hp_loss":0.0,"gold_gain":200.0,"event_name":"Wheel of Change","player_choice":"Gold","floor":24.0,"gold_loss":0.0,"damage_taken":0.0},{"damage_healed":0.0,"max_hp_gain":0.0,"max_hp_loss":0.0,"gold_gain":0.0,"event_name":"SensoryStone","player_choice":"Memory 1","floor":38.0,"gold_loss":0.0,"damage_taken":0.0},{"damage_healed":0.0,"max_hp_gain":0.0,"max_hp_loss":0.0,"gold_gain":0.0,"event_name":"Lab","player_choice":"Got Potions","floor":39.0,"gold_loss":0.0,"damage_taken":0.0}],"is_beta":true,"boss_relics":[{"not_picked":["Orrery","Tiny House"],"picked":"Ectoplasm"},{"not_picked":["White Beast Statue","Runic Pyramid"],"picked":"Empty Cage"}],"items_purged_floors":[19,37],"is_endless":false,"potions_floor_spawned":[7,11,16,20,22,25,35,41,48],"killed_by":"Time Eater","ascension_level":20}