{"path_per_floor":["M","M","M","$","M","E","?","M","T","M","E","?","$","?","R","B",null,"M","$","?","?","M","R","M","$","T","M","E"],"character_chosen":"IRONCLAD","items_purchased":["Good Instincts","Bag of Marbles","Fire Potion","Dramatic Entrance","Apotheosis","Uppercut"],"gold_per_floor":[113,129,145,50,64,91,91,111,111,129,162,462,165,193,193,297,297,310,14,14,14,30,30,44,44,91,103,133,133],"floor_reached":29,"campfire_rested":2,"playtime":1705,"item_purchase_floors":[4,13,13,13,19,19],"current_hp_per_floor":[78,77,76,75,74,50,50,49,49,65,42,35,35,37,65,34,63,56,56,56,56,46,52,52,52,52,51,36,0],"items_purged":[],"gold":133,"score":255,"play_id":"2ce563ee-5c6a-4d5f-9746-653350da6459","local_time":"20180615153637","daily_mods":["Shiny","Night Terrors","Terminal"],"is_prod":false,"is_daily":false,"chose_seed":true,"is_ascension_mode":false,"campfire_upgraded":0,"win_rate":0.0,"timestamp":1529091397,"campfire_choices":[{"floor":15,"key":"REST"},{"floor":23,"key":"REST"}],"path_taken":["M","M","M","$","M","E","?","M","T","M","E","?","$","?","R","BOSS","M","$","?","?","M","R","M","?","T","M","E","?"],"build_version":"2018-06-14v2","seed_source_timestamp":200546320582196,"purchased_purges":0,"victory":false,"master_deck":["Double Tap","Demon Form","Bludgeon","Feed","Limit Break","Barricade","Fiend Fire","Dark Embrace","Berserk","Impervious","Juggernaut","Brutality","Reaper","Exhume","Offering","Immolate","Cleave","Spot Weakness","Second Wind","Good Instincts","Thunderclap","Carnage","True Grit","Clothesline","Iron Wave","Dramatic Entrance","Carnage","Immolate","Apotheosis","Uppercut","Carnage","Armaments+1","Double Tap","Inflame+1"],"max_hp_per_floor":[78,77,76,75,74,73,72,71,70,72,71,70,69,71,65,64,63,62,61,60,59,58,52,54,53,52,51,50,50],"special_seed":29952015251857,"relics":["Black Blood","Bronze Scales","Shovel","Calipers","Old Coin","Bag of Marbles","Odd Mushroom","Lantern","Ornamental Fan"],"card_choices":[{"not_picked":["Clash","Flex"],"picked":"Cleave","floor":1},{"not_picked":["Cleave","True Grit"],"picked":"Spot Weakness","floor":2},{"not_picked":["Clash","Sword Boomerang"],"picked":"Second Wind","floor":3},{"not_picked":["Iron Wave","Sever Soul"],"picked":"Thunderclap","floor":5},{"not_picked":["Burning Pact","Perfected Strike"],"picked":"Carnage","floor":6},{"not_picked":["Rage","Uppercut"],"picked":"True Grit","floor":8},{"not_picked":["Clash","Brutality"],"picked":"Clothesline","floor":10},{"not_picked":["Havoc","Fire Breathing"],"picked":"Iron Wave","floor":11},{"not_picked":["Twin Strike","Shockwave"],"picked":"Carnage","floor":14},{"not_picked":["Brutality","Bludgeon"],"picked":"Immolate","floor":16},{"not_picked":["Flex","Shrug It Off","Anger"],"picked":"SKIP","floor":18},{"not_picked":["Anger+1","Twin Strike","Body Slam+1"],"picked":"SKIP","floor":22},{"not_picked":["Cleave","Pommel Strike+1"],"picked":"Armaments+1","floor":24},{"not_picked":["Warcry","Inflame"],"picked":"Double Tap","floor":27},{"not_picked":["Shrug It Off","Hemokinesis"],"picked":"Inflame+1","floor":28}],"player_experience":53038,"potions_floor_usage":[16,28,29],"damage_taken":[{"damage":0,"enemies":"2 Louse","floor":1,"turns":2},{"damage":0,"enemies":"Small Slimes","floor":2,"turns":1},{"damage":0,"enemies":"Jaw Worm","floor":3,"turns":1},{"damage":4,"enemies":"Looter","floor":5,"turns":1},{"damage":31,"enemies":"Lagavulin","floor":6,"turns":5},{"damage":7,"enemies":"Blue Slaver","floor":8,"turns":2},{"damage":7,"enemies":"Exordium Thugs","floor":10,"turns":4},{"damage":29,"enemies":"Gremlin Nob","floor":11,"turns":4},{"damage":7,"floor":14,"turns":3},{"damage":37,"enemies":"Slime Boss","floor":16,"turns":12},{"damage":21,"enemies":"Shell Parasite","floor":18,"turns":3},{"damage":20,"enemies":"Spheric Guardian","floor":22,"turns":4},{"damage":17,"enemies":"Chosen and Byrds","floor":24,"turns":4},{"damage":4,"enemies":"Centurion and Healer","floor":27,"turns":2},{"damage":25,"enemies":"Gremlin Leader","floor":28,"turns":5},{"damage":40,"enemies":"Slaver and Parasite","floor":29,"turns":3}],"relics_obtained":[{"floor":6,"key":"Bronze Scales"},{"floor":9,"key":"Shovel"},{"floor":11,"key":"Calipers"},{"floor":14,"key":"Odd Mushroom"},{"floor":26,"key":"Lantern"},{"floor":28,"key":"Ornamental Fan"}],"event_choices":[{"event_name":"Liars Game","player_choice":"disagreed","floor":7,"damage_taken":0},{"event_name":"Scrap Ooze","player_choice":"success","floor":12,"damage_taken":7},{"event_name":"Mushrooms","player_choice":"Fought Mushrooms","floor":14,"damage_taken":0},{"event_name":"The Library","player_choice":"Read","floor":20,"damage_taken":0},{"event_name":"Drug Dealer","player_choice":"Ignored","floor":21,"damage_taken":0}],"boss_relics":[{"not_picked":["Runic Cube","Black Star"],"picked":"Black Blood"}],"items_purged_floors":[],"is_endless":false,"potions_floor_spawned":[2,10,27,28],"seed_played":"3705516288889236523","killed_by":"Slaver and Parasite","ascension_level":0,"potions_obtained":[{"floor":2,"key":"Regen Potion"},{"floor":10,"key":"Ancient Potion"},{"floor":27,"key":"Weak Potion"},{"floor":28,"key":"Ancient Potion"}],"is_trial":true}