{"gold_per_floor":[118,136,105,122,122,155,166,67,90,90,100,119,153,223,223,223],"floor_reached":16,"playtime":663,"items_purged":[],"score":112,"play_id":"18cc81b0-4424-4411-82f0-d6f34ad3c5cb","local_time":"20190211155005","is_ascension_mode":false,"campfire_choices":[{"floor":15,"key":"REST"}],"neow_cost":"NONE","seed_source_timestamp":112670283945795,"circlet_count":0,"master_deck":["Defend_G","Defend_G","Defend_G","Defend_G","Defend_G","Strike_G","Strike_G","Strike_G","Strike_G","Strike_G","Survivor","Neutralize","Glass Knife","Infinite Blades+1","Quick Slash","Dodge and Roll","All Out Attack","Accuracy","Cloak And Dagger","Backstab"],"relics":["Ring of the Snake","Centennial Puzzle","Blood Vial","Orichalcum","Juzu Bracelet"],"potions_floor_usage":[6,13],"damage_taken":[{"damage":0,"enemies":"Small Slimes","floor":1,"turns":3},{"damage":5,"enemies":"2 Louse","floor":2,"turns":3},{"damage":0,"enemies":"Cultist","floor":4,"turns":3},{"damage":34,"enemies":"Gremlin Nob","floor":6,"turns":5},{"damage":3,"enemies":"Blue Slaver","floor":7,"turns":4},{"damage":2,"enemies":"Large Slime","floor":11,"turns":5},{"damage":8,"enemies":"2 Fungi Beasts","floor":12,"turns":3},{"damage":5,"enemies":"3 Sentries","floor":13,"turns":5},{"damage":43,"enemies":"Slime Boss","floor":16,"turns":7}],"seed_played":"6531925803571483142","potions_obtained":[{"floor":1,"key":"Block Potion"},{"floor":2,"key":"Dexterity Potion"},{"floor":12,"key":"Poison Potion"},{"floor":13,"key":"Ancient Potion"}],"is_trial":false,"path_per_floor":["M","M","?","M","?","E","M","$","T","?","M","M","E","?","R","B"],"character_chosen":"THE_SILENT","items_purchased":["Accuracy","Cloak And Dagger"],"campfire_rested":1,"item_purchase_floors":[8,8],"current_hp_per_floor":[70,65,65,65,65,31,28,28,28,28,28,22,19,19,40,0],"gold":223,"neow_bonus":"ONE_RANDOM_RARE_CARD","is_prod":false,"is_daily":false,"chose_seed":false,"campfire_upgraded":0,"win_rate":0,"timestamp":1549918205,"path_taken":["M","M","?","M","?","E","M","$","T","?","M","M","E","?","R","BOSS"],"build_version":"2019-01-23","purchased_purges":0,"victory":false,"max_hp_per_floor":[70,70,70,70,70,70,70,70,70,70,70,70,70,70,70,70],"card_choices":[{"not_picked":["Calculated Gamble","Backstab"],"picked":"Infinite Blades","floor":1},{"not_picked":["Riddle With Holes","Infinite Blades"],"picked":"Quick Slash","floor":2},{"not_picked":["PiercingWail","All Out Attack"],"picked":"Dodge and Roll","floor":4},{"not_picked":["Backstab","Concentrate"],"picked":"All Out Attack","floor":6},{"not_picked":["Crippling Poison","Sucker Punch","Dagger Throw"],"picked":"SKIP","floor":7},{"not_picked":["Dagger Throw","Bane","Deflect"],"picked":"SKIP","floor":11},{"not_picked":["Distraction","Deflect"],"picked":"Backstab","floor":12},{"not_picked":["Deflect","Dash","Leg Sweep"],"picked":"SKIP","floor":13}],"player_experience":388916,"relics_obtained":[{"floor":6,"key":"Centennial Puzzle"},{"floor":9,"key":"Blood Vial"},{"floor":10,"key":"Orichalcum"},{"floor":13,"key":"Juzu Bracelet"}],"event_choices":[{"damage_healed":0,"gold_gain":0,"player_choice":"Left Gold","damage_taken":0,"max_hp_gain":0,"max_hp_loss":0,"event_name":"World of Goop","floor":3,"gold_loss":31},{"damage_healed":0,"gold_gain":0,"player_choice":"Grow","damage_taken":0,"max_hp_gain":0,"max_hp_loss":0,"event_name":"Living Wall","floor":5,"gold_loss":0,"cards_upgraded":["Infinite Blades"]},{"damage_healed":0,"gold_gain":0,"player_choice":"Relic","damage_taken":0,"max_hp_gain":0,"max_hp_loss":0,"event_name":"Wheel of Change","floor":10,"gold_loss":0},{"damage_healed":0,"gold_gain":70,"player_choice":"Gained Gold","damage_taken":0,"max_hp_gain":0,"max_hp_loss":0,"event_name":"Golden Wing","floor":14,"gold_loss":0}],"is_beta":false,"boss_relics":[],"items_purged_floors":[],"is_endless":false,"potions_floor_spawned":[1,2,12,13],"killed_by":"Slime Boss","ascension_level":0}