{"gold_per_floor":[117,127,11,11,11,44,44,73,157,157,185,216,244,27,27,101,101,113,124,140,154,173,173,173,173,173,191,191,191,201,217,217,294,294,310,328,328,107,28,28],"floor_reached":40,"playtime":8211,"items_purged":["Strike_R+1"],"score":916,"play_id":"2b707700-b01b-4f34-8f11-56c1d499d4c0","local_time":"20190303145440","is_ascension_mode":true,"campfire_choices":[{"data":"Feel No Pain","floor":7,"key":"SMITH"},{"data":"Power Through","floor":10,"key":"SMITH"},{"data":"Body Slam","floor":15,"key":"SMITH"},{"data":"Dark Embrace","floor":23,"key":"SMITH"},{"floor":25,"key":"REST"},{"data":"Infernal Blade","floor":29,"key":"SMITH"},{"floor":32,"key":"REST"}],"neow_cost":"NONE","seed_source_timestamp":84556456324500,"circlet_count":0,"master_deck":["AscendersBane","Strike_R+1","Strike_R+1","Strike_R+1","Defend_R+1","Defend_R+1","Defend_R+1","Defend_R+1","Bash+1","Shrug It Off","Shrug It Off","Feel No Pain+1","Sever Soul+1","Sentinel","Power Through+1","Second Wind","Body Slam+1","Dark Embrace+1","Fiend Fire","Metallicize","Infernal Blade+1","Second Wind","Double Tap","Bludgeon","Warcry","Power Through","Corruption"],"relics":["Burning Blood","NeowsBlessing","Smiling Mask","Whetstone","Tiny Chest","MawBank","Medical Kit","Runic Pyramid","Oddly Smooth Stone","Eternal Feather","Lantern"],"potions_floor_usage":[11,11,18,21,27,33,35],"damage_taken":[{"damage":0,"enemies":"Cultist","floor":1,"turns":1},{"damage":0,"enemies":"Jaw Worm","floor":2,"turns":1},{"damage":0,"enemies":"Lagavulin","floor":6,"turns":1},{"damage":3,"enemies":"3 Sentries","floor":8,"turns":15},{"damage":24,"enemies":"Gremlin Nob","floor":11,"turns":4},{"damage":1,"enemies":"2 Louse","floor":12,"turns":3},{"damage":7,"enemies":"2 Fungi Beasts","floor":13,"turns":5},{"damage":31,"enemies":"Hexaghost","floor":16,"turns":9},{"damage":28,"enemies":"2 Thieves","floor":18,"turns":4},{"damage":2,"enemies":"Chosen","floor":19,"turns":4},{"damage":10,"enemies":"Snecko","floor":20,"turns":3},{"damage":19,"enemies":"Snake Plant","floor":21,"turns":3},{"damage":3,"enemies":"3 Cultists","floor":22,"turns":4},{"damage":0,"enemies":"Chosen and Byrds","floor":27,"turns":7},{"damage":2,"enemies":"Centurion and Healer","floor":30,"turns":5},{"damage":31,"enemies":"Shelled Parasite and Fungi","floor":31,"turns":5},{"damage":15,"enemies":"Automaton","floor":33,"turns":11},{"damage":39,"enemies":"3 Darklings","floor":35,"turns":7},{"damage":18,"enemies":"Orb Walker","floor":36,"turns":3},{"damage":41,"enemies":"Reptomancer","floor":40,"turns":4}],"seed_played":"-7861025383549641851","potions_obtained":[{"floor":6,"key":"SteroidPotion"},{"floor":8,"key":"PowerPotion"},{"floor":16,"key":"Poison Potion"},{"floor":20,"key":"LiquidBronze"},{"floor":22,"key":"Block Potion"},{"floor":27,"key":"Dexterity Potion"},{"floor":30,"key":"SpeedPotion"},{"floor":33,"key":"Ancient Potion"},{"floor":35,"key":"Fruit Juice"}],"is_trial":false,"path_per_floor":["M","M","$","?","$","E","R","E","T","R","E","M","M","$","R","B",null,"M","M","M","M","M","R","?","R","T","M","?","R","M","M","R","B",null,"M","M","?","$","$","E"],"character_chosen":"IRONCLAD","items_purchased":["Feel No Pain","Sever Soul","Medical Kit","Lantern","Corruption"],"campfire_rested":2,"item_purchase_floors":[3,3,14,38,39],"current_hp_per_floor":[74,75,75,75,75,75,75,75,75,75,57,62,61,61,61,36,65,43,47,43,30,33,33,12,36,36,42,42,42,46,21,45,36,69,41,29,29,29,29,0],"gold":28,"neow_bonus":"THREE_ENEMY_KILL","is_prod":false,"is_daily":false,"chose_seed":false,"campfire_upgraded":5,"win_rate":0,"timestamp":1551653680,"path_taken":["M","M","?","?","$","E","R","E","T","R","E","?","M","$","R","BOSS","M","?","M","?","M","R","?","R","T","M","?","R","?","M","R","BOSS","M","M","?","?","$","E"],"build_version":"2019-02-06","purchased_purges":1,"victory":false,"max_hp_per_floor":[75,75,75,75,75,75,75,75,75,75,75,75,75,75,75,75,75,75,75,75,75,75,75,80,80,80,80,80,80,80,80,80,80,80,85,85,85,85,85,85],"card_choices":[{"not_picked":["Heavy Blade","Warcry"],"picked":"Shrug It Off","floor":1},{"not_picked":["Warcry","Clash"],"picked":"Shrug It Off","floor":2},{"not_picked":["Havoc","Pummel"],"picked":"Sentinel","floor":6},{"not_picked":["Clothesline","Flame Barrier"],"picked":"Power Through","floor":8},{"not_picked":["Inflame","Heavy Blade"],"picked":"Second Wind","floor":11},{"not_picked":["Havoc","Intimidate"],"picked":"Body Slam","floor":12},{"not_picked":["Armaments","Rupture"],"picked":"Dark Embrace","floor":13},{"not_picked":["Bludgeon","Brutality"],"picked":"Fiend Fire","floor":16},{"not_picked":["Clash","Bloodletting"],"picked":"Metallicize","floor":18},{"not_picked":["Twin Strike","Sword Boomerang"],"picked":"Infernal Blade","floor":19},{"not_picked":["Thunderclap","Searing Blow","Anger"],"picked":"SKIP","floor":20},{"not_picked":["Thunderclap","Searing Blow","Anger"],"picked":"SKIP","floor":20},{"not_picked":["Twin Strike","Thunderclap","Wild Strike"],"picked":"SKIP","floor":21},{"not_picked":["Headbutt","Heavy Blade"],"picked":"Second Wind","floor":22},{"not_picked":["Thunderclap","Clash"],"picked":"Double Tap","floor":27},{"not_picked":["Armaments","Headbutt","Wild Strike"],"picked":"SKIP","floor":30},{"not_picked":["Cleave","Wild Strike","Iron Wave"],"picked":"SKIP","floor":31},{"not_picked":["Demon Form","Fiend Fire"],"picked":"Bludgeon","floor":33},{"not_picked":["Wild Strike+1","Thunderclap+1"],"picked":"Warcry","floor":35},{"not_picked":["Battle Trance+1","Headbutt"],"picked":"Power Through","floor":36}],"player_experience":3333755,"relics_obtained":[{"floor":6,"key":"Smiling Mask"},{"floor":8,"key":"Whetstone"},{"floor":9,"key":"Tiny Chest"},{"floor":11,"key":"MawBank"},{"floor":26,"key":"Oddly Smooth Stone"}],"event_choices":[{"damage_healed":0,"gold_gain":0,"player_choice":"Upgraded","damage_taken":0,"max_hp_gain":0,"max_hp_loss":0,"event_name":"Upgrade Shrine","floor":4,"gold_loss":0,"cards_upgraded":["Sever Soul"]},{"damage_healed":0,"gold_gain":0,"player_choice":"Shed Blood","damage_taken":26,"max_hp_gain":5,"max_hp_loss":0,"event_name":"Forgotten Altar","floor":24,"gold_loss":0},{"damage_healed":0,"gold_gain":0,"player_choice":"Simplicity","damage_taken":0,"max_hp_gain":0,"max_hp_loss":0,"event_name":"Back to Basics","floor":28,"gold_loss":0,"cards_upgraded":["Strike_R","Strike_R","Strike_R","Strike_R","Defend_R","Defend_R","Defend_R","Defend_R"]},{"cards_removed":["Strike_R"],"damage_healed":0,"gold_gain":0,"player_choice":"Offered Basic","damage_taken":0,"max_hp_gain":0,"max_hp_loss":0,"event_name":"Bonfire Elementals","floor":37,"gold_loss":0}],"is_beta":true,"boss_relics":[{"not_picked":["Tiny House","Black Star"],"picked":"Runic Pyramid"},{"not_picked":["Calling Bell","Velvet Choker"],"picked":"Eternal Feather"}],"items_purged_floors":[38],"is_endless":false,"potions_floor_spawned":[6,8,16,20,22,27,30,33,35],"killed_by":"Reptomancer","ascension_level":20}