{"gold_per_floor":[117,130,143,19,35,35,63,79,106,126,126,136,136,36,36,134,134,146,69,168,168,268,268,278,278,358,112,112,112,128,151,151,247,247,264,281,281,281,281,315,315,331,331,54,54,85,97,130,130,130],"floor_reached":51,"playtime":1440,"items_purged":["Strike_R","Strike_R","Strike_R"],"score":783,"play_id":"9f948e7a-a911-490e-a1e1-78e4bb7a2432","local_time":"20190411231238","is_ascension_mode":false,"campfire_choices":[{"data":"Bash","floor":6.0,"key":"SMITH"},{"data":"Flex","floor":11.0,"key":"SMITH"},{"data":"Armaments","floor":13.0,"key":"SMITH"},{"data":"Metallicize","floor":15.0,"key":"SMITH"},{"data":"Limit Break","floor":23.0,"key":"SMITH"},{"data":"Uppercut","floor":25.0,"key":"SMITH"},{"data":"Heavy Blade","floor":28.0,"key":"SMITH"},{"data":"Limit Break","floor":32.0,"key":"SMITH"},{"data":"Whirlwind","floor":41.0,"key":"SMITH"},{"data":"Spot Weakness","floor":49,"key":"SMITH"}],"neow_cost":"NONE","seed_source_timestamp":27035889325222,"circlet_count":0,"master_deck":["Strike_R+1","Strike_R+1","Defend_R","Defend_R","Defend_R","Defend_R+1","Bash+1","Disarm+1","Twin Strike","Sword Boomerang","Flex+1","Headbutt","Metallicize+1","Armaments+1","Limit Break+1","Spot Weakness+1","Uppercut+1","Heavy Blade+1","Limit Break+1","Demon Form+1","Whirlwind+1","Shockwave","Parasite","Limit Break+1","Metallicize+1","Regret","Shockwave+1","Twin Strike+1","Infernal Blade+1"],"special_seed":0,"relics":["Burning Blood","PreservedInsect","Anchor","Orichalcum","Mark of Pain","MutagenicStrength","Ginger","Frozen Egg 2","Blue Candle","Tiny Chest","Potion Belt","Cursed Key","Whetstone","StoneCalendar","DollysMirror","Self Forming Clay","War Paint","Oddly Smooth Stone"],"potions_floor_usage":[50,50,50],"damage_taken":[{"damage":6.0,"enemies":"2 Louse","floor":1.0,"turns":2.0},{"damage":7.0,"enemies":"Jaw Worm","floor":2.0,"turns":5.0},{"damage":0.0,"enemies":"Small Slimes","floor":3.0,"turns":5.0},{"damage":0.0,"enemies":"3 Louse","floor":5.0,"turns":1.0},{"damage":0.0,"enemies":"Gremlin Nob","floor":7.0,"turns":2.0},{"damage":2.0,"enemies":"Large Slime","floor":8.0,"turns":5.0},{"damage":2.0,"enemies":"Looter","floor":10.0,"turns":3.0},{"damage":0.0,"enemies":"2 Fungi Beasts","floor":12.0,"turns":3.0},{"damage":33.0,"enemies":"Hexaghost","floor":16.0,"turns":12.0},{"damage":12.0,"enemies":"Shell Parasite","floor":18.0,"turns":4.0},{"damage":5.0,"enemies":"Colosseum Slavers","floor":22.0,"turns":4.0},{"damage":3.0,"enemies":"Colosseum Nobs","floor":22.0,"turns":5.0},{"damage":0.0,"enemies":"Chosen","floor":24.0,"turns":3.0},{"damage":2.0,"enemies":"Centurion and Healer","floor":30.0,"turns":4.0},{"damage":34.0,"enemies":"Collector","floor":33.0,"turns":7.0},{"damage":18.0,"enemies":"3 Darklings","floor":35.0,"turns":5.0},{"damage":3.0,"enemies":"Orb Walker","floor":36.0,"turns":3.0},{"damage":14.0,"enemies":"Nemesis","floor":40.0,"turns":5.0},{"damage":8.0,"enemies":"Transient","floor":42.0,"turns":5.0},{"damage":4,"enemies":"Giant Head","floor":46,"turns":4},{"damage":0,"enemies":"Jaw Worm Horde","floor":47,"turns":1},{"damage":23,"enemies":"Reptomancer","floor":48,"turns":6},{"damage":42,"enemies":"Time Eater","floor":50,"turns":7}],"seed_played":"-4967119856676679669","potions_obtained":[{"floor":1.0,"key":"Swift Potion"},{"floor":2.0,"key":"SteroidPotion"},{"floor":5.0,"key":"AttackPotion"},{"floor":22.0,"key":"EssenceOfSteel"},{"floor":36.0,"key":"LiquidBronze"},{"floor":40.0,"key":"Ancient Potion"},{"floor":48,"key":"BloodPotion"}],"is_trial":false,"path_per_floor":["M","M","M","$","M","R","E","M","T","M","R","M","R","$","R","B",null,"M","$","?","?","?","R","M","R","T","$","R","?","M","T","R","B",null,"M","M","?","?","$","E","R","M","T","$","T","E","M","E","R","B",null],"character_chosen":"IRONCLAD","items_purchased":["Twin Strike","Spot Weakness","Tiny Chest","DollysMirror","Metallicize+1"],"campfire_rested":0,"item_purchase_floors":[4,19,27,44,44],"current_hp_per_floor":[80,79,80,80,80,80,80,80,80,80,80,80,80,80,80,53,80,74,74,74,74,78,78,80,80,80,80,80,80,80,80,80,52,80,68,71,71,71,71,63,63,61,61,61,61,63,69,52,52,23],"gold":130,"neow_bonus":"RANDOM_COMMON_RELIC","is_prod":false,"is_daily":false,"chose_seed":false,"campfire_upgraded":10,"win_rate":0,"timestamp":1555045958,"path_taken":["M","M","M","$","M","R","E","M","T","M","R","M","R","$","R","BOSS","M","$","?","?","?","R","M","R","T","$","R","?","M","?","R","BOSS","M","M","?","?","$","E","R","M","T","$","?","E","M","E","R","BOSS"],"build_version":"2019-01-23","purchased_purges":3,"victory":true,"max_hp_per_floor":[80,80,80,80,80,80,80,80,80,80,80,80,80,80,80,80,80,80,80,80,80,80,80,80,80,80,80,80,80,80,80,80,80,80,80,80,80,76,76,76,76,76,76,76,76,76,76,76,76,76],"card_choices":[{"not_picked":["Sentinel","Reckless Charge","Combust"],"picked":"SKIP","floor":1.0},{"not_picked":["Havoc","Sever Soul","True Grit"],"picked":"SKIP","floor":2.0},{"not_picked":["Wild Strike","Perfected Strike"],"picked":"Disarm","floor":3.0},{"not_picked":["Havoc","Body Slam"],"picked":"Sword Boomerang","floor":5.0},{"not_picked":["Impervious","Fiend Fire"],"picked":"Flex","floor":7.0},{"not_picked":["Twin Strike","Hemokinesis"],"picked":"Headbutt","floor":8.0},{"not_picked":["Thunderclap","Iron Wave"],"picked":"Metallicize","floor":10.0},{"not_picked":["Carnage","Havoc"],"picked":"Armaments","floor":12.0},{"not_picked":["Berserk","Impervious"],"picked":"Limit Break","floor":16.0},{"not_picked":["Power Through","Perfected Strike","Evolve"],"picked":"SKIP","floor":18.0},{"not_picked":["Headbutt","Body Slam"],"picked":"Uppercut","floor":22.0},{"not_picked":["Carnage","Flex"],"picked":"Heavy Blade","floor":24.0},{"not_picked":["Corruption+1","Seeing Red+1","Headbutt"],"picked":"SKIP","floor":30.0},{"not_picked":["Feed","Juggernaut+1"],"picked":"Demon Form+1","floor":33.0},{"not_picked":["Anger","Sentinel+1","Wild Strike+1"],"picked":"SKIP","floor":35.0},{"not_picked":["Flex+1","Cleave+1"],"picked":"Whirlwind","floor":36.0},{"not_picked":["Rampage+1","Perfected Strike+1"],"picked":"Shockwave","floor":40.0},{"not_picked":["Clothesline","Infernal Blade","Brutality+1"],"picked":"SKIP","floor":42.0},{"not_picked":["Impervious","Cleave+1"],"picked":"Shockwave+1","floor":46},{"not_picked":["Pommel Strike+1","Corruption+1"],"picked":"Twin Strike+1","floor":47},{"not_picked":["Evolve+1","Feed"],"picked":"Infernal Blade+1","floor":48}],"player_experience":1200346,"relics_obtained":[{"floor":7.0,"key":"Anchor"},{"floor":9.0,"key":"Orichalcum"},{"floor":22.0,"key":"Ginger"},{"floor":22.0,"key":"Frozen Egg 2"},{"floor":26.0,"key":"Blue Candle"},{"floor":31.0,"key":"Potion Belt"},{"floor":40.0,"key":"Whetstone"},{"floor":43.0,"key":"StoneCalendar"},{"floor":45,"key":"Self Forming Clay"},{"floor":46,"key":"War Paint"},{"floor":48,"key":"Oddly Smooth Stone"}],"event_choices":[{"damage_healed":0.0,"max_hp_gain":0.0,"max_hp_loss":0.0,"gold_gain":99.0,"event_name":"Nest","player_choice":"Stole From Cult","floor":20.0,"gold_loss":0.0,"damage_taken":0.0},{"damage_healed":0.0,"max_hp_gain":0.0,"max_hp_loss":0.0,"gold_gain":0.0,"event_name":"Drug Dealer","player_choice":"Inject Mutagens","floor":21.0,"gold_loss":0.0,"damage_taken":0.0,"relics_obtained":["MutagenicStrength"]},{"damage_healed":0.0,"max_hp_gain":0.0,"max_hp_loss":0.0,"gold_gain":0.0,"event_name":"Colosseum","player_choice":"Fight","floor":22.0,"gold_loss":0.0,"damage_taken":0.0},{"damage_healed":0.0,"max_hp_gain":0.0,"max_hp_loss":0.0,"gold_gain":0.0,"event_name":"Colosseum","player_choice":"Fought Nobs","floor":22.0,"gold_loss":0.0,"damage_taken":0.0},{"damage_healed":0.0,"max_hp_gain":0.0,"max_hp_loss":0.0,"gold_gain":0.0,"event_name":"The Library","player_choice":"Read","floor":29.0,"gold_loss":0.0,"damage_taken":0.0,"cards_obtained":["Limit Break"]},{"damage_healed":0.0,"max_hp_gain":0.0,"max_hp_loss":0.0,"gold_gain":0.0,"event_name":"Tomb of Lord Red Mask","player_choice":"Ignored","floor":37.0,"gold_loss":0.0,"damage_taken":0.0},{"damage_healed":0.0,"max_hp_gain":0.0,"max_hp_loss":4.0,"gold_gain":0.0,"event_name":"Winding Halls","player_choice":"Max HP","floor":38.0,"gold_loss":0.0,"damage_taken":0.0}],"is_beta":false,"boss_relics":[{"not_picked":["Astrolabe","Empty Cage"],"picked":"Mark of Pain"},{"not_picked":["Lizard Tail","Pandora\u0027s Box"],"picked":"Cursed Key"}],"items_purged_floors":[4,14,27],"is_endless":false,"potions_floor_spawned":[1,2,5,22,22,36,40,48],"ascension_level":0}