{"gold_per_floor":[364,289,302,302,319,319,345,345,369,269,286,286,286,300,300,400,400,420,439,439,539,550,550,93,122,122,154,4,4,15,69,69,164,164,181,181,194,194,210,210,310,135,135,149,149,168,178,189,189,189],"floor_reached":51,"playtime":901,"items_purged":["Strike_R","Strike_R","Strike_R","Defend_R","Defend_R"],"score":787,"play_id":"9f4e536e-f5c0-465d-9d8d-86d8412d77ff","local_time":"20190413054129","is_ascension_mode":false,"campfire_choices":[{"data":"Whirlwind","floor":6,"key":"SMITH"},{"data":"Flex","floor":8,"key":"SMITH"},{"data":"Heavy Blade","floor":15,"key":"SMITH"},{"data":"Heavy Blade","floor":23,"key":"SMITH"},{"data":"Heavy Blade","floor":29,"key":"SMITH"},{"data":"Heavy Blade","floor":32,"key":"SMITH"},{"floor":40,"key":"REST"},{"floor":45,"key":"REST"},{"floor":49,"key":"REST"}],"neow_cost":"PERCENT_DAMAGE","seed_source_timestamp":51854839906576,"circlet_count":0,"master_deck":["Strike_R","Strike_R","Defend_R","Defend_R","Bash+1","Heavy Blade+1","Whirlwind+1","Heavy Blade+1","Flex+1","Infernal Blade+1","Heavy Blade+1","Battle Trance+1","Flex+1","Heavy Blade+1","Offering+1","Transmutation+1","Spot Weakness+1","Flex+1","Uppercut+1","Flex+1"],"relics":["Burning Blood","Bronze Scales","PreservedInsect","Regal Pillow","Kunai","Runic Dome","Charon\u0027s Ashes","Toxic Egg 2","Vajra","Happy Flower","Orichalcum","Pen Nib","Juzu Bracelet","Boot","Fusion Hammer","Ice Cream","Pocketwatch","Molten Egg 2"],"potions_floor_usage":[16,22,33,33,33,47,50,50,50],"damage_taken":[{"damage":3,"enemies":"2 Louse","floor":1,"turns":3},{"damage":0,"enemies":"Small Slimes","floor":3,"turns":3},{"damage":1,"enemies":"Cultist","floor":5,"turns":3},{"damage":17,"enemies":"3 Sentries","floor":7,"turns":4},{"damage":7,"enemies":"Blue Slaver","floor":11,"turns":3},{"damage":10,"enemies":"Looter","floor":14,"turns":3},{"damage":24,"enemies":"Slime Boss","floor":16,"turns":8},{"damage":10,"enemies":"Shell Parasite","floor":18,"turns":3},{"damage":0,"enemies":"Spheric Guardian","floor":19,"turns":2},{"damage":22,"enemies":"Colosseum Slavers","floor":21,"turns":3},{"damage":14,"enemies":"Colosseum Nobs","floor":21,"turns":3},{"damage":0,"enemies":"Centurion and Healer","floor":22,"turns":3},{"damage":6,"enemies":"Book of Stabbing","floor":25,"turns":2},{"damage":14,"enemies":"Slavers","floor":27,"turns":5},{"damage":4,"enemies":"Cultist and Chosen","floor":30,"turns":2},{"damage":14,"enemies":"Champ","floor":33,"turns":5},{"damage":6,"enemies":"3 Shapes","floor":35,"turns":1},{"damage":6,"enemies":"Orb Walker","floor":37,"turns":1},{"damage":0,"enemies":"Jaw Worm Horde","floor":39,"turns":1},{"damage":0,"enemies":"Mind Bloom Boss Battle","floor":41,"turns":1},{"damage":25,"enemies":"4 Shapes","floor":44,"turns":1},{"damage":10,"enemies":"Spire Growth","floor":46,"turns":2},{"damage":6,"enemies":"Maw","floor":47,"turns":3},{"damage":16,"enemies":"Sphere and 2 Shapes","floor":48,"turns":2},{"damage":58,"enemies":"Awakened One","floor":50,"turns":5}],"seed_played":"-513298784598785700","potions_obtained":[{"floor":3,"key":"LiquidBronze"},{"floor":7,"key":"Ancient Potion"},{"floor":14,"key":"SteroidPotion"},{"floor":21,"key":"Block Potion"},{"floor":22,"key":"Strength Potion"},{"floor":30,"key":"SkillPotion"},{"floor":33,"key":"Poison Potion"},{"floor":35,"key":"Block Potion"},{"floor":37,"key":"Fire Potion"},{"floor":47,"key":"Block Potion"}],"is_trial":false,"path_per_floor":["M","$","M","?","M","R","E","R","T","$","M","?","?","M","R","B",null,"M","M","?","?","M","R","$","E","T","E","$","R","M","T","R","B",null,"M","?","M","T","M","R","?","$","T","M","R","M","M","M","R","B",null],"character_chosen":"IRONCLAD","items_purchased":["Flex+1","Vajra","Happy Flower"],"campfire_rested":3,"item_purchase_floors":[24,24,24],"current_hp_per_floor":[59,59,65,47,52,52,41,41,41,41,40,40,40,36,36,18,80,76,80,80,56,62,62,62,62,62,54,54,54,56,56,56,48,80,80,80,80,80,80,80,80,80,80,61,80,76,76,66,80,28],"gold":189,"neow_bonus":"TWO_FIFTY_GOLD","is_prod":false,"is_daily":false,"chose_seed":false,"campfire_upgraded":6,"win_rate":0,"timestamp":1555155689,"path_taken":["M","$","M","?","M","R","E","R","T","$","M","?","?","M","R","BOSS","M","?","?","?","M","R","?","E","T","E","$","R","M","?","R","BOSS","M","?","M","?","M","R","?","$","T","M","R","M","M","M","R","BOSS"],"build_version":"2019-01-23","purchased_purges":5,"victory":true,"max_hp_per_floor":[80,80,80,80,80,80,80,80,80,80,80,80,80,80,80,80,80,80,80,80,80,80,80,80,80,80,80,80,80,80,80,80,80,80,80,80,80,80,80,80,80,80,80,80,80,80,80,80,80,80],"card_choices":[{"not_picked":["Clash","Shrug It Off"],"picked":"Heavy Blade","floor":1},{"not_picked":["Shrug It Off","Perfected Strike"],"picked":"Whirlwind","floor":3},{"not_picked":["True Grit","Fire Breathing"],"picked":"Heavy Blade","floor":5},{"not_picked":["Intimidate","Clothesline"],"picked":"Flex","floor":7},{"not_picked":["Second Wind","Sword Boomerang","Dual Wield"],"picked":"SKIP","floor":11},{"not_picked":["Wild Strike","Iron Wave","Ghostly Armor"],"picked":"SKIP","floor":14},{"not_picked":["Perfected Strike","Sentinel"],"picked":"Infernal Blade+1","floor":18},{"not_picked":["Twin Strike","Perfected Strike","True Grit+1"],"picked":"SKIP","floor":19},{"not_picked":["Blood for Blood+1","Rage"],"picked":"Heavy Blade","floor":21},{"not_picked":["Corruption","Blood for Blood"],"picked":"Battle Trance+1","floor":22},{"not_picked":["Feel No Pain","True Grit+1","Second Wind+1"],"picked":"SKIP","floor":25},{"not_picked":["Thunderclap+1","Dropkick","Heavy Blade"],"picked":"SKIP","floor":27},{"not_picked":["Thunderclap+1","Dropkick"],"picked":"Heavy Blade","floor":27},{"not_picked":["Rampage","Heavy Blade","Cleave"],"picked":"SKIP","floor":30},{"not_picked":["Feed","Dark Embrace"],"picked":"Offering+1","floor":33},{"not_picked":["Clothesline","Sword Boomerang","Havoc+1"],"picked":"SKIP","floor":35},{"not_picked":["Forethought+1","Mind Blast"],"picked":"Transmutation+1","floor":36},{"not_picked":["Power Through+1","Warcry+1"],"picked":"Spot Weakness+1","floor":37},{"not_picked":["True Grit+1","Wild Strike","Headbutt+1"],"picked":"SKIP","floor":39},{"not_picked":["Shrug It Off+1","Burning Pact+1","Heavy Blade+1"],"picked":"SKIP","floor":44},{"not_picked":["Dropkick+1","Entrench+1"],"picked":"Flex+1","floor":46},{"not_picked":["Barricade","Rupture"],"picked":"Uppercut+1","floor":47},{"not_picked":["Clash+1","Cleave+1"],"picked":"Flex+1","floor":48}],"player_experience":1208842,"relics_obtained":[{"floor":7,"key":"PreservedInsect"},{"floor":9,"key":"Regal Pillow"},{"floor":21,"key":"Charon\u0027s Ashes"},{"floor":21,"key":"Toxic Egg 2"},{"floor":25,"key":"Orichalcum"},{"floor":26,"key":"Pen Nib"},{"floor":27,"key":"Juzu Bracelet"},{"floor":31,"key":"Boot"},{"floor":38,"key":"Ice Cream"},{"floor":41,"key":"Pocketwatch"},{"floor":43,"key":"Molten Egg 2"}],"event_choices":[{"damage_healed":0,"gold_gain":0,"player_choice":"Success","damage_taken":18,"relics_obtained":["Bronze Scales"],"max_hp_gain":0,"max_hp_loss":0,"event_name":"Scrap Ooze","floor":4,"gold_loss":0},{"damage_healed":0,"gold_gain":0,"player_choice":"Grow","damage_taken":0,"max_hp_gain":0,"max_hp_loss":0,"event_name":"Living Wall","floor":12,"gold_loss":0,"cards_upgraded":["Bash"]},{"damage_healed":0,"gold_gain":0,"player_choice":"Gave Potion","damage_taken":0,"relics_obtained":["Kunai"],"max_hp_gain":0,"max_hp_loss":0,"event_name":"WeMeetAgain","floor":13,"gold_loss":0},{"damage_healed":0,"gold_gain":0,"player_choice":"Ignored","damage_taken":0,"max_hp_gain":0,"max_hp_loss":0,"event_name":"Ghosts","floor":20,"gold_loss":0},{"damage_healed":0,"gold_gain":0,"player_choice":"Fight","damage_taken":0,"max_hp_gain":0,"max_hp_loss":0,"event_name":"Colosseum","floor":21,"gold_loss":0},{"damage_healed":0,"gold_gain":0,"player_choice":"Fought Nobs","damage_taken":0,"max_hp_gain":0,"max_hp_loss":0,"event_name":"Colosseum","floor":21,"gold_loss":0},{"damage_healed":0,"gold_gain":0,"player_choice":"Memory 1","damage_taken":0,"max_hp_gain":0,"max_hp_loss":0,"event_name":"SensoryStone","floor":36,"gold_loss":0},{"damage_healed":0,"gold_gain":0,"player_choice":"Fight","damage_taken":0,"max_hp_gain":0,"max_hp_loss":0,"event_name":"MindBloom","floor":41,"gold_loss":0}],"is_beta":false,"boss_relics":[{"not_picked":["Black Blood","Runic Pyramid"],"picked":"Runic Dome"},{"not_picked":["Eternal Feather","Tiny House"],"picked":"Fusion Hammer"}],"items_purged_floors":[2,10,24,28,42],"is_endless":false,"potions_floor_spawned":[3,7,14,21,21,22,30,33,35,37,47,48],"ascension_level":0}