{"gold_per_floor":[114,129,129,54,69,99,114,129,179,179,209,209,209,224,224,324,324,339,354,354,454,170,170,185,185,185,185,200,215,245,260,260,360,360,375,390,390,65,65,65,65,65,65,80,95,110,125,155,155,155],"floor_reached":51,"playtime":1760,"items_purged":["Defend_R","Defend_R","Strike_R"],"score":863,"play_id":"cb6d4d06-952f-4115-8615-a8d5904fb9be","local_time":"20190209231429","daily_mods":["Cursed Run","Blue Cards","DeadlyEvents"],"is_ascension_mode":false,"campfire_choices":[{"floor":10,"key":"REST"},{"data":"Heavy Blade","floor":12,"key":"SMITH"},{"floor":15,"key":"REST"},{"floor":23,"key":"REST"},{"data":"Meteor Strike","floor":25,"key":"SMITH"},{"data":"Metamorphosis","floor":27,"key":"SMITH"},{"floor":32,"key":"REST"},{"floor":40,"key":"REST"},{"floor":42,"key":"REST"},{"floor":49,"key":"REST"}],"neow_cost":"","seed_source_timestamp":0,"circlet_count":0,"master_deck":["Strike_R","Strike_R+1","Strike_R+1","Strike_R","Defend_R+1","Bash","Conserve Battery+1","Conserve Battery+1","Heavy Blade+1","Clumsy","Meteor Strike+1","Clumsy","Metamorphosis+1","Writhe","Clumsy","Ball Lightning","Pain","Regret"],"special_seed":17937,"relics":["Cursed Key","Darkstone Periapt","Du-Vu Doll","Dodecahedron","Bronze Scales","Potion Belt","FossilizedHelix","Busted Crown","Pocketwatch","Paper Frog","Shovel","Red Skull","Fusion Hammer","Whetstone","Regal Pillow","War Paint"],"potions_floor_usage":[8,11,29,29,29,30,33,33,33,33,33,36,41,44,50],"damage_taken":[{"damage":0,"enemies":"Small Slimes","floor":1,"turns":3},{"damage":1,"enemies":"Cultist","floor":2,"turns":3},{"damage":4,"enemies":"2 Louse","floor":5,"turns":2},{"damage":32,"enemies":"Lagavulin","floor":6,"turns":6},{"damage":0,"enemies":"Large Slime","floor":7,"turns":6},{"damage":9,"enemies":"Exordium Wildlife","floor":8,"turns":4},{"damage":14,"enemies":"Gremlin Nob","floor":11,"turns":3},{"damage":0,"enemies":"Looter","floor":14,"turns":2},{"damage":8,"enemies":"Slime Boss","floor":16,"turns":9},{"damage":0,"enemies":"Chosen","floor":18,"turns":3},{"damage":5,"enemies":"2 Thieves","floor":19,"turns":3},{"damage":0,"enemies":"Colosseum Slavers","floor":21,"turns":3},{"damage":14,"enemies":"Colosseum Nobs","floor":21,"turns":4},{"damage":12,"enemies":"Centurion and Healer","floor":24,"turns":4},{"damage":0,"enemies":"Snecko","floor":28,"turns":3},{"damage":30,"enemies":"3 Cultists","floor":29,"turns":4},{"damage":27,"enemies":"Slavers","floor":30,"turns":4},{"damage":0,"enemies":"Chosen and Byrds","floor":31,"turns":4},{"damage":32,"enemies":"Collector","floor":33,"turns":4},{"damage":67,"enemies":"3 Shapes","floor":35,"turns":3},{"damage":0,"enemies":"3 Darklings","floor":36,"turns":3},{"damage":0,"enemies":"Jaw Worm Horde","floor":41,"turns":1},{"damage":6,"enemies":"Spire Growth","floor":44,"turns":3},{"damage":0,"enemies":"Sphere and 2 Shapes","floor":45,"turns":3},{"damage":20,"enemies":"Maw","floor":46,"turns":5},{"damage":19,"enemies":"Jaw Worm Horde","floor":47,"turns":3},{"damage":65,"enemies":"Giant Head","floor":48,"turns":7},{"damage":25,"enemies":"Time Eater","floor":50,"turns":5}],"seed_played":"-8803609640175454799","potions_obtained":[{"floor":2,"key":"SpeedPotion"},{"floor":6,"key":"AttackPotion"},{"floor":7,"key":"Fire Potion"},{"floor":24,"key":"Strength Potion"},{"floor":28,"key":"EntropicBrew"},{"floor":29,"key":"Weak Potion"},{"floor":30,"key":"BloodPotion"},{"floor":35,"key":"Energy Potion"},{"floor":36,"key":"SmokeBomb"},{"floor":44,"key":"LiquidBronze"}],"is_trial":false,"path_per_floor":["M","M","?","$","M","E","M","M","T","R","E","R","?","M","R","B",null,"M","M","?","?","$","R","M","R","T","R","M","M","E","M","R","B",null,"M","M","?","$","?","R","M","R","T","M","M","M","M","E","R","B",null],"character_chosen":"IRONCLAD","items_purchased":["Metamorphosis","Ball Lightning","Whetstone"],"campfire_rested":7,"item_purchase_floors":[22,38,38],"current_hp_per_floor":[80,79,79,79,75,43,43,34,40,65,51,51,34,34,59,57,92,92,87,92,78,78,92,80,80,86,86,86,56,29,29,58,41,104,37,37,37,37,37,68,68,99,105,99,99,79,60,10,58,39],"gold":155,"neow_bonus":"","is_prod":false,"is_daily":true,"chose_seed":false,"campfire_upgraded":3,"win_rate":0.0,"timestamp":1549772069,"path_taken":["M","M","?","$","M","E","M","M","T","R","?","R","?","M","R","BOSS","M","M","?","?","$","R","M","R","T","R","M","?","?","M","R","BOSS","M","M","?","$","?","R","M","R","T","M","M","M","M","?","R","BOSS"],"build_version":"2019-01-23","purchased_purges":3,"victory":true,"max_hp_per_floor":[80,80,80,80,80,80,80,80,86,86,86,86,86,86,86,92,92,92,92,92,92,92,92,92,92,98,98,98,98,98,98,98,104,104,104,104,104,104,104,104,104,104,110,110,110,110,110,110,110,116],"card_choices":[{"not_picked":["Redo","Sword Boomerang"],"picked":"Conserve Battery","floor":1},{"not_picked":["Metallicize","Flex","Thunderclap"],"picked":"SKIP","floor":2},{"not_picked":["Twin Strike","Exhume","Cleave"],"picked":"SKIP","floor":5},{"not_picked":["Iron Wave","Thunderclap"],"picked":"Conserve Battery","floor":6},{"not_picked":["Cleave","Entrench","Rebound"],"picked":"SKIP","floor":7},{"not_picked":["Headbutt","Loop"],"picked":"Heavy Blade","floor":8},{"not_picked":["Cleave","Go for the Eyes","Shrug It Off"],"picked":"SKIP","floor":11},{"not_picked":["Pommel Strike","Body Slam"],"picked":"Meteor Strike","floor":14},{"not_picked":["Hello World"],"picked":"SKIP","floor":18},{"not_picked":["Stack+1"],"picked":"SKIP","floor":19},{"not_picked":["Coolheaded+1"],"picked":"SKIP","floor":24},{"not_picked":["Wild Strike"],"picked":"SKIP","floor":28},{"not_picked":["Scrape+1"],"picked":"SKIP","floor":29},{"not_picked":["Glacier+1"],"picked":"SKIP","floor":30},{"not_picked":["BootSequence"],"picked":"SKIP","floor":31},{"not_picked":["Shrug It Off+1"],"picked":"SKIP","floor":35},{"not_picked":["Anger+1"],"picked":"SKIP","floor":36},{"not_picked":["Anger"],"picked":"SKIP","floor":44},{"not_picked":["Shrug It Off+1"],"picked":"SKIP","floor":45},{"not_picked":["Cleave"],"picked":"SKIP","floor":46},{"not_picked":["Armaments"],"picked":"SKIP","floor":47},{"not_picked":["Streamline"],"picked":"SKIP","floor":48}],"player_experience":368312,"relics_obtained":[{"floor":6,"key":"Bronze Scales"},{"floor":9,"key":"Potion Belt"},{"floor":11,"key":"FossilizedHelix"},{"floor":21,"key":"Pocketwatch"},{"floor":21,"key":"Paper Frog"},{"floor":26,"key":"Shovel"},{"floor":30,"key":"Red Skull"},{"floor":43,"key":"Regal Pillow"},{"floor":48,"key":"War Paint"}],"event_choices":[{"damage_healed":0,"gold_gain":0,"player_choice":"Gave Potion","damage_taken":0,"relics_obtained":["Dodecahedron"],"max_hp_gain":0,"max_hp_loss":0,"event_name":"WeMeetAgain","floor":3,"gold_loss":0},{"damage_healed":0,"gold_gain":0,"player_choice":"Entered Light","damage_taken":17,"max_hp_gain":0,"max_hp_loss":0,"event_name":"Shining Light","floor":13,"gold_loss":0,"cards_upgraded":["Defend_R","Conserve Battery"]},{"damage_healed":30,"gold_gain":0,"player_choice":"Heal","damage_taken":0,"max_hp_gain":0,"max_hp_loss":0,"event_name":"The Library","floor":20,"gold_loss":0},{"damage_healed":0,"gold_gain":0,"player_choice":"Fight","damage_taken":0,"max_hp_gain":0,"max_hp_loss":0,"event_name":"Colosseum","floor":21,"gold_loss":0},{"damage_healed":0,"gold_gain":0,"player_choice":"Fought Nobs","damage_taken":0,"max_hp_gain":0,"max_hp_loss":0,"event_name":"Colosseum","floor":21,"gold_loss":0},{"damage_healed":0,"gold_gain":0,"player_choice":"Ignored","damage_taken":0,"max_hp_gain":0,"max_hp_loss":0,"event_name":"Mysterious Sphere","floor":37,"gold_loss":0},{"cards_removed":["Defend_R"],"damage_healed":0,"gold_gain":0,"player_choice":"Removed Skill","damage_taken":0,"max_hp_gain":0,"max_hp_loss":0,"event_name":"Falling","floor":39,"gold_loss":0}],"is_beta":false,"boss_relics":[{"not_picked":["Coffee Dripper","Sozu"],"picked":"Busted Crown"},{"not_picked":["Velvet Choker","Astrolabe"],"picked":"Fusion Hammer"}],"items_purged_floors":[4,22,38],"is_endless":false,"potions_floor_spawned":[2,6,7,21,24,28,29,30,35,36,41,44],"ascension_level":0}