{"path_per_floor":["M","M","?","M","M","R","M","$","T","?","?","R","M","M","R","B",null,"M","$","?","M","M","R","M","R","T","?","R"],"character_chosen":"DEFECT","items_purchased":["Rebound"],"gold_per_floor":[114,132,82,100,118,118,129,54,79,79,79,79,90,104,104,202,202,212,61,61,81,100,100,116,116,140,140,140,140],"floor_reached":29,"campfire_rested":6,"playtime":850,"item_purchase_floors":[19],"current_hp_per_floor":[72,72,72,71,55,79,59,59,59,82,66,82,76,74,82,69,82,72,72,72,57,15,39,9,33,33,33,50,0],"items_purged":["Strike_B","Strike_B"],"gold":140,"score":242,"play_id":"a64f4ffc-cbf8-40ce-8eca-b88b9d54eaf1","local_time":"20180619235139","is_prod":false,"is_daily":false,"chose_seed":false,"is_ascension_mode":false,"campfire_upgraded":0,"win_rate":0.0,"timestamp":1529466699,"campfire_choices":[{"floor":6,"key":"REST"},{"floor":12,"key":"REST"},{"floor":15,"key":"REST"},{"floor":23,"key":"REST"},{"floor":25,"key":"REST"},{"floor":28,"key":"REST"}],"path_taken":["M","M","?","M","?","R","M","$","T","?","?","R","M","M","R","BOSS","M","$","?","M","M","R","?","R","T","?","R","E"],"build_version":"2018-06-14v2","seed_source_timestamp":357577346736597,"purchased_purges":2,"victory":false,"master_deck":["Defend_B+1","Defend_B","Defend_B","Zap+1","Streamline","Double Energy","Ball Lightning","Ball Lightning","Streamline","Biased Cognition","Rebound","Ball Lightning","Bite","Bite","Bite","Bite","Bite"],"max_hp_per_floor":[82,82,82,82,82,82,82,82,82,82,82,82,82,82,82,82,82,82,82,82,82,82,82,82,82,82,57,57,57],"relics":["Cracked Core","Happy Flower","Empty Cage","Pen Nib"],"card_choices":[{"not_picked":["Stack","Go for the Eyes","Loop"],"picked":"SKIP","floor":1},{"not_picked":["Conserve Battery","Turbo"],"picked":"Streamline","floor":2},{"not_picked":["Go for the Eyes","Gash","Turbo"],"picked":"SKIP","floor":4},{"not_picked":["Streamline","Echo Form"],"picked":"Double Energy","floor":5},{"not_picked":["Compile Driver","Gash"],"picked":"Ball Lightning","floor":7},{"not_picked":["Darkness","Stack"],"picked":"Ball Lightning","floor":13},{"not_picked":["Leap","Undo"],"picked":"Streamline","floor":14},{"not_picked":["Multi-Cast","Amplify"],"picked":"Biased Cognition","floor":16},{"not_picked":["Steam+1","Conserve Battery","Stack"],"picked":"SKIP","floor":18},{"not_picked":["Leap","Cold Snap"],"picked":"Ball Lightning","floor":21},{"not_picked":["Force Field","Go for the Eyes+1","Capacitor"],"picked":"SKIP","floor":22},{"not_picked":["White Noise","Barrage","Compile Driver"],"picked":"SKIP","floor":24}],"player_experience":148159,"potions_floor_usage":[13,16],"damage_taken":[{"damage":10,"enemies":"Jaw Worm","floor":1,"turns":4},{"damage":0,"enemies":"Small Slimes","floor":2,"turns":3},{"damage":1,"enemies":"Cultist","floor":4,"turns":3},{"damage":16,"enemies":"2 Fungi Beasts","floor":5,"turns":3},{"damage":20,"enemies":"Gremlin Gang","floor":7,"turns":5},{"damage":6,"enemies":"Exordium Wildlife","floor":13,"turns":3},{"damage":2,"enemies":"Looter","floor":14,"turns":2},{"damage":13,"enemies":"Slime Boss","floor":16,"turns":6},{"damage":10,"enemies":"Spheric Guardian","floor":18,"turns":3},{"damage":15,"enemies":"3 Byrds","floor":21,"turns":3},{"damage":42,"enemies":"Snake Plant","floor":22,"turns":3},{"damage":30,"enemies":"Snecko","floor":24,"turns":4},{"damage":59,"enemies":"Book of Stabbing","floor":29,"turns":4}],"relics_obtained":[{"floor":9,"key":"Happy Flower"},{"floor":26,"key":"Pen Nib"}],"event_choices":[{"event_name":"The Cleric","player_choice":"Card Removal","floor":3,"damage_taken":0},{"event_name":"Wheel of Change","player_choice":"Full Heal","floor":10,"damage_taken":0},{"event_name":"Shining Light","player_choice":"Entered Light","floor":11,"damage_taken":0},{"event_name":"Drug Dealer","player_choice":"Ignored","floor":20,"damage_taken":0},{"event_name":"Vampires","player_choice":"Became a vampire","floor":27,"damage_taken":0}],"boss_relics":[{"not_picked":["Snecko Eye","Inserter"],"picked":"Empty Cage"}],"items_purged_floors":[8,19],"is_endless":false,"potions_floor_spawned":[2,4,21],"seed_played":"2265420257913308029","killed_by":"Book of Stabbing","ascension_level":0,"potions_obtained":[{"floor":2,"key":"Poison Potion"},{"floor":4,"key":"SkillPotion"},{"floor":21,"key":"SteroidPotion"}],"is_trial":false}