{"gold_per_floor":[114,114,130,146,161,161,436,436,436,448,448,460,472,506,506,611,611,629,629,707,632,652,664,664,696,752,752,769,795,795,108,108,213,213,228,166,1165,1218,1229,1229,1229,1262,1262,25,25,25,25,25,25,25],"floor_reached":51,"playtime":1663,"items_purged":["Regret","Strike_R","Normality"],"score":736,"play_id":"3c07b4b4-d818-4ca2-a698-318194326688","local_time":"20190411234553","is_ascension_mode":false,"campfire_choices":[{"data":"Armaments","floor":6,"key":"SMITH"},{"data":"Clothesline","floor":8,"key":"SMITH"},{"data":"Bash","floor":11,"key":"SMITH"},{"data":"Clothesline","floor":15,"key":"SMITH"},{"data":"Double Tap","floor":24,"key":"SMITH"},{"floor":27,"key":"REST"},{"data":"Metallicize","floor":32,"key":"SMITH"},{"floor":40,"key":"REST"},{"floor":47,"key":"REST"},{"floor":49,"key":"REST"}],"neow_cost":"TEN_PERCENT_HP_LOSS","seed_source_timestamp":28847482096868,"circlet_count":0,"master_deck":["Strike_R","Strike_R","Strike_R","Strike_R","Defend_R","Defend_R","Defend_R","Defend_R","Bash+1","Clothesline+1","Metallicize+1","Armaments+1","Pommel Strike","Clothesline+1","Double Tap+1","Thunderclap+1","Metallicize+1","Headbutt+1","Headbutt+1","Double Tap+1","Offering","Armaments+1","Uppercut","True Grit+1","Shockwave+1","Immolate","Offering","Sadistic Nature","Sadistic Nature","Discovery"],"relics":["Burning Blood","Mango","StoneCalendar","Pocketwatch","Sozu","Mercury Hourglass","Juzu Bracelet","Tiny Chest","The Courier","Meat on the Bone","DollysMirror","Turnip","Bottled Tornado","Fusion Hammer","Lantern","Bottled Flame","Dead Branch","Ice Cream","Red Skull","Gremlin Horn","Singing Bowl","PreservedInsect"],"potions_floor_usage":[13,14,16,25],"damage_taken":[{"damage":0,"enemies":"Small Slimes","floor":1,"turns":3},{"damage":0,"enemies":"Cultist","floor":3,"turns":4},{"damage":3,"enemies":"Jaw Worm","floor":4,"turns":3},{"damage":24,"enemies":"Exordium Thugs","floor":5,"turns":8},{"damage":7,"enemies":"Blue Slaver","floor":10,"turns":4},{"damage":5,"enemies":"2 Fungi Beasts","floor":12,"turns":5},{"damage":4,"enemies":"Exordium Wildlife","floor":13,"turns":4},{"damage":21,"enemies":"Lagavulin","floor":14,"turns":7},{"damage":38,"enemies":"Hexaghost","floor":16,"turns":9},{"damage":30,"enemies":"Spheric Guardian","floor":18,"turns":6},{"damage":9,"enemies":"3 Byrds","floor":22,"turns":4},{"damage":17,"enemies":"Snake Plant","floor":23,"turns":4},{"damage":32,"enemies":"Slavers","floor":25,"turns":5},{"damage":0,"enemies":"Snecko","floor":28,"turns":4},{"damage":23,"enemies":"Book of Stabbing","floor":29,"turns":6},{"damage":36,"enemies":"Automaton","floor":33,"turns":9},{"damage":8,"enemies":"Orb Walker","floor":35,"turns":2},{"damage":0,"enemies":"3 Shapes","floor":39,"turns":4},{"damage":30,"enemies":"Nemesis","floor":42,"turns":7},{"damage":45,"enemies":"Time Eater","floor":50,"turns":6}],"seed_played":"2358185944546763585","potions_obtained":[{"floor":5,"key":"EssenceOfSteel"},{"floor":10,"key":"LiquidBronze"},{"floor":12,"key":"Poison Potion"},{"floor":16,"key":"FearPotion"}],"is_trial":false,"path_per_floor":["M","?","M","M","M","R","?","R","T","M","R","M","M","E","R","B",null,"M","?","T","$","M","M","R","E","T","R","M","E","T","$","R","B",null,"M","$","?","T","M","R","?","E","T","$","?","?","R","?","R","B",null],"character_chosen":"IRONCLAD","items_purchased":["DollysMirror","Turnip","Bottled Tornado","Uppercut","Immolate","Ice Cream","Red Skull","Gremlin Horn","Offering","Singing Bowl","PreservedInsect"],"campfire_rested":4,"item_purchase_floors":[31,31,31,36,44,44,44,44,44,44,44],"current_hp_per_floor":[86,91,91,91,73,73,73,73,73,72,72,73,75,60,60,28,91,67,67,67,67,64,53,53,27,27,54,60,43,43,43,43,25,91,89,89,89,89,91,91,91,67,67,67,67,57,84,84,86,59],"gold":25,"neow_bonus":"ONE_RARE_RELIC","is_prod":false,"is_daily":false,"chose_seed":false,"campfire_upgraded":6,"win_rate":0,"timestamp":1555047953,"path_taken":["M","?","M","M","M","R","?","R","T","?","R","M","M","E","R","BOSS","M","?","?","$","M","M","R","E","T","R","M","E","?","$","R","BOSS","M","$","?","?","M","R","?","E","T","$","?","?","R","?","R","BOSS"],"build_version":"2019-01-23","purchased_purges":3,"victory":true,"max_hp_per_floor":[86,91,91,91,91,91,91,91,91,91,91,91,91,91,91,91,91,91,91,91,91,91,91,91,91,91,91,91,91,91,91,91,91,91,91,91,91,91,91,91,91,91,91,91,91,91,91,86,86,86],"card_choices":[{"not_picked":["Heavy Blade","Sword Boomerang"],"picked":"Clothesline","floor":1},{"not_picked":["Wild Strike","Cleave","Perfected Strike"],"picked":"SKIP","floor":3},{"not_picked":["Ghostly Armor","Thunderclap"],"picked":"Metallicize","floor":4},{"not_picked":["Pommel Strike","Thunderclap"],"picked":"Armaments","floor":5},{"not_picked":["Heavy Blade","Warcry"],"picked":"Pommel Strike","floor":10},{"not_picked":["Armaments","Havoc"],"picked":"Clothesline","floor":12},{"not_picked":["Pummel","Power Through","Impervious"],"picked":"SKIP","floor":13},{"not_picked":["Anger","Clash","Perfected Strike"],"picked":"SKIP","floor":14},{"not_picked":["Bludgeon","Fiend Fire"],"picked":"Double Tap","floor":16},{"not_picked":["Anger","Wild Strike+1"],"picked":"Thunderclap+1","floor":18},{"not_picked":["Blood for Blood","Dual Wield"],"picked":"Metallicize+1","floor":22},{"not_picked":["Armaments","Havoc"],"picked":"Headbutt+1","floor":23},{"not_picked":["Pummel","Sever Soul"],"picked":"Headbutt+1","floor":25},{"not_picked":["Feel No Pain","Reaper","Seeing Red"],"picked":"SKIP","floor":28},{"not_picked":["Pommel Strike","Headbutt","Corruption"],"picked":"SKIP","floor":29},{"not_picked":["Exhume","Reaper"],"picked":"Offering","floor":33},{"not_picked":["Pommel Strike+1","Sentinel+1"],"picked":"Armaments+1","floor":35},{"not_picked":["Clothesline","Anger+1"],"picked":"True Grit+1","floor":39},{"not_picked":["Body Slam+1","Pummel+1"],"picked":"Shockwave+1","floor":42},{"not_picked":["PanicButton","Forethought"],"picked":"Sadistic Nature","floor":46},{"not_picked":["Apotheosis","Panacea"],"picked":"Sadistic Nature","floor":46},{"not_picked":["Finesse","Purity"],"picked":"Discovery","floor":46}],"player_experience":1202090,"relics_obtained":[{"floor":9,"key":"StoneCalendar"},{"floor":14,"key":"Pocketwatch"},{"floor":20,"key":"Mercury Hourglass"},{"floor":25,"key":"Juzu Bracelet"},{"floor":26,"key":"Tiny Chest"},{"floor":29,"key":"The Courier"},{"floor":30,"key":"Meat on the Bone"},{"floor":38,"key":"Lantern"},{"floor":42,"key":"Bottled Flame"},{"floor":43,"key":"Dead Branch"}],"event_choices":[{"damage_healed":0,"gold_gain":0,"player_choice":"Donut","damage_taken":0,"max_hp_gain":5,"max_hp_loss":0,"event_name":"Big Fish","floor":2,"gold_loss":0},{"damage_healed":0,"gold_gain":275,"player_choice":"Desecrate","damage_taken":0,"max_hp_gain":0,"max_hp_loss":0,"event_name":"Golden Shrine","floor":7,"gold_loss":0,"cards_obtained":["Regret"]},{"damage_healed":0,"gold_gain":0,"player_choice":"Ignored","damage_taken":0,"max_hp_gain":0,"max_hp_loss":0,"event_name":"Ghosts","floor":19,"gold_loss":0},{"damage_healed":0,"gold_gain":999,"player_choice":"Gold","damage_taken":0,"max_hp_gain":0,"max_hp_loss":0,"event_name":"MindBloom","floor":37,"gold_loss":0,"cards_obtained":["Normality","Normality"]},{"damage_healed":0,"gold_gain":0,"player_choice":"Ignored","damage_taken":0,"max_hp_gain":0,"max_hp_loss":0,"event_name":"Mysterious Sphere","floor":41,"gold_loss":0},{"cards_removed":["Normality"],"damage_healed":0,"gold_gain":0,"player_choice":"Purged","damage_taken":0,"max_hp_gain":0,"max_hp_loss":0,"event_name":"Purifier","floor":45,"gold_loss":0},{"damage_healed":0,"gold_gain":0,"player_choice":"Memory 3","damage_taken":10,"max_hp_gain":0,"max_hp_loss":0,"event_name":"SensoryStone","floor":46,"gold_loss":0},{"damage_healed":0,"gold_gain":0,"player_choice":"Max HP","damage_taken":0,"max_hp_gain":0,"max_hp_loss":5,"event_name":"Winding Halls","floor":48,"gold_loss":0}],"is_beta":false,"boss_relics":[{"not_picked":["Coffee Dripper","White Beast Statue"],"picked":"Sozu"},{"not_picked":["Snecko Eye","Tiny House"],"picked":"Fusion Hammer"}],"items_purged_floors":[21,31,44],"is_endless":false,"potions_floor_spawned":[5,10,12,16,18,33,42],"ascension_level":0}