{"gold_per_floor":[113,123,134,14,14,26,70,157,195,222,234,20,20,20,20,125,125,137,10,110,110,128,160,174,189,244,244,169,169,72,91,91,192,192,208,208,221,270,47,47,79,79,127,146,156,186,0,0],"floor_reached":48,"playtime":3719,"items_purged":["Strike_B"],"score":711,"play_id":"72a30496-fcb7-45ff-a17a-1563dc4c99e6","local_time":"20190208112639","is_ascension_mode":true,"campfire_choices":[{"data":"Go for the Eyes","floor":6.0,"key":"SMITH"},{"data":"Static Discharge","floor":11.0,"key":"SMITH"},{"data":"Beam Cell","floor":13.0,"key":"SMITH"},{"floor":15.0,"key":"REST"},{"floor":27.0,"key":"REST"},{"data":"FTL","floor":29.0,"key":"SMITH"},{"data":"Streamline","floor":32.0,"key":"SMITH"},{"data":"Meteor Strike","floor":40.0,"key":"SMITH"},{"floor":42.0,"key":"REST"}],"neow_cost":"TEN_PERCENT_HP_LOSS","seed_source_timestamp":1199589920249600,"circlet_count":0,"master_deck":["Defend_B","Defend_B","Zap","Dualcast+1","Cold Snap+1","FTL+1","Go for the Eyes+1","Auto Shields","Rebound","Reinforced Body","Static Discharge+1","Beam Cell+1","FTL","Hologram","Creative AI","Go for the Eyes+1","Self Repair","Cold Snap","Leap","Necronomicurse","Cold Snap","Double Energy","Cold Snap","Streamline+1","FTL","Meteor Strike+1","Redo+1","Beam Cell+1","Conserve Battery+1","Steam","Capacitor","Leap","Hologram","Biased Cognition","Blizzard+1"],"special_seed":0,"relics":["Cracked Core","MawBank","Blue Candle","Happy Flower","Busted Crown","Peace Pipe","Mummified Hand","Necronomicon","Ice Cream","Vajra","Empty Cage","Thread and Needle","Emotion Chip","Omamori","Red Mask"],"potions_floor_usage":[48],"damage_taken":[{"damage":1.0,"enemies":"Cultist","floor":1.0,"turns":3.0},{"damage":0.0,"enemies":"2 Louse","floor":2.0,"turns":1.0},{"damage":4.0,"enemies":"Jaw Worm","floor":3.0,"turns":2.0},{"damage":11.0,"enemies":"3 Sentries","floor":7.0,"turns":7.0},{"damage":0.0,"enemies":"Looter","floor":10.0,"turns":2.0},{"damage":0.0,"enemies":"Slime Boss","floor":16.0,"turns":10.0},{"damage":4.0,"enemies":"3 Byrds","floor":18.0,"turns":3.0},{"damage":13.0,"enemies":"Colosseum Slavers","floor":20.0,"turns":4.0},{"damage":2.0,"enemies":"Colosseum Nobs","floor":20.0,"turns":5.0},{"damage":16.0,"enemies":"2 Thieves","floor":22.0,"turns":4.0},{"damage":23.0,"enemies":"Slavers","floor":23.0,"turns":7.0},{"damage":0.0,"enemies":"Centurion and Healer","floor":24.0,"turns":7.0},{"damage":14.0,"enemies":"Snecko","floor":25.0,"turns":4.0},{"damage":0.0,"enemies":"3 Cultists","floor":31.0,"turns":5.0},{"damage":0.0,"enemies":"Collector","floor":33.0,"turns":11.0},{"damage":1.0,"enemies":"3 Shapes","floor":35.0,"turns":3.0},{"damage":5.0,"enemies":"Orb Walker","floor":37.0,"turns":2.0},{"damage":22.0,"enemies":"2 Orb Walkers","floor":38.0,"turns":4.0},{"damage":38.0,"enemies":"Reptomancer","floor":41.0,"turns":6.0},{"damage":7.0,"enemies":"Writhing Mass","floor":44.0,"turns":5.0},{"damage":0.0,"enemies":"Jaw Worm Horde","floor":45.0,"turns":4.0},{"damage":34.0,"enemies":"Giant Head","floor":46.0,"turns":9.0},{"damage":19,"enemies":"3 Darklings","floor":48,"turns":2}],"seed_played":"4729351149531391900","potions_obtained":[{"floor":3.0,"key":"Energy Potion"},{"floor":7.0,"key":"Regen Potion"},{"floor":10.0,"key":"Block Potion"},{"floor":16.0,"key":"FearPotion"},{"floor":18.0,"key":"Energy Potion"},{"floor":23.0,"key":"Poison Potion"},{"floor":25.0,"key":"FearPotion"},{"floor":33.0,"key":"SpeedPotion"},{"floor":37.0,"key":"Strength Potion"},{"floor":46.0,"key":"FearPotion"}],"is_trial":false,"path_per_floor":["M","M","M","$","?","R","E","?","T","M","R","$","R","?","R","B",null,"M","$","?","?","M","E","M","M","T","R","?","R","$","M","R","B",null,"M","?","M","?","$","R","E","R","T","M","M","E","?","M"],"character_chosen":"DEFECT","items_purchased":["Auto Shields","Rebound","Beam Cell","FTL","Hologram","Self Repair","Cold Snap","Streamline","FTL","Steam","Capacitor","Leap","Regen Potion"],"campfire_rested":3,"item_purchase_floors":[4,4,12,12,12,19,19,30,30,39,39,39,39],"current_hp_per_floor":[67,67,63,63,56,56,45,39,39,39,39,39,39,25,45,45,68,64,64,68,52,43,27,34,27,27,47,47,47,47,54,54,61,68,68,65,60,38,38,38,22,41,41,41,41,14,14,0],"gold":0,"neow_bonus":"REMOVE_TWO","is_prod":false,"is_daily":false,"chose_seed":false,"campfire_upgraded":6,"win_rate":0,"timestamp":1549653999,"path_taken":["M","M","M","$","?","R","E","?","T","?","R","$","R","?","R","BOSS","M","$","?","?","M","E","M","M","T","R","?","R","$","M","R","BOSS","M","?","M","?","?","R","E","R","T","M","?","E","?","M"],"build_version":"2019-02-06","purchased_purges":1,"victory":false,"max_hp_per_floor":[68,68,68,68,68,68,68,68,68,68,68,68,68,68,68,68,68,68,68,68,68,68,68,68,68,68,68,68,68,68,68,68,68,68,68,65,65,65,65,65,65,65,65,65,65,65,65,65],"card_choices":[{"not_picked":["Go for the Eyes","Undo"],"picked":"Cold Snap","floor":1.0},{"not_picked":["Self Repair","Beam Cell"],"picked":"FTL","floor":2.0},{"not_picked":["Turbo","Stack"],"picked":"Go for the Eyes","floor":3.0},{"not_picked":["Thunder Strike","Recycle"],"picked":"Reinforced Body","floor":7.0},{"not_picked":["Steam Power","Storm"],"picked":"Static Discharge","floor":10.0},{"not_picked":["Meteor Strike","Core Surge"],"picked":"Creative AI","floor":16.0},{"not_picked":[],"picked":"Go for the Eyes+1","floor":18.0},{"not_picked":[],"picked":"Leap","floor":20.0},{"not_picked":["Rebound"],"picked":"SKIP","floor":22.0},{"not_picked":[],"picked":"Cold Snap","floor":23.0},{"not_picked":[],"picked":"Double Energy","floor":24.0},{"not_picked":[],"picked":"Cold Snap","floor":25.0},{"not_picked":["Barrage"],"picked":"SKIP","floor":31.0},{"not_picked":[],"picked":"Meteor Strike","floor":33.0},{"not_picked":[],"picked":"Redo+1","floor":35.0},{"not_picked":[],"picked":"Beam Cell+1","floor":37.0},{"not_picked":[],"picked":"Conserve Battery+1","floor":38.0},{"not_picked":[],"picked":"Hologram","floor":41.0},{"not_picked":[],"picked":"Biased Cognition","floor":44.0},{"not_picked":[],"picked":"Blizzard+1","floor":45.0},{"not_picked":["Redo"],"picked":"SKIP","floor":46.0}],"player_experience":3242361,"relics_obtained":[{"floor":7.0,"key":"Blue Candle"},{"floor":9.0,"key":"Happy Flower"},{"floor":20.0,"key":"Peace Pipe"},{"floor":20.0,"key":"Mummified Hand"},{"floor":21.0,"key":"Necronomicon"},{"floor":23.0,"key":"Ice Cream"},{"floor":26.0,"key":"Vajra"},{"floor":38.0,"key":"Thread and Needle"},{"floor":41.0,"key":"Emotion Chip"},{"floor":46.0,"key":"Omamori"}],"event_choices":[{"damage_healed":0.0,"max_hp_gain":0.0,"max_hp_loss":0.0,"gold_gain":0.0,"event_name":"Scrap Ooze","player_choice":"Success","floor":5.0,"gold_loss":0.0,"damage_taken":7.0,"relics_obtained":["MawBank"]},{"damage_healed":0.0,"max_hp_gain":0.0,"max_hp_loss":0.0,"gold_gain":75.0,"event_name":"FaceTrader","player_choice":"Touch","floor":8.0,"gold_loss":0.0,"damage_taken":6.0},{"damage_healed":0.0,"max_hp_gain":0.0,"max_hp_loss":0.0,"gold_gain":0.0,"event_name":"Shining Light","player_choice":"Entered Light","floor":14.0,"gold_loss":0.0,"damage_taken":14.0,"cards_upgraded":["Dualcast","Cold Snap"]},{"damage_healed":0.0,"max_hp_gain":0.0,"max_hp_loss":0.0,"gold_gain":0.0,"event_name":"Colosseum","player_choice":"Fight","floor":20.0,"gold_loss":0.0,"damage_taken":0.0},{"damage_healed":0.0,"max_hp_gain":0.0,"max_hp_loss":0.0,"gold_gain":0.0,"event_name":"Colosseum","player_choice":"Fought Nobs","floor":20.0,"gold_loss":0.0,"damage_taken":0.0},{"damage_healed":0.0,"max_hp_gain":0.0,"max_hp_loss":0.0,"gold_gain":0.0,"event_name":"Cursed Tome","player_choice":"Obtained Book","floor":21.0,"gold_loss":0.0,"damage_taken":16.0},{"cards_removed":["Strike_B"],"damage_healed":0.0,"max_hp_gain":0.0,"max_hp_loss":0.0,"gold_gain":0.0,"event_name":"Beggar","player_choice":"Gave Gold","floor":28.0,"gold_loss":75.0,"damage_taken":0.0},{"damage_healed":0.0,"max_hp_gain":0.0,"max_hp_loss":3.0,"gold_gain":0.0,"event_name":"Winding Halls","player_choice":"Max HP","floor":36.0,"gold_loss":0.0,"damage_taken":0.0},{"damage_healed":0.0,"max_hp_gain":0.0,"max_hp_loss":0.0,"gold_gain":0.0,"event_name":"Mysterious Sphere","player_choice":"Fight","floor":38.0,"gold_loss":0.0,"damage_taken":0.0},{"damage_healed":0.0,"max_hp_gain":0.0,"max_hp_loss":0.0,"gold_gain":0.0,"event_name":"Tomb of Lord Red Mask","player_choice":"Paid","floor":47.0,"gold_loss":186.0,"damage_taken":0.0,"relics_obtained":["Red Mask"]}],"is_beta":true,"boss_relics":[{"not_picked":["Fusion Hammer","Philosopher\u0027s Stone"],"picked":"Busted Crown"},{"not_picked":["Velvet Choker","Snecko Eye"],"picked":"Empty Cage"}],"items_purged_floors":[12],"is_endless":false,"potions_floor_spawned":[3,7,10,16,18,23,25,33,37,46],"killed_by":"3 Darklings","ascension_level":1}