{"gold_per_floor":[113,263,263,6,23,53,53,13,13,13,41,41,66,80,80,156,156,174,174,191,191,203,203],"floor_reached":23,"playtime":898,"items_purged":["Doubt"],"score":393,"play_id":"2023a623-88e6-4c46-b478-dba8646b0581","local_time":"20190329110717","is_ascension_mode":true,"campfire_choices":[{"data":"Uppercut","floor":7,"key":"SMITH"},{"floor":10,"key":"REST"},{"data":"Armaments","floor":15,"key":"SMITH"}],"neow_cost":"TEN_PERCENT_HP_LOSS","seed_source_timestamp":201678300275529,"circlet_count":0,"master_deck":["AscendersBane","Bash","Juggernaut","Iron Wave","Good Instincts","Rage","Anger","Uppercut+1","Battle Trance","Sword Boomerang","Armaments+1","Pommel Strike","Reaper","Headbutt","Feel No Pain","Perfected Strike","Reaper","Berserk","Exhume","Havoc","Carnage","Writhe","Good Instincts","Feed+1"],"relics":["Burning Blood","Oddly Smooth Stone","Sundial","Mercury Hourglass","Question Card","Ornamental Fan","Pandora\u0027s Box","Molten Egg 2"],"potions_floor_usage":[13,23,23],"damage_taken":[{"damage":9,"enemies":"2 Louse","floor":1,"turns":3},{"damage":3,"enemies":"Small Slimes","floor":5,"turns":3},{"damage":32,"enemies":"3 Sentries","floor":6,"turns":9},{"damage":20,"enemies":"Gremlin Nob","floor":11,"turns":4},{"damage":3,"enemies":"Lagavulin","floor":13,"turns":5},{"damage":1,"enemies":"Jaw Worm","floor":14,"turns":3},{"damage":22,"enemies":"Hexaghost","floor":16,"turns":10},{"damage":14,"enemies":"Chosen","floor":18,"turns":5},{"damage":0,"enemies":"Spheric Guardian","floor":20,"turns":3},{"damage":42,"enemies":"Snake Plant","floor":22,"turns":4},{"damage":48,"enemies":"Slavers","floor":23,"turns":3}],"seed_played":"-4452696960026222302","potions_obtained":[{"floor":5,"key":"FearPotion"},{"floor":11,"key":"Poison Potion"},{"floor":14,"key":"Fire Potion"},{"floor":20,"key":"BloodPotion"},{"floor":22,"key":"Swift Potion"}],"is_trial":false,"path_per_floor":["M","?","?","$","M","E","R","$","T","R","E","?","E","M","R","B",null,"M","?","M","?","M","E"],"character_chosen":"IRONCLAD","items_purchased":["Good Instincts","Rage","Battle Trance"],"campfire_rested":1,"item_purchase_floors":[4,4,8],"current_hp_per_floor":[65,65,60,60,63,37,37,37,37,57,43,43,46,51,51,35,60,60,60,66,66,30,0],"gold":203,"neow_bonus":"THREE_RARE_CARDS","is_prod":false,"is_daily":false,"chose_seed":false,"campfire_upgraded":2,"win_rate":0,"timestamp":1553882837,"path_taken":["M","?","?","$","?","E","R","$","T","R","E","?","E","?","R","BOSS","M","?","M","?","?","E"],"build_version":"2019-01-23","purchased_purges":1,"victory":false,"max_hp_per_floor":[68,68,68,68,68,68,68,68,68,68,68,68,68,68,68,68,68,68,68,68,68,68,68],"card_choices":[{"not_picked":["Limit Break","Reaper"],"picked":"Juggernaut","floor":0},{"not_picked":["Havoc","Perfected Strike"],"picked":"Iron Wave","floor":1},{"not_picked":["Thunderclap","Iron Wave"],"picked":"Anger","floor":5},{"not_picked":["Hemokinesis","Rage"],"picked":"Uppercut","floor":6},{"not_picked":["Havoc","Pummel"],"picked":"Sword Boomerang","floor":11},{"not_picked":["Wild Strike","Cleave","Iron Wave"],"picked":"Armaments","floor":13},{"not_picked":["Brutality","Ghostly Armor","Sever Soul"],"picked":"Pommel Strike","floor":14},{"not_picked":["Bludgeon","Juggernaut","Berserk"],"picked":"Reaper","floor":16},{"not_picked":["Cleave","Headbutt","Flex","Body Slam"],"picked":"SKIP","floor":18},{"not_picked":["Iron Wave+1","Metallicize","Headbutt+1","Twin Strike+1"],"picked":"SKIP","floor":20},{"not_picked":["Clash+1","Iron Wave+1","Combust+1"],"picked":"Feed+1","floor":22}],"player_experience":638667,"relics_obtained":[{"floor":6,"key":"Sundial"},{"floor":9,"key":"Mercury Hourglass"},{"floor":11,"key":"Question Card"},{"floor":13,"key":"Ornamental Fan"}],"event_choices":[{"damage_healed":0,"gold_gain":150,"player_choice":"AGREE","damage_taken":0,"max_hp_gain":0,"max_hp_loss":0,"event_name":"Liars Game","floor":2,"gold_loss":0,"cards_obtained":["Doubt"]},{"damage_healed":0,"gold_gain":0,"player_choice":"Success","damage_taken":5,"relics_obtained":["Oddly Smooth Stone"],"max_hp_gain":0,"max_hp_loss":0,"event_name":"Scrap Ooze","floor":3,"gold_loss":0},{"cards_removed":["Strike_R"],"damage_healed":0,"gold_gain":0,"player_choice":"Purged","damage_taken":0,"max_hp_gain":0,"max_hp_loss":0,"event_name":"Purifier","floor":12,"gold_loss":0},{"damage_healed":0,"gold_gain":0,"player_choice":"Opened","damage_taken":0,"relics_obtained":["Molten Egg 2"],"max_hp_gain":0,"max_hp_loss":0,"event_name":"The Mausoleum","floor":19,"gold_loss":0,"cards_obtained":["Writhe"]},{"damage_healed":0,"gold_gain":0,"player_choice":"Copied","damage_taken":0,"max_hp_gain":0,"max_hp_loss":0,"event_name":"Duplicator","floor":21,"gold_loss":0,"cards_obtained":["Good Instincts"]}],"is_beta":false,"boss_relics":[{"not_picked":["Eternal Feather","Lizard Tail"],"picked":"Pandora\u0027s Box"}],"items_purged_floors":[4],"is_endless":false,"potions_floor_spawned":[5,11,14,20,22],"killed_by":"Slavers","ascension_level":18}