{"gold_per_floor":[117,42,42,56,3,3,31,31,31,61,75,75,91,152,152,227,227,239,239,67,85,95,95,109,109,190,217,217,227,152,152],"floor_reached":31,"playtime":814,"items_purged":[],"score":547,"play_id":"f3c17c30-226d-4952-8ac1-d0cb5248035f","local_time":"20190316015903","is_ascension_mode":true,"campfire_choices":[{"data":"Inflame","floor":6,"key":"SMITH"},{"data":"Uppercut","floor":8,"key":"SMITH"},{"data":"Shrug It Off","floor":12,"key":"SMITH"},{"data":"Limit Break","floor":15,"key":"SMITH"},{"floor":23,"key":"REST"},{"floor":25,"key":"REST"},{"floor":28,"key":"REST"}],"neow_cost":"NONE","seed_source_timestamp":13437105700477,"circlet_count":0,"master_deck":["AscendersBane","Strike_R","Strike_R","Defend_R","Defend_R","Defend_R","Defend_R","Bash","Pommel Strike","Inflame+1","Shrug It Off+1","Uppercut+1","Limit Break+1","Feed","Heavy Blade","Flex","Thunderclap+1"],"relics":["Burning Blood","NeowsBlessing","Art of War","Self Forming Clay","Bottled Lightning","Ancient Tea Set","Black Star","Lantern","Molten Egg 2","Bag of Preparation","Potion Belt"],"potions_floor_usage":[10,13,22,24,27],"damage_taken":[{"damage":0,"enemies":"Jaw Worm","floor":1,"turns":1},{"damage":0,"enemies":"2 Louse","floor":4,"turns":1},{"damage":0,"enemies":"Lagavulin","floor":7,"turns":2},{"damage":23,"enemies":"3 Sentries","floor":10,"turns":7},{"damage":2,"enemies":"Small Slimes","floor":11,"turns":3},{"damage":10,"enemies":"Exordium Wildlife","floor":13,"turns":4},{"damage":21,"enemies":"Gremlin Nob","floor":14,"turns":4},{"damage":18,"enemies":"Slime Boss","floor":16,"turns":8},{"damage":25,"enemies":"Shell Parasite","floor":18,"turns":6},{"damage":20,"enemies":"2 Thieves","floor":21,"turns":4},{"damage":46,"enemies":"3 Cultists","floor":22,"turns":6},{"damage":35,"enemies":"Cultist and Chosen","floor":24,"turns":5},{"damage":37,"enemies":"Slavers","floor":27,"turns":7},{"damage":18,"enemies":"Snake Plant","floor":29,"turns":3},{"damage":33,"enemies":"Sentry and Sphere","floor":31,"turns":5}],"seed_played":"6984546182720311468","potions_obtained":[{"floor":7,"key":"SkillPotion"},{"floor":10,"key":"AttackPotion"},{"floor":21,"key":"Regen Potion"},{"floor":22,"key":"Energy Potion"},{"floor":24,"key":"Fire Potion"}],"is_trial":false,"path_per_floor":["M","?","?","M","$","R","E","R","T","E","M","R","M","?","R","B",null,"M","?","$","M","M","R","M","R","T","E","R","M","?","M"],"character_chosen":"IRONCLAD","items_purchased":["Shrug It Off","Lantern"],"campfire_rested":3,"item_purchase_floors":[5,20],"current_hp_per_floor":[74,74,67,73,73,73,75,75,75,58,62,62,58,43,43,31,64,48,48,48,37,15,40,14,40,40,12,39,27,27,0],"gold":152,"neow_bonus":"THREE_ENEMY_KILL","is_prod":false,"is_daily":false,"chose_seed":false,"campfire_upgraded":4,"win_rate":0,"timestamp":1552687143,"path_taken":["M","?","?","M","$","R","E","R","T","E","M","R","M","?","R","BOSS","M","?","$","M","M","R","M","R","T","E","R","M","?","M"],"build_version":"2019-01-23","purchased_purges":0,"victory":false,"max_hp_per_floor":[75,75,75,75,75,75,75,75,75,75,75,75,75,75,75,75,75,78,78,78,81,84,84,87,87,87,90,90,90,90,93],"card_choices":[{"not_picked":["Shrug It Off","True Grit"],"picked":"Pommel Strike","floor":1},{"not_picked":["Intimidate","Cleave"],"picked":"Inflame","floor":4},{"not_picked":["Anger","Exhume"],"picked":"Uppercut","floor":7},{"not_picked":["Clothesline","Shrug It Off","Sentinel"],"picked":"SKIP","floor":10},{"not_picked":["Armaments","Searing Blow","Pummel"],"picked":"SKIP","floor":11},{"not_picked":["Pummel","Wild Strike","Anger"],"picked":"SKIP","floor":13},{"not_picked":["Iron Wave","Cleave"],"picked":"Limit Break","floor":14},{"not_picked":["Demon Form","Immolate"],"picked":"Feed","floor":16},{"not_picked":["Iron Wave+1","Clothesline"],"picked":"Heavy Blade","floor":18},{"not_picked":["Perfected Strike","Sentinel"],"picked":"Flex","floor":21},{"not_picked":["Ghostly Armor","Searing Blow","Rage"],"picked":"SKIP","floor":22},{"not_picked":["Fire Breathing","Cleave","Perfected Strike"],"picked":"SKIP","floor":24},{"not_picked":["Combust","Shrug It Off"],"picked":"Thunderclap+1","floor":27},{"not_picked":["Fire Breathing","Thunderclap+1","Combust+1"],"picked":"SKIP","floor":29}],"player_experience":731385,"relics_obtained":[{"floor":7,"key":"Art of War"},{"floor":9,"key":"Self Forming Clay"},{"floor":10,"key":"Bottled Lightning"},{"floor":14,"key":"Ancient Tea Set"},{"floor":26,"key":"Molten Egg 2"},{"floor":27,"key":"Bag of Preparation"},{"floor":27,"key":"Potion Belt"}],"event_choices":[{"cards_removed":["Strike_R"],"damage_healed":0,"gold_gain":0,"player_choice":"Card Removal","damage_taken":0,"max_hp_gain":0,"max_hp_loss":0,"event_name":"The Cleric","floor":2,"gold_loss":75},{"cards_removed":["Strike_R"],"damage_healed":0,"gold_gain":0,"player_choice":"Card Removal","damage_taken":7,"max_hp_gain":0,"max_hp_loss":0,"event_name":"Golden Wing","floor":3,"gold_loss":0},{"damage_healed":0,"gold_gain":30,"player_choice":"Searched \u00273\u0027 times","damage_taken":0,"max_hp_gain":0,"max_hp_loss":0,"event_name":"Dead Adventurer","floor":14,"gold_loss":0},{"damage_healed":0,"gold_gain":0,"player_choice":"Ignored","damage_taken":0,"max_hp_gain":0,"max_hp_loss":0,"event_name":"Ghosts","floor":19,"gold_loss":0},{"cards_removed":["Strike_R"],"damage_healed":0,"gold_gain":0,"player_choice":"Gave Gold","damage_taken":0,"max_hp_gain":0,"max_hp_loss":0,"event_name":"Beggar","floor":30,"gold_loss":75}],"is_beta":false,"boss_relics":[{"not_picked":["Black Blood","Lizard Tail"],"picked":"Black Star"}],"items_purged_floors":[],"is_endless":false,"potions_floor_spawned":[7,10,21,22,24],"killed_by":"Sentry and Sphere","ascension_level":18}