{"gold_per_floor":[119,135,146,4,4,4,4,45,69,29,29,42,58,82,82,82],"floor_reached":16,"playtime":1251,"items_purged":[],"score":204,"play_id":"5a67027c-78df-4148-a358-38a32697bdcb","local_time":"20190316003111","is_ascension_mode":true,"campfire_choices":[{"data":"Setup","floor":6.0,"key":"SMITH"},{"data":"Neutralize","floor":11,"key":"SMITH"},{"data":"Glass Knife","floor":15,"key":"SMITH"}],"neow_cost":"NONE","seed_source_timestamp":592495775268000,"circlet_count":0,"master_deck":["AscendersBane","Defend_G","Defend_G","Defend_G","Defend_G","Defend_G","Strike_G","Strike_G","Strike_G","Strike_G","Strike_G","Survivor","Neutralize+1","Setup+1","Underhanded Strike","Quick Slash","Endless Agony","Dark Shackles","Dash","Finisher","PiercingWail","Escape Plan","Glass Knife+1"],"special_seed":0,"relics":["Ring of the Snake","Boot","Art of War","Golden Idol","Dream Catcher","Bag of Marbles"],"potions_floor_usage":[8,16,16],"damage_taken":[{"damage":0.0,"enemies":"Cultist","floor":1.0,"turns":4.0},{"damage":1.0,"enemies":"Small Slimes","floor":2.0,"turns":3.0},{"damage":0.0,"enemies":"Jaw Worm","floor":3.0,"turns":3.0},{"damage":17,"enemies":"Lagavulin","floor":8,"turns":8},{"damage":3,"enemies":"Gremlin Gang","floor":12,"turns":5},{"damage":4,"enemies":"Large Slime","floor":13,"turns":7},{"damage":0,"enemies":"3 Louse","floor":14,"turns":3},{"damage":28,"enemies":"Hexaghost","floor":16,"turns":9}],"seed_played":"7141760482725009886","potions_obtained":[{"floor":2.0,"key":"Fire Potion"},{"floor":12,"key":"Strength Potion"},{"floor":14,"key":"Fire Potion"}],"is_trial":false,"path_per_floor":["M","M","M","$","?","R","?","E","T","$","R","M","M","M","R","B"],"character_chosen":"THE_SILENT","items_purchased":["Endless Agony","Dark Shackles","Finisher"],"campfire_rested":0,"item_purchase_floors":[4,4,10],"current_hp_per_floor":[59,58,58,58,47,47,47,30,30,30,30,27,23,23,23,0],"gold":82,"neow_bonus":"RANDOM_COMMON_RELIC","is_prod":false,"is_daily":false,"chose_seed":false,"campfire_upgraded":3,"win_rate":0,"timestamp":1552721471,"path_taken":["M","M","M","$","?","R","?","E","T","?","R","?","M","M","R","BOSS"],"build_version":"2019-03-15","purchased_purges":0,"victory":false,"max_hp_per_floor":[66,66,66,66,66,66,60,60,60,60,60,60,60,60,60,60],"card_choices":[{"not_picked":["Acrobatics","Catalyst"],"picked":"Setup","floor":1.0},{"not_picked":["Backflip","Accuracy"],"picked":"Underhanded Strike","floor":2.0},{"not_picked":["Sucker Punch","Deadly Poison"],"picked":"Quick Slash","floor":3.0},{"not_picked":["Quick Slash","Slice"],"picked":"Dash","floor":8},{"not_picked":["Blade Dance","Slice"],"picked":"PiercingWail","floor":12},{"not_picked":["Outmaneuver","Caltrops"],"picked":"Escape Plan","floor":13},{"not_picked":["Backflip","Dagger Spray"],"picked":"Glass Knife","floor":14}],"player_experience":3361365,"relics_obtained":[{"floor":8,"key":"Dream Catcher"},{"floor":9,"key":"Bag of Marbles"}],"event_choices":[{"damage_healed":0.0,"max_hp_gain":0.0,"max_hp_loss":0.0,"gold_gain":0.0,"event_name":"Scrap Ooze","player_choice":"Success","floor":5.0,"gold_loss":0.0,"damage_taken":11.0,"relics_obtained":["Art of War"]},{"damage_healed":0.0,"max_hp_gain":0.0,"max_hp_loss":6.0,"gold_gain":0.0,"event_name":"Golden Idol","player_choice":"Lose Max HP","floor":7.0,"gold_loss":0.0,"damage_taken":0.0,"relics_obtained":["Golden Idol"]}],"is_beta":true,"boss_relics":[],"items_purged_floors":[],"is_endless":false,"potions_floor_spawned":[2,12,14],"killed_by":"Hexaghost","ascension_level":20}