{"gold_per_floor":[109,121,84,99,109,109,140,140,140,140,140,159,169,204,204,305,305,322,338,55,55],"floor_reached":21,"playtime":1110,"items_purged":[],"score":210,"play_id":"a299e967-efa0-45d7-8214-ebe593c84e70","local_time":"20190407021603","is_ascension_mode":true,"campfire_choices":[{"data":"Neutralize","floor":6,"key":"SMITH"},{"floor":11,"key":"REST"},{"floor":15,"key":"REST"}],"neow_cost":"PERCENT_DAMAGE","seed_source_timestamp":285462158119545,"circlet_count":0,"master_deck":["Defend_G","Defend_G","Defend_G","Defend_G","Defend_G","Strike_G","Strike_G","Strike_G","Strike_G","Strike_G","Survivor","Neutralize+1","Cloak And Dagger","Cloak And Dagger","Flying Knee","Sucker Punch+1","Caltrops","Backstab","A Thousand Cuts","Acrobatics+1","Infinite Blades","Backstab"],"relics":["Ring of the Snake","Ancient Tea Set","Lantern","Bottled Tornado","HoveringKite","Paper Crane"],"potions_floor_usage":[16,21],"damage_taken":[{"damage":0,"enemies":"Small Slimes","floor":1,"turns":5},{"damage":4,"enemies":"Jaw Worm","floor":2,"turns":7},{"damage":1,"enemies":"Cultist","floor":4,"turns":4},{"damage":4,"enemies":"2 Fungi Beasts","floor":5,"turns":4},{"damage":51,"enemies":"Gremlin Nob","floor":7,"turns":6},{"damage":0,"enemies":"Blue Slaver","floor":12,"turns":4},{"damage":13,"enemies":"3 Louse","floor":13,"turns":3},{"damage":11,"enemies":"3 Sentries","floor":14,"turns":8},{"damage":28,"enemies":"The Guardian","floor":16,"turns":17},{"damage":35,"enemies":"Spheric Guardian","floor":18,"turns":6},{"damage":38,"enemies":"2 Thieves","floor":19,"turns":4},{"damage":18,"enemies":"Centurion and Healer","floor":21,"turns":3}],"seed_played":"-4462177525363966591","potions_obtained":[{"floor":2,"key":"SneckoOil"},{"floor":13,"key":"GamblersBrew"},{"floor":14,"key":"Regen Potion"}],"is_trial":false,"path_per_floor":["M","M","?","M","M","R","E","?","T","?","R","M","M","E","R","B",null,"M","M","$","M"],"character_chosen":"THE_SILENT","items_purchased":["Paper Crane","Backstab"],"campfire_rested":2,"item_purchase_floors":[20,20],"current_hp_per_floor":[63,59,59,58,54,54,3,3,3,3,28,28,15,4,29,16,84,49,11,11,0],"gold":55,"neow_bonus":"TWENTY_PERCENT_HP_BONUS","is_prod":false,"is_daily":false,"chose_seed":false,"campfire_upgraded":1,"win_rate":0,"timestamp":1554617763,"path_taken":["M","M","?","M","M","R","E","?","T","?","R","M","?","E","R","BOSS","M","M","$","M"],"build_version":"2019-01-23","purchased_purges":0,"victory":false,"max_hp_per_floor":[84,84,84,84,84,84,84,84,84,84,84,84,84,84,84,84,84,84,84,84,84],"card_choices":[{"not_picked":["Prepared","Blade Dance"],"picked":"Cloak And Dagger","floor":1},{"not_picked":["Quick Slash","Backflip"],"picked":"Cloak And Dagger","floor":2},{"not_picked":["Sucker Punch","Deadly Poison"],"picked":"Flying Knee","floor":4},{"not_picked":["Quick Slash","Dagger Spray","Wraith Form v2"],"picked":"SKIP","floor":5},{"not_picked":["Dodge and Roll","Deadly Poison"],"picked":"Sucker Punch","floor":7},{"not_picked":["Backflip","Dodge and Roll"],"picked":"Caltrops","floor":12},{"not_picked":["Catalyst","Dodge and Roll"],"picked":"Backstab","floor":13},{"not_picked":["Deadly Poison","Dagger Spray","Dagger Throw"],"picked":"SKIP","floor":14},{"not_picked":["Tools of the Trade","Corpse Explosion"],"picked":"A Thousand Cuts","floor":16},{"not_picked":["Deadly Poison","Quick Slash"],"picked":"Acrobatics+1","floor":18},{"not_picked":["Underhanded Strike+1","PiercingWail+1"],"picked":"Infinite Blades","floor":19}],"player_experience":219729,"relics_obtained":[{"floor":7,"key":"Ancient Tea Set"},{"floor":9,"key":"Lantern"},{"floor":14,"key":"Bottled Tornado"}],"event_choices":[{"damage_healed":0,"gold_gain":0,"player_choice":"Left Gold","damage_taken":0,"max_hp_gain":0,"max_hp_loss":0,"event_name":"World of Goop","floor":3,"gold_loss":37},{"damage_healed":0,"gold_gain":0,"player_choice":"Fled","damage_taken":0,"max_hp_gain":0,"max_hp_loss":0,"event_name":"Scrap Ooze","floor":8,"gold_loss":0},{"damage_healed":0,"gold_gain":0,"player_choice":"Grow","damage_taken":0,"max_hp_gain":0,"max_hp_loss":0,"event_name":"Living Wall","floor":10,"gold_loss":0,"cards_upgraded":["Sucker Punch"]}],"is_beta":false,"boss_relics":[{"not_picked":["Coffee Dripper","Snecko Eye"],"picked":"HoveringKite"}],"items_purged_floors":[],"is_endless":false,"potions_floor_spawned":[2,13,14],"killed_by":"Centurion and Healer","ascension_level":2}