{"gold_per_floor":[110,124,124,49,49,49,80,95,95,95,113,148,148,98,98,198,198,209,70,88,101,120,120,135,135],"floor_reached":25,"playtime":1303,"items_purged":["Strike_B","Strike_B"],"score":213,"play_id":"f5664693-60b0-4280-a448-39aca6e2d1f0","local_time":"20180706212737","is_ascension_mode":false,"campfire_choices":[{"floor":6,"key":"REST"},{"data":"Static Discharge","floor":10,"key":"SMITH"},{"floor":13,"key":"REST"},{"data":"Lockon","floor":15,"key":"SMITH"},{"floor":23,"key":"REST"}],"neow_cost":"NONE","seed_source_timestamp":0,"circlet_count":0,"master_deck":["Defend_B","Defend_B","Defend_B","Defend_B","Zap+1","Dualcast","Lockon+1","Static Discharge+1","Glacier","Echo Form","Loop","Conserve Battery+1","Melter"],"special_seed":17719,"relics":["Cracked Core","Ornamental Fan","Omamori","Incense Burner","Gambling Chip","Inserter"],"potions_floor_usage":[25,25,25],"damage_taken":[{"damage":1,"enemies":"Jaw Worm","floor":1,"turns":4},{"damage":3,"enemies":"Small Slimes","floor":2,"turns":2},{"damage":17,"enemies":"3 Sentries","floor":7,"turns":5},{"damage":3,"enemies":"2 Louse","floor":8,"turns":3},{"damage":7,"enemies":"Blue Slaver","floor":11,"turns":3},{"damage":18,"enemies":"Gremlin Nob","floor":12,"turns":4},{"damage":5,"enemies":"Slime Boss","floor":16,"turns":15},{"damage":20,"enemies":"2 Thieves","floor":18,"turns":3},{"damage":10,"enemies":"Spheric Guardian","floor":20,"turns":4},{"damage":21,"enemies":"Snake Plant","floor":21,"turns":3},{"damage":18,"enemies":"Chosen and Byrds","floor":22,"turns":11},{"damage":0,"enemies":"Sentry and Sphere","floor":24,"turns":5},{"damage":31,"enemies":"Book of Stabbing","floor":25,"turns":5}],"seed_played":"-5610983590349585426","potions_obtained":[{"floor":7,"key":"Explosive Potion"},{"floor":11,"key":"SpeedPotion"},{"floor":16,"key":"AttackPotion"}],"is_trial":false,"path_per_floor":["M","M","?","$","?","R","E","M","T","R","M","E","R","?","R","B",null,"M","$","M","M","M","R","M"],"character_chosen":"DEFECT","items_purchased":["Loop"],"campfire_rested":3,"item_purchase_floors":[19],"current_hp_per_floor":[74,71,71,71,53,75,58,55,55,55,48,30,52,52,52,47,75,55,55,45,24,6,28,28,0],"gold":135,"neow_bonus":"UPGRADE_CARD","is_prod":false,"is_daily":false,"chose_seed":false,"campfire_upgraded":2,"win_rate":0.0,"timestamp":1530926857,"path_taken":["M","M","?","$","?","R","E","M","T","R","M","E","R","?","R","BOSS","M","$","M","M","M","R","M","E"],"build_version":"2018-07-05","purchased_purges":2,"victory":false,"max_hp_per_floor":[75,75,75,75,75,75,75,75,75,75,75,75,75,75,75,75,75,75,75,75,75,75,75,75,75],"card_choices":[{"not_picked":["Go for the Eyes","Cold Snap"],"picked":"Lockon","floor":1},{"not_picked":["Ball Lightning","Gash"],"picked":"Static Discharge","floor":2},{"not_picked":["Hyperbeam","Reprogram","Storm"],"picked":"SKIP","floor":7},{"not_picked":["Barrage","Leap","Compile Driver"],"picked":"SKIP","floor":8},{"not_picked":["Redo","Beam Cell","Go for the Eyes"],"picked":"SKIP","floor":11},{"not_picked":["Genetic Algorithm","Tempest"],"picked":"Glacier","floor":12},{"not_picked":["Machine Learning","Meteor Strike"],"picked":"Echo Form","floor":16},{"not_picked":["Turbo","Hologram","Recycle"],"picked":"SKIP","floor":18},{"not_picked":["Force Field","Gash"],"picked":"Conserve Battery+1","floor":20},{"not_picked":["Conserve Battery","Compile Driver","Stack"],"picked":"SKIP","floor":21},{"not_picked":["Scrape+1","Sunder"],"picked":"Melter","floor":22},{"not_picked":["Compile Driver","Stack","Gash"],"picked":"SKIP","floor":24}],"player_experience":197404,"relics_obtained":[{"floor":7,"key":"Omamori"},{"floor":9,"key":"Incense Burner"},{"floor":12,"key":"Gambling Chip"}],"event_choices":[{"event_name":"Living Wall","player_choice":"Forget","floor":3,"damage_taken":0},{"event_name":"Scrap Ooze","player_choice":"success","floor":5,"damage_taken":18},{"event_name":"The Cleric","player_choice":"Card Removal","floor":14,"damage_taken":0}],"boss_relics":[{"not_picked":["Tiny House","Ectoplasm"],"picked":"Inserter"}],"items_purged_floors":[4,19],"is_endless":false,"potions_floor_spawned":[7,11,16,20,24],"killed_by":"Book of Stabbing","ascension_level":0}