{"gold_per_floor":[118,131,81,81,95,95,10,10,10,41,51,51,69,86,86,187,187,202,202],"floor_reached":19,"playtime":1108,"items_purged":[],"score":203,"play_id":"07bee50a-de13-4a41-a177-356b97c9f7cd","local_time":"20190331195359","is_ascension_mode":true,"campfire_choices":[{"data":"Searing Blow","floor":6,"key":"SMITH"},{"data":"Searing Blow+1","floor":8,"key":"SMITH"},{"data":"Corruption","floor":12,"key":"SMITH"},{"data":"Armaments","floor":15,"key":"SMITH"}],"neow_cost":"CURSE","seed_source_timestamp":512034917486245,"circlet_count":0,"master_deck":["Strike_R","Strike_R","Strike_R","Defend_R","Defend_R","Defend_R","Defend_R","Bash","Searing Blow+2","Reckless Charge","Shrug It Off","True Grit","Regret","Pummel","Discovery","Battle Trance","Corruption+1","Armaments+1","Sever Soul","Fiend Fire","Disarm"],"relics":["Burning Blood","Question Card","Letter Opener","Ornamental Fan","Black Star"],"potions_floor_usage":[16,16,19],"damage_taken":[{"damage":16,"enemies":"Small Slimes","floor":1,"turns":5},{"damage":4,"enemies":"Jaw Worm","floor":2,"turns":3},{"damage":1,"enemies":"Cultist","floor":5,"turns":3},{"damage":29,"enemies":"3 Sentries","floor":10,"turns":8},{"damage":0,"enemies":"Looter","floor":11,"turns":1},{"damage":12,"enemies":"Red Slaver","floor":13,"turns":4},{"damage":0,"enemies":"3 Louse","floor":14,"turns":3},{"damage":50,"enemies":"The Guardian","floor":16,"turns":12},{"damage":22,"enemies":"Chosen","floor":18,"turns":5},{"damage":64,"enemies":"Masked Bandits","floor":19,"turns":5}],"seed_played":"-4074719802931874443","potions_obtained":[{"floor":1,"key":"Explosive Potion"},{"floor":11,"key":"Block Potion"},{"floor":16,"key":"Strength Potion"},{"floor":18,"key":"Ancient Potion"}],"is_trial":false,"path_per_floor":["M","M","?","?","M","R","$","R","T","E","M","R","M","M","R","B",null,"M","?"],"character_chosen":"IRONCLAD","items_purchased":["Discovery"],"campfire_rested":0,"item_purchase_floors":[7],"current_hp_per_floor":[70,72,72,72,77,77,77,77,77,54,60,60,54,60,60,16,80,64,0],"gold":202,"neow_bonus":"TRANSFORM_TWO_CARDS","is_prod":false,"is_daily":false,"chose_seed":false,"campfire_upgraded":4,"win_rate":0,"timestamp":1554076439,"path_taken":["M","M","?","?","M","R","$","R","T","E","M","R","M","?","R","BOSS","M","?"],"build_version":"2019-01-23","purchased_purges":0,"victory":false,"max_hp_per_floor":[80,80,80,80,80,80,80,80,80,80,80,80,80,80,80,80,80,80,80],"card_choices":[{"not_picked":["Pommel Strike","Heavy Blade"],"picked":"Shrug It Off","floor":1},{"not_picked":["Whirlwind","Warcry"],"picked":"True Grit","floor":2},{"not_picked":["Whirlwind","Warcry","Spot Weakness"],"picked":"Pummel","floor":5},{"not_picked":["Inflame","Offering","Power Through"],"picked":"Battle Trance","floor":10},{"not_picked":["Searing Blow","Anger","Fire Breathing"],"picked":"Corruption","floor":11},{"not_picked":["Ghostly Armor","Sword Boomerang","Wild Strike"],"picked":"Armaments","floor":13},{"not_picked":["Thunderclap","Armaments","Iron Wave"],"picked":"Sever Soul","floor":14},{"not_picked":["Immolate","Juggernaut","Offering"],"picked":"Fiend Fire","floor":16},{"not_picked":["Corruption+1","Combust","Twin Strike+1"],"picked":"Disarm","floor":18}],"player_experience":198789,"relics_obtained":[{"floor":9,"key":"Letter Opener"},{"floor":10,"key":"Ornamental Fan"}],"event_choices":[{"cards_removed":["Shame"],"damage_healed":0,"gold_gain":0,"player_choice":"Card Removal","damage_taken":0,"max_hp_gain":0,"max_hp_loss":0,"event_name":"The Cleric","floor":3,"gold_loss":50},{"damage_healed":0,"gold_gain":0,"player_choice":"Box","damage_taken":0,"relics_obtained":["Question Card"],"max_hp_gain":0,"max_hp_loss":0,"event_name":"Big Fish","floor":4,"gold_loss":0,"cards_obtained":["Regret"]},{"damage_healed":0,"gold_gain":0,"player_choice":"Fought Bandits","damage_taken":0,"max_hp_gain":0,"max_hp_loss":0,"event_name":"Masked Bandits","floor":19,"gold_loss":0}],"is_beta":false,"boss_relics":[{"not_picked":["Runic Pyramid","Ectoplasm"],"picked":"Black Star"}],"items_purged_floors":[],"is_endless":false,"potions_floor_spawned":[1,11,16,18],"killed_by":"Masked Bandits","ascension_level":4}