{"gold_per_floor":[112,130,130,9,47,47,57,73,73,73,73,91,91,91,91,196,196,177,177,42,61,61],"floor_reached":22,"playtime":1009,"items_purged":[],"score":211,"play_id":"4f2a71ad-3077-4f6b-9c72-8e9e291a55a3","local_time":"20190331205806","is_ascension_mode":true,"campfire_choices":[{"data":"Demon Form","floor":6,"key":"SMITH"},{"floor":11,"key":"REST"},{"floor":13,"key":"REST"},{"floor":15,"key":"REST"}],"neow_cost":"PERCENT_DAMAGE","seed_source_timestamp":515981307988310,"circlet_count":0,"master_deck":["Strike_R","Strike_R","Strike_R","Defend_R+1","Defend_R","Defend_R","Defend_R","Bash","Mind Blast","Forethought","Entrench","Battle Trance+1","Demon Form+1","Seeing Red","Jack Of All Trades","Body Slam","Rampage","Infernal Blade","Barricade","Armaments","Double Tap","Inflame"],"relics":["Black Blood","Letter Opener","Blood Vial"],"potions_floor_usage":[12,16,22],"damage_taken":[{"damage":3,"enemies":"2 Louse","floor":1,"turns":3},{"damage":19,"enemies":"Jaw Worm","floor":2,"turns":3},{"damage":5,"enemies":"Small Slimes","floor":5,"turns":4},{"damage":5,"enemies":"Exordium Wildlife","floor":7,"turns":4},{"damage":20,"enemies":"Exordium Thugs","floor":8,"turns":5},{"damage":26,"enemies":"Gremlin Gang","floor":12,"turns":4},{"damage":43,"enemies":"The Guardian","floor":16,"turns":9},{"damage":44,"enemies":"2 Thieves","floor":18,"turns":4},{"damage":35,"enemies":"Spheric Guardian","floor":21,"turns":6},{"damage":25,"enemies":"Snecko","floor":22,"turns":3}],"seed_played":"-9174629694109056715","potions_obtained":[{"floor":1,"key":"PowerPotion"},{"floor":8,"key":"Fire Potion"},{"floor":12,"key":"Strength Potion"},{"floor":16,"key":"Poison Potion"}],"is_trial":false,"path_per_floor":["M","M","?","$","M","R","M","M","T","?","R","M","R","?","R","B",null,"M","?","$","M","M"],"character_chosen":"IRONCLAD","items_purchased":["Seeing Red","Jack Of All Trades","Double Tap"],"campfire_rested":3,"item_purchase_floors":[4,4,20],"current_hp_per_floor":[59,46,46,46,47,47,48,34,34,18,42,22,46,34,58,23,80,46,46,46,23,0],"gold":61,"neow_bonus":"RANDOM_COLORLESS_2","is_prod":false,"is_daily":false,"chose_seed":false,"campfire_upgraded":1,"win_rate":0,"timestamp":1554080286,"path_taken":["M","M","?","$","M","R","M","M","T","?","R","M","R","?","R","BOSS","M","?","$","M","M"],"build_version":"2019-01-23","purchased_purges":0,"victory":false,"max_hp_per_floor":[80,80,80,80,80,80,80,80,80,80,80,80,80,80,80,80,80,80,80,80,80,80],"card_choices":[{"not_picked":["Warcry","Havoc"],"picked":"Entrench","floor":1},{"not_picked":["Wild Strike","Sword Boomerang"],"picked":"Battle Trance","floor":2},{"not_picked":["Warcry","Shrug It Off"],"picked":"Body Slam","floor":5},{"not_picked":["Anger","Blood for Blood"],"picked":"Rampage","floor":7},{"not_picked":["Headbutt","Power Through","Burning Pact"],"picked":"SKIP","floor":8},{"not_picked":["Disarm","Searing Blow"],"picked":"Infernal Blade","floor":12},{"not_picked":["Demon Form","Bludgeon"],"picked":"Barricade","floor":16},{"not_picked":["Blood for Blood","Pommel Strike"],"picked":"Armaments","floor":18},{"not_picked":["Bloodletting","Pommel Strike+1"],"picked":"Inflame","floor":21}],"player_experience":202705,"relics_obtained":[{"floor":9,"key":"Letter Opener"}],"event_choices":[{"damage_healed":0,"gold_gain":0,"cards_transformed":["Strike_R"],"player_choice":"Change","damage_taken":0,"max_hp_gain":0,"max_hp_loss":0,"event_name":"Living Wall","floor":3,"gold_loss":0,"cards_obtained":["Demon Form"]},{"damage_healed":0,"gold_gain":0,"player_choice":"Entered Light","damage_taken":16,"max_hp_gain":0,"max_hp_loss":0,"event_name":"Shining Light","floor":10,"gold_loss":0,"cards_upgraded":["Battle Trance","Defend_R"]},{"damage_healed":0,"gold_gain":0,"player_choice":"Success","damage_taken":12,"relics_obtained":["Blood Vial"],"max_hp_gain":0,"max_hp_loss":0,"event_name":"Scrap Ooze","floor":14,"gold_loss":0},{"cards_removed":["Strike_R"],"damage_healed":0,"gold_gain":0,"player_choice":"Purged","damage_taken":0,"max_hp_gain":0,"max_hp_loss":0,"event_name":"Purifier","floor":19,"gold_loss":0}],"is_beta":false,"boss_relics":[{"not_picked":["Lizard Tail","Ectoplasm"],"picked":"Black Blood"}],"items_purged_floors":[],"is_endless":false,"potions_floor_spawned":[1,8,12,16],"killed_by":"Snecko","ascension_level":4}