{"gold_per_floor":[114,128,203,220,239,239,259,270,346,361,395,405,405,405,405,504,504,521,535,545,564,110,110,143,143,143,143,157,57,74,74,74,74],"floor_reached":33,"playtime":1488,"items_purged":["Strike_G","Strike_G"],"score":273,"play_id":"71a22ea3-3e6f-49a2-ae39-dd1a93a0dff1","local_time":"20180723201215","is_ascension_mode":false,"campfire_choices":[{"floor":6.0,"key":"REST"},{"floor":13,"key":"REST"},{"data":"Bane","floor":15,"key":"SMITH"},{"floor":23,"key":"REST"},{"floor":25,"key":"REST"},{"floor":27,"key":"REST"},{"floor":32,"key":"REST"}],"neow_cost":"NONE","seed_source_timestamp":0,"circlet_count":0,"master_deck":["Defend_G","Defend_G","Defend_G","Defend_G","Defend_G","Strike_G","Strike_G","Strike_G","Survivor","Neutralize","Bane+1","Poisoned Stab","Backflip","Blur","Bouncing Flask","Bane+1","Dagger Throw","Adrenaline","Dagger Throw","Poisoned Stab","Glass Knife","Noxious Fumes","Infinite Blades","Slice","Slice"],"special_seed":0,"relics":["Sozu","Tiny Chest","Anchor","Lizard Tail","Snake Skull","Pear","Torii"],"potions_floor_usage":[],"damage_taken":[{"damage":2.0,"enemies":"2 Louse","floor":1.0,"turns":3.0},{"damage":0.0,"enemies":"Cultist","floor":2.0,"turns":4.0},{"damage":7.0,"enemies":"Small Slimes","floor":4.0,"turns":3.0},{"damage":0.0,"enemies":"2 Fungi Beasts","floor":5.0,"turns":4.0},{"damage":13.0,"enemies":"Lots of Slimes","floor":7.0,"turns":5.0},{"damage":0.0,"enemies":"Red Slaver","floor":8.0,"turns":4.0},{"damage":7.0,"enemies":"Blue Slaver","floor":10.0,"turns":3.0},{"damage":24.0,"enemies":"Gremlin Nob","floor":11.0,"turns":4.0},{"damage":0,"enemies":"Looter","floor":12,"turns":2},{"damage":41,"enemies":"The Guardian","floor":16,"turns":8},{"damage":27,"enemies":"Chosen","floor":18,"turns":5},{"damage":17,"enemies":"Shell Parasite","floor":19,"turns":5},{"damage":0,"enemies":"Chosen and Byrds","floor":20,"turns":6},{"damage":16,"enemies":"Cultist and Chosen","floor":21,"turns":6},{"damage":48,"enemies":"Slavers","floor":24,"turns":4},{"damage":10,"enemies":"Centurion and Healer","floor":28,"turns":4},{"damage":43,"enemies":"3 Cultists","floor":30,"turns":6},{"damage":53,"enemies":"Collector","floor":33,"turns":5}],"seed_played":"-5640377675056849246","potions_obtained":[],"is_trial":false,"path_per_floor":["M","M","?","M","M","R","M","M","T","M","E","M","R","?","R","B",null,"M","M","M","M","$","R","E","R","T","R","M","$","M","?","R"],"character_chosen":"THE_SILENT","items_purchased":["Glass Knife","Noxious Fumes","Snake Skull"],"campfire_rested":6,"item_purchase_floors":[22,22,22],"current_hp_per_floor":[68,68,57,50,50,70,57,57,57,50,26,26,47,47,47,6,70,43,26,26,10,10,31,30,54,54,78,68,68,25,25,49,0],"gold":74,"neow_bonus":"BOSS_RELIC","is_prod":false,"is_daily":false,"chose_seed":false,"campfire_upgraded":1,"win_rate":0,"timestamp":1532391135,"path_taken":["M","M","?","M","?","R","M","M","T","M","E","M","R","?","R","BOSS","M","M","M","M","$","R","E","R","T","R","?","?","?","?","R","BOSS"],"build_version":"2018-07-19v2","purchased_purges":2,"victory":false,"max_hp_per_floor":[70,70,70,70,70,70,70,70,70,70,70,70,70,70,70,70,70,70,70,70,70,70,70,80,80,80,80,80,80,80,80,80,80],"card_choices":[{"not_picked":["Noxious Fumes","Deadly Poison"],"picked":"Bane","floor":1.0},{"not_picked":["Leg Sweep","Prepared"],"picked":"Poisoned Stab","floor":2.0},{"not_picked":["Setup","Well Laid Plans","Bane"],"picked":"SKIP","floor":4.0},{"not_picked":["Acrobatics","Endless Agony"],"picked":"Backflip","floor":5.0},{"not_picked":["Distraction","Endless Agony","Catalyst"],"picked":"SKIP","floor":7.0},{"not_picked":["Outmaneuver","Dagger Spray"],"picked":"Blur","floor":8.0},{"not_picked":["Deadly Poison","Dagger Throw"],"picked":"Bouncing Flask","floor":10.0},{"not_picked":["Acrobatics","Adrenaline"],"picked":"Bane","floor":11.0},{"not_picked":["Acrobatics","Heel Hook"],"picked":"Dagger Throw","floor":12},{"not_picked":["After Image","Die Die Die"],"picked":"Adrenaline","floor":16},{"not_picked":["Prepared","Dagger Spray","Caltrops+1"],"picked":"SKIP","floor":18},{"not_picked":["Quick Slash","Poisoned Stab"],"picked":"Dagger Throw","floor":19},{"not_picked":["Prepared+1","Heel Hook"],"picked":"Poisoned Stab","floor":20},{"not_picked":["PiercingWail","Dodge and Roll","Eviscerate"],"picked":"SKIP","floor":21},{"not_picked":["Dagger Spray+1","Leg Sweep"],"picked":"Infinite Blades","floor":24},{"not_picked":["Flying Knee+1","Envenom"],"picked":"Slice","floor":28},{"not_picked":["Outmaneuver","Skewer+1"],"picked":"Slice","floor":30}],"player_experience":290783,"relics_obtained":[{"floor":9.0,"key":"Tiny Chest"},{"floor":11.0,"key":"Anchor"},{"floor":24,"key":"Pear"},{"floor":26,"key":"Torii"}],"event_choices":[{"event_name":"World of Goop","player_choice":"Gather Gold","floor":3.0,"damage_taken":0.0},{"event_name":"Accursed Blacksmith","player_choice":"Forge","floor":14,"damage_taken":0},{"event_name":"Addict","player_choice":"Ignored","floor":31,"damage_taken":0}],"is_beta":false,"boss_relics":[{"not_picked":["Ectoplasm","Black Star"],"picked":"Lizard Tail"}],"items_purged_floors":[22,29],"is_endless":false,"potions_floor_spawned":[2,5,7,11,16,20,28],"killed_by":"Collector","ascension_level":0}