{"gold_per_floor":[113,113,131,150,27,62,62,91,169,179,179,2,2,29,29,131,131,147,31,42,42,61,61],"floor_reached":23,"playtime":1172,"items_purged":[],"score":240,"play_id":"03b01b1b-c381-4dea-82e5-b26694fcc191","local_time":"20190306210547","is_ascension_mode":true,"campfire_choices":[{"data":"Inflame","floor":7,"key":"SMITH"},{"floor":11,"key":"REST"},{"floor":15,"key":"REST"}],"neow_cost":"NONE","seed_source_timestamp":265161563075168,"circlet_count":0,"master_deck":["Strike_R","Strike_R","Strike_R","Strike_R","Strike_R","Defend_R","Defend_R","Defend_R","Defend_R","Bash","Heavy Blade","Inflame+1","Shrug It Off","Shrug It Off","Reaper+1","Shrug It Off","Spot Weakness","Double Tap","Inflame","Seeing Red","Flex","Doubt","Impatience","Inflame"],"relics":["Burning Blood","NeowsBlessing","Torii","Red Skull","Question Card","Vajra","Lantern","Black Star"],"potions_floor_usage":[3,8,23,23,23],"damage_taken":[{"damage":0,"enemies":"2 Louse","floor":1,"turns":1},{"damage":0,"enemies":"Cultist","floor":3,"turns":1},{"damage":0,"enemies":"Small Slimes","floor":4,"turns":1},{"damage":41,"enemies":"3 Sentries","floor":6,"turns":11},{"damage":48,"enemies":"Gremlin Nob","floor":8,"turns":5},{"damage":10,"enemies":"Gremlin Gang","floor":10,"turns":5},{"damage":21,"enemies":"Lagavulin","floor":14,"turns":5},{"damage":40,"enemies":"Slime Boss","floor":16,"turns":10},{"damage":11,"enemies":"Chosen","floor":18,"turns":6},{"damage":44,"enemies":"2 Thieves","floor":20,"turns":4},{"damage":16,"enemies":"Shelled Parasite and Fungi","floor":22,"turns":8},{"damage":55,"enemies":"Book of Stabbing","floor":23,"turns":7}],"seed_played":"-786315688052507902","potions_obtained":[{"floor":1,"key":"Regen Potion"},{"floor":3,"key":"Fruit Juice"},{"floor":14,"key":"Weak Potion"},{"floor":16,"key":"SteroidPotion"},{"floor":20,"key":"BloodPotion"}],"is_trial":false,"path_per_floor":["M","?","M","M","$","E","R","E","T","M","R","$","?","E","R","B",null,"M","$","M","?","M","E"],"character_chosen":"IRONCLAD","items_purchased":["Inflame","Shrug It Off","Vajra","Shrug It Off","Inflame","Seeing Red"],"campfire_rested":2,"item_purchase_floors":[5,5,12,12,19,19],"current_hp_per_floor":[80,72,83,85,85,50,50,20,20,16,41,41,41,27,52,51,85,80,80,47,47,37,0],"gold":61,"neow_bonus":"THREE_ENEMY_KILL","is_prod":false,"is_daily":false,"chose_seed":false,"campfire_upgraded":1,"win_rate":0,"timestamp":1551924347,"path_taken":["M","?","M","M","?","E","R","E","T","M","R","$","?","E","R","BOSS","M","$","?","?","?","E"],"build_version":"2019-01-23","purchased_purges":0,"victory":false,"max_hp_per_floor":[80,80,85,85,85,85,85,85,85,85,85,85,85,85,85,85,85,85,85,85,85,85,85],"card_choices":[{"not_picked":["Pummel","True Grit","Rage"],"picked":"SKIP","floor":1},{"not_picked":["Havoc","Reckless Charge","Cleave"],"picked":"SKIP","floor":3},{"not_picked":["Headbutt","Twin Strike"],"picked":"Heavy Blade","floor":4},{"not_picked":["Shockwave","Evolve"],"picked":"Shrug It Off","floor":6},{"not_picked":["Blood for Blood","Perfected Strike","Clothesline"],"picked":"SKIP","floor":8},{"not_picked":["Iron Wave","Wild Strike","Armaments"],"picked":"Reaper","floor":10},{"not_picked":["Heavy Blade","Cleave","Hemokinesis"],"picked":"Spot Weakness","floor":14},{"not_picked":["Reaper","Exhume","Brutality"],"picked":"Double Tap","floor":16},{"not_picked":["Perfected Strike","Anger","Shrug It Off","Barricade"],"picked":"SKIP","floor":18},{"not_picked":["Thunderclap+1","Anger","Combust"],"picked":"Flex","floor":20},{"not_picked":["Flex","Dropkick","Cleave"],"picked":"Inflame","floor":22}],"player_experience":110432,"relics_obtained":[{"floor":6,"key":"Torii"},{"floor":8,"key":"Red Skull"},{"floor":9,"key":"Question Card"},{"floor":14,"key":"Lantern"}],"event_choices":[{"damage_healed":0,"gold_gain":0,"player_choice":"Damaged","damage_taken":8,"max_hp_gain":0,"max_hp_loss":0,"event_name":"Wheel of Change","floor":2,"gold_loss":0},{"damage_healed":0,"gold_gain":0,"player_choice":"Forge","damage_taken":0,"max_hp_gain":0,"max_hp_loss":0,"event_name":"Accursed Blacksmith","floor":13,"gold_loss":0,"cards_upgraded":["Reaper"]},{"damage_healed":0,"gold_gain":0,"player_choice":"2 cards matched","damage_taken":0,"max_hp_gain":0,"max_hp_loss":0,"event_name":"Match and Keep!","floor":21,"gold_loss":0,"cards_obtained":["Doubt","Impatience"]}],"is_beta":false,"boss_relics":[{"not_picked":["Mark of Pain","Busted Crown"],"picked":"Black Star"}],"items_purged_floors":[],"is_endless":false,"potions_floor_spawned":[1,3,14,16,20,22],"killed_by":"Book of Stabbing","ascension_level":3}