{"gold_per_floor":[116,41,41,1,12,45,45,76,76,106,106,31,48,113,113,113],"floor_reached":16,"playtime":360,"items_purged":["Strike_R"],"score":282,"play_id":"b9a9c44a-7a80-4a24-9bc6-9eec716af262","local_time":"20190316213505","is_ascension_mode":true,"campfire_choices":[{"data":"Bash","floor":7,"key":"SMITH"},{"data":"Pommel Strike","floor":11,"key":"SMITH"},{"data":"Whirlwind","floor":15,"key":"SMITH"}],"neow_cost":"NONE","seed_source_timestamp":84453150481619,"circlet_count":0,"master_deck":["AscendersBane","Strike_R","Strike_R","Strike_R","Defend_R","Defend_R","Defend_R","Defend_R","Bash+1","Pommel Strike+1","Dropkick","Anger","Sword Boomerang","Shrug It Off","Whirlwind+1"],"relics":["Burning Blood","NeowsBlessing","Meat on the Bone","Vajra","Gambling Chip","Pear","Matryoshka","Lantern"],"potions_floor_usage":[14],"damage_taken":[{"damage":0,"enemies":"Jaw Worm","floor":1,"turns":1},{"damage":0,"enemies":"Cultist","floor":5,"turns":1},{"damage":0,"enemies":"Gremlin Nob","floor":6,"turns":1},{"damage":30,"enemies":"Lagavulin","floor":8,"turns":5},{"damage":31,"enemies":"Gremlin Nob","floor":10,"turns":4},{"damage":0,"enemies":"2 Louse","floor":13,"turns":2},{"damage":30,"enemies":"3 Sentries","floor":14,"turns":7},{"damage":47,"enemies":"The Guardian","floor":16,"turns":9}],"seed_played":"-647962015883636162","potions_obtained":[{"floor":10,"key":"SpeedPotion"}],"is_trial":false,"path_per_floor":["M","?","?","$","M","E","R","E","T","E","R","$","M","?","R","B"],"character_chosen":"IRONCLAD","items_purchased":["Dropkick"],"campfire_rested":0,"item_purchase_floors":[4],"current_hp_per_floor":[74,74,48,48,54,60,60,48,58,45,45,45,51,39,39,0],"gold":113,"neow_bonus":"THREE_ENEMY_KILL","is_prod":false,"is_daily":false,"chose_seed":false,"campfire_upgraded":3,"win_rate":0,"timestamp":1552757705,"path_taken":["M","?","?","?","M","E","R","E","T","E","R","$","?","?","R","BOSS"],"build_version":"2019-01-23","purchased_purges":1,"victory":false,"max_hp_per_floor":[75,75,75,75,75,75,75,75,85,85,85,85,85,85,85,85],"card_choices":[{"not_picked":["Flex","Twin Strike"],"picked":"Pommel Strike","floor":1},{"not_picked":["Body Slam","Carnage"],"picked":"Anger","floor":5},{"not_picked":["Carnage","Wild Strike"],"picked":"Sword Boomerang","floor":6},{"not_picked":["Wild Strike","Juggernaut","Entrench"],"picked":"SKIP","floor":8},{"not_picked":["Carnage","Iron Wave","Body Slam"],"picked":"SKIP","floor":10},{"not_picked":["Bloodletting","Corruption"],"picked":"Shrug It Off","floor":13},{"not_picked":["Clash","Feel No Pain"],"picked":"Whirlwind","floor":14}],"player_experience":749056,"relics_obtained":[{"floor":6,"key":"Vajra"},{"floor":8,"key":"Gambling Chip"},{"floor":9,"key":"Pear"},{"floor":10,"key":"Matryoshka"},{"floor":14,"key":"Lantern"}],"event_choices":[{"cards_removed":["Strike_R"],"damage_healed":0,"gold_gain":0,"player_choice":"Card Removal","damage_taken":0,"max_hp_gain":0,"max_hp_loss":0,"event_name":"The Cleric","floor":2,"gold_loss":75},{"damage_healed":0,"gold_gain":0,"player_choice":"Success","damage_taken":26,"relics_obtained":["Meat on the Bone"],"max_hp_gain":0,"max_hp_loss":0,"event_name":"Scrap Ooze","floor":3,"gold_loss":0},{"damage_healed":0,"gold_gain":0,"player_choice":"Searched \u00271\u0027 times","damage_taken":0,"max_hp_gain":0,"max_hp_loss":0,"event_name":"Dead Adventurer","floor":14,"gold_loss":0}],"is_beta":false,"boss_relics":[],"items_purged_floors":[12],"is_endless":false,"potions_floor_spawned":[10],"killed_by":"The Guardian","ascension_level":20}