{"gold_per_floor":[118,118,118,118,118,151,151,178,203,219,63,63,13,44,44,147,147,161,177,177,197,216,216,230,257,257,257,35,54,54,67,67,171,171,181,197,197],"floor_reached":37,"playtime":3473,"items_purged":["Defend_B"],"score":482,"play_id":"0d504c6a-d366-4100-9f1f-dd2733a8d5ff","local_time":"20190122102638","is_ascension_mode":false,"campfire_choices":[{"floor":7.0,"key":"REST"},{"floor":12.0,"key":"REST"},{"data":"Capacitor","floor":15.0,"key":"SMITH"},{"floor":23,"key":"REST"},{"floor":27,"key":"REST"},{"data":"Consume","floor":30,"key":"SMITH"},{"data":"Loop","floor":32,"key":"SMITH"}],"neow_cost":"NONE","seed_source_timestamp":1161129199702367,"circlet_count":0,"master_deck":["Strike_B","Strike_B","Defend_B","Defend_B","Defend_B","Zap+1","Dualcast+1","Self Repair","Capacitor+1","Cold Snap","Electrodynamics","Cold Snap","Biased Cognition","Chill+1","Consume+1","Loop+1","FTL+1"],"special_seed":0,"relics":["Cracked Core","Calipers","Bronze Scales","Boot","Strawberry","Matryoshka","Nuclear Battery","Peace Pipe","Vajra","Molten Egg 2","Regal Pillow","Black Star"],"potions_floor_usage":[25,37],"damage_taken":[{"damage":0.0,"enemies":"Small Slimes","floor":1.0,"turns":3.0},{"damage":36.0,"enemies":"Lagavulin","floor":6.0,"turns":7.0},{"damage":35.0,"enemies":"3 Sentries","floor":8.0,"turns":7.0},{"damage":0.0,"enemies":"Jaw Worm","floor":10.0,"turns":4.0},{"damage":16.0,"enemies":"Lagavulin","floor":14.0,"turns":7.0},{"damage":40.0,"enemies":"Hexaghost","floor":16.0,"turns":11.0},{"damage":23,"enemies":"2 Thieves","floor":18,"turns":3},{"damage":18,"enemies":"Shell Parasite","floor":19,"turns":5},{"damage":25,"enemies":"Shelled Parasite and Fungi","floor":21,"turns":5},{"damage":28,"enemies":"Centurion and Healer","floor":22,"turns":7},{"damage":5,"enemies":"Snecko","floor":24,"turns":4},{"damage":34,"enemies":"Slavers","floor":25,"turns":3},{"damage":0,"enemies":"Snake Plant","floor":29,"turns":2},{"damage":5,"enemies":"Centurion and Healer","floor":31,"turns":5},{"damage":0,"enemies":"Automaton","floor":33,"turns":13},{"damage":24,"enemies":"3 Darklings","floor":35,"turns":6},{"damage":21,"enemies":"Orb Walker","floor":36,"turns":3},{"damage":66,"enemies":"2 Orb Walkers","floor":37,"turns":4}],"seed_played":"-8860630320108715986","potions_obtained":[{"floor":1.0,"key":"SpeedPotion"},{"floor":6.0,"key":"SmokeBomb"},{"floor":14.0,"key":"SpeedPotion"},{"floor":19,"key":"SkillPotion"},{"floor":25,"key":"SpeedPotion"},{"floor":33,"key":"AttackPotion"},{"floor":35,"key":"Poison Potion"}],"is_trial":false,"path_per_floor":["M","?","?","?","?","E","R","E","T","M","$","R","?","E","R","B",null,"M","M","?","M","M","R","M","E","T","R","$","M","R","M","R","B",null,"M","M","?"],"character_chosen":"DEFECT","items_purchased":["Capacitor","Consume","Regal Pillow"],"campfire_rested":4,"item_purchase_floors":[11,28,28],"current_hp_per_floor":[82,82,66,71,53,24,50,22,29,36,36,64,64,55,55,22,94,78,67,67,49,28,56,58,31,31,59,59,59,59,61,61,68,94,77,63,0],"gold":197,"neow_bonus":"TEN_PERCENT_HP_BONUS","is_prod":false,"is_daily":false,"chose_seed":false,"campfire_upgraded":3,"win_rate":0.0,"timestamp":1548149198,"path_taken":["M","?","?","?","?","E","R","E","T","M","$","R","?","E","R","BOSS","M","M","?","M","M","R","M","E","T","R","?","M","R","?","R","BOSS","M","M","?"],"build_version":"2019-01-17v2","purchased_purges":1,"victory":false,"max_hp_per_floor":[82,82,82,87,87,87,87,87,94,94,94,94,94,94,94,94,94,94,94,94,94,94,94,94,94,94,94,94,94,94,94,94,94,94,94,94,94],"card_choices":[{"not_picked":["Reprogram","Sweeping Beam"],"picked":"Self Repair","floor":1.0},{"not_picked":["Go for the Eyes","Streamline","Ball Lightning"],"picked":"SKIP","floor":6.0},{"not_picked":["Auto Shields","Amplify","Darkness"],"picked":"SKIP","floor":8.0},{"not_picked":["Scrape","Streamline","Leap"],"picked":"SKIP","floor":10.0},{"not_picked":["Steam Power","Streamline"],"picked":"Cold Snap","floor":14.0},{"not_picked":["Biased Cognition","Rainbow"],"picked":"Electrodynamics","floor":16.0},{"not_picked":["Self Repair","Steam","Stack+1"],"picked":"SKIP","floor":18},{"not_picked":["Scrape+1","Rebound"],"picked":"Cold Snap","floor":19},{"not_picked":["Rebound","Steam","Cold Snap"],"picked":"SKIP","floor":21},{"not_picked":["Sweeping Beam","Leap"],"picked":"Biased Cognition","floor":22},{"not_picked":["Go for the Eyes","Heatsinks","Cold Snap"],"picked":"SKIP","floor":24},{"not_picked":["Compile Driver","Conserve Battery"],"picked":"Chill+1","floor":25},{"not_picked":["Gash+1","Barrage+1","Steam"],"picked":"SKIP","floor":29},{"not_picked":["Double Energy","Ball Lightning+1"],"picked":"Loop","floor":31},{"not_picked":["Force Field+1","Sweeping Beam+1","Heatsinks+1"],"picked":"SKIP","floor":35},{"not_picked":["Doom and Gloom+1","Heatsinks"],"picked":"FTL+1","floor":36}],"player_experience":20017,"relics_obtained":[{"floor":6.0,"key":"Bronze Scales"},{"floor":8.0,"key":"Boot"},{"floor":9.0,"key":"Strawberry"},{"floor":14.0,"key":"Matryoshka"},{"floor":25,"key":"Peace Pipe"},{"floor":26,"key":"Vajra"},{"floor":26,"key":"Molten Egg 2"}],"event_choices":[{"cards_removed":["Strike_B"],"damage_healed":0.0,"max_hp_gain":0.0,"max_hp_loss":0.0,"gold_gain":0.0,"event_name":"Living Wall","player_choice":"Forget","floor":2.0,"gold_loss":0.0,"damage_taken":0.0},{"damage_healed":0.0,"max_hp_gain":0.0,"max_hp_loss":0.0,"gold_gain":0.0,"event_name":"Shining Light","player_choice":"Entered Light","floor":3.0,"gold_loss":0.0,"damage_taken":16.0,"cards_upgraded":["Dualcast","Zap"]},{"damage_healed":0.0,"max_hp_gain":5.0,"max_hp_loss":0.0,"gold_gain":0.0,"event_name":"Big Fish","player_choice":"Donut","floor":4.0,"gold_loss":0.0,"damage_taken":0.0},{"damage_healed":0.0,"max_hp_gain":0.0,"max_hp_loss":0.0,"gold_gain":0.0,"event_name":"Scrap Ooze","player_choice":"Success","floor":5.0,"gold_loss":0.0,"damage_taken":18.0,"relics_obtained":["Calipers"]},{"cards_removed":["Strike_B"],"damage_healed":0.0,"max_hp_gain":0.0,"max_hp_loss":0.0,"gold_gain":0.0,"event_name":"The Cleric","player_choice":"Card Removal","floor":13.0,"gold_loss":50.0,"damage_taken":0.0},{"damage_healed":0,"gold_gain":0,"player_choice":"Ignored","damage_taken":0,"max_hp_gain":0,"max_hp_loss":0,"event_name":"NoteForYourself","floor":20,"gold_loss":0},{"damage_healed":0,"gold_gain":0,"player_choice":"Fight","damage_taken":0,"max_hp_gain":0,"max_hp_loss":0,"event_name":"Mysterious Sphere","floor":37,"gold_loss":0}],"is_beta":false,"boss_relics":[{"not_picked":["Cursed Key","Fusion Hammer"],"picked":"Nuclear Battery"},{"not_picked":["Philosopher\u0027s Stone","Busted Crown"],"picked":"Black Star"}],"items_purged_floors":[11],"is_endless":false,"potions_floor_spawned":[1,6,14,19,25,33,35,36],"killed_by":"2 Orb Walkers","ascension_level":0}