{"path_per_floor":["M","M","M","?","M","R","M","R","T","M","M","M"],"character_chosen":"THE_SILENT","items_purchased":[],"gold_per_floor":[117,130,144,94,108,108,122,122,122,132,142,154,154],"floor_reached":13,"campfire_rested":2,"playtime":1046,"item_purchase_floors":[],"current_hp_per_floor":[69,69,64,64,28,49,40,61,61,19,12,8,0],"items_purged":[],"gold":154,"score":81,"play_id":"483177e8-b3ca-4a00-b056-fc6d68f60932","local_time":"20180616134646","is_prod":false,"is_daily":false,"chose_seed":false,"is_ascension_mode":false,"campfire_upgraded":0,"win_rate":0.0,"timestamp":1529171206,"campfire_choices":[{"floor":6,"key":"REST"},{"floor":8,"key":"REST"}],"path_taken":["M","M","M","?","M","R","M","R","T","M","M","M","M"],"build_version":"2018-06-14v2","seed_source_timestamp":61901677607292,"purchased_purges":0,"victory":false,"master_deck":["Defend_G","Defend_G","Defend_G","Defend_G","Defend_G","Strike_G","Strike_G","Strike_G","Strike_G","Survivor","Neutralize+1","Deadly Poison","Bouncing Flask","Deadly Poison","Leg Sweep","Acrobatics","Quick Slash","Poisoned Stab","Slice"],"max_hp_per_floor":[70,70,70,70,70,70,70,70,70,70,70,70,70],"relics":["Ring of the Snake","Kunai"],"card_choices":[{"not_picked":["Flying Knee","Quick Slash"],"picked":"Deadly Poison","floor":1},{"not_picked":["Poisoned Stab","Malaise"],"picked":"Bouncing Flask","floor":2},{"not_picked":["Bane","Leg Sweep"],"picked":"Deadly Poison","floor":3},{"not_picked":["Reflex","Flying Knee"],"picked":"Leg Sweep","floor":5},{"not_picked":["Flechettes","Noxious Fumes"],"picked":"Acrobatics","floor":7},{"not_picked":["Skewer","PiercingWail"],"picked":"Quick Slash","floor":10},{"not_picked":["Deadly Poison","Terror"],"picked":"Poisoned Stab","floor":11},{"not_picked":["Outmaneuver","Night Terror"],"picked":"Slice","floor":12}],"player_experience":79806,"potions_floor_usage":[10,13,13],"damage_taken":[{"damage":1,"enemies":"2 Louse","floor":1,"turns":4},{"damage":0,"enemies":"Small Slimes","floor":2,"turns":3},{"damage":5,"enemies":"Jaw Worm","floor":3,"turns":4},{"damage":36,"enemies":"Lots of Slimes","floor":5,"turns":6},{"damage":9,"enemies":"Looter","floor":7,"turns":4},{"damage":42,"enemies":"Gremlin Gang","floor":10,"turns":5},{"damage":7,"enemies":"Large Slime","floor":11,"turns":6},{"damage":4,"enemies":"Blue Slaver","floor":12,"turns":4},{"damage":10,"enemies":"Exordium Thugs","floor":13,"turns":3}],"relics_obtained":[{"floor":9,"key":"Kunai"}],"event_choices":[{"event_name":"The Cleric","player_choice":"Card Removal","floor":4,"damage_taken":0}],"boss_relics":[],"items_purged_floors":[],"is_endless":false,"potions_floor_spawned":[3,5,7,11],"seed_played":"4460955956094067553","killed_by":"Exordium Thugs","ascension_level":0,"potions_obtained":[{"floor":3,"key":"Fire Potion"},{"floor":5,"key":"Ancient Potion"},{"floor":7,"key":"Energy Potion"},{"floor":11,"key":"AttackPotion"}],"is_trial":false}