{"gold_per_floor":[119,135,115,115,135,135,155,155,206,206,222,235,248,248,248,349,349,359,141,161,171,185,185,197,209,209,225,240,240,240,140,140,244,244,261,272,287,301,301,301,312,325,325,4,4,23,23,35,35,35],"floor_reached":50,"playtime":2480,"items_purged":["Malaise","Dagger Throw","Corpse Explosion+1"],"score":446,"play_id":"afc4decd-4e12-431a-a05a-0e37fa40ea00","local_time":"20180707174205","daily_mods":["Draft","Diverse"],"is_ascension_mode":false,"campfire_choices":[{"data":"Melter","floor":6,"key":"SMITH"},{"data":"Havoc","floor":10,"key":"SMITH"},{"data":"All Out Attack","floor":15,"key":"SMITH"},{"data":"Phantasmal Killer","floor":23,"key":"SMITH"},{"floor":32,"key":"REST"},{"floor":40,"key":"REST"},{"floor":45,"key":"REST"},{"floor":47,"key":"REST"},{"floor":49,"key":"REST"}],"neow_cost":"","seed_source_timestamp":282528759299573,"circlet_count":0,"master_deck":["Iron Wave+1","Reprogram","Havoc+1","Poisoned Stab","Dagger Throw","Steam","All Out Attack+1","Melter+1","Rebound+1","Armaments+1","Ball Lightning+1","Wild Strike+1","Leap","Phantasmal Killer+1","Static Discharge+1"],"special_seed":50471966854428,"relics":["Burning Blood","Orichalcum","Eternal Feather","Whetstone","Vajra","Empty Cage","Gambling Chip","TwistedFunnel"],"potions_floor_usage":[24,33,33,37,42,42],"damage_taken":[{"damage":6,"enemies":"Cultist","floor":1,"turns":3},{"damage":2,"enemies":"Small Slimes","floor":2,"turns":2},{"damage":0,"enemies":"2 Louse","floor":5,"turns":1},{"damage":6,"enemies":"Lots of Slimes","floor":7,"turns":2},{"damage":4,"enemies":"Exordium Wildlife","floor":11,"turns":2},{"damage":12,"enemies":"Exordium Thugs","floor":12,"turns":3},{"damage":3,"enemies":"Large Slime","floor":13,"turns":4},{"damage":13,"enemies":"Slime Boss","floor":16,"turns":6},{"damage":0,"enemies":"Spheric Guardian","floor":18,"turns":3},{"damage":7,"enemies":"3 Byrds","floor":20,"turns":4},{"damage":16,"enemies":"Snake Plant","floor":21,"turns":3},{"damage":6,"enemies":"3 Cultists","floor":22,"turns":4},{"damage":16,"enemies":"Centurion and Healer","floor":24,"turns":4},{"damage":8,"enemies":"Cultist and Chosen","floor":25,"turns":5},{"damage":0,"enemies":"3 Cultists","floor":27,"turns":4},{"damage":19,"enemies":"Snecko","floor":28,"turns":4},{"damage":90,"enemies":"Automaton","floor":33,"turns":8},{"damage":17,"enemies":"3 Darklings","floor":35,"turns":5},{"damage":12,"enemies":"3 Shapes","floor":36,"turns":3},{"damage":50,"enemies":"Maw","floor":37,"turns":6},{"damage":12,"enemies":"Sphere and 2 Shapes","floor":38,"turns":2},{"damage":40,"enemies":"4 Shapes","floor":41,"turns":5},{"damage":26,"enemies":"Maw","floor":42,"turns":8},{"damage":19,"enemies":"Sphere and 2 Shapes","floor":46,"turns":3},{"damage":22,"enemies":"4 Shapes","floor":48,"turns":3},{"damage":81,"enemies":"Awakened One","floor":50,"turns":5}],"seed_played":"1412467173882532303","potions_obtained":[{"floor":1,"key":"GamblersBrew"},{"floor":2,"key":"Energy Potion"},{"floor":3,"key":"FairyPotion"},{"floor":8,"key":"BloodPotion"},{"floor":21,"key":"BloodPotion"},{"floor":25,"key":"GamblersBrew"},{"floor":33,"key":"FairyPotion"},{"floor":35,"key":"PowerPotion"},{"floor":37,"key":"SkillPotion"},{"floor":38,"key":"GamblersBrew"}],"is_trial":true,"path_per_floor":["M","M","?","?","M","R","M","?","T","R","M","M","M","?","R","B",null,"M","$","M","M","M","R","M","M","T","M","M","?","?","$","R","B",null,"M","M","M","M","?","R","M","M","T","$","R","M","R","M","R"],"character_chosen":"IRONCLAD","items_purchased":["Whetstone","TwistedFunnel"],"campfire_rested":5,"item_purchase_floors":[19,44],"current_hp_per_floor":[80,80,80,64,70,70,70,70,70,70,72,66,69,69,69,62,80,80,80,79,69,69,75,73,71,71,77,64,64,49,49,80,22,85,74,68,24,18,18,49,15,14,14,14,45,32,63,47,78,0],"gold":35,"neow_bonus":"","is_prod":false,"is_daily":false,"chose_seed":true,"campfire_upgraded":4,"win_rate":0.0,"timestamp":1530999725,"path_taken":["M","M","?","?","M","R","M","?","T","R","M","M","?","?","R","BOSS","M","$","M","M","M","R","M","M","T","M","?","?","?","$","R","BOSS","M","M","M","M","?","R","?","M","T","$","R","?","R","M","R","BOSS"],"build_version":"2018-07-05","purchased_purges":3,"victory":false,"max_hp_per_floor":[80,80,80,80,80,80,80,80,80,80,80,80,80,80,80,80,80,80,80,80,80,80,80,80,80,80,80,80,80,85,85,85,85,85,85,85,85,85,85,85,85,85,85,85,85,85,85,85,85,85],"card_choices":[{"not_picked":["Flame Barrier","Underhanded Strike"],"picked":"Iron Wave","floor":0},{"not_picked":["Carnage","Clothesline"],"picked":"Rampage","floor":0},{"not_picked":["PiercingWail","Stack"],"picked":"Reprogram","floor":0},{"not_picked":["Fire Breathing","Gash"],"picked":"Havoc","floor":0},{"not_picked":["Coolheaded","Stack"],"picked":"Dagger Throw","floor":0},{"not_picked":["Slice","Bouncing Flask"],"picked":"Poisoned Stab","floor":0},{"not_picked":["Noxious Fumes","Cold Snap"],"picked":"Dagger Throw","floor":0},{"not_picked":["Outmaneuver","Reprogram"],"picked":"Steam","floor":0},{"not_picked":["Body Slam","Clash"],"picked":"Malaise","floor":0},{"not_picked":["Deadly Poison","Noxious Fumes"],"picked":"All Out Attack","floor":0},{"not_picked":["Cold Snap","Skewer"],"picked":"Melter","floor":0},{"not_picked":["Sweeping Beam","Dodge and Roll"],"picked":"Rebound","floor":0},{"not_picked":["Intimidate","Tempest"],"picked":"Dagger Throw","floor":0},{"not_picked":["Perfected Strike","Flame Barrier"],"picked":"Armaments","floor":0},{"not_picked":["Bane","Deadly Poison"],"picked":"Ball Lightning","floor":0},{"not_picked":["Streamline","Go for the Eyes","Genetic Algorithm"],"picked":"SKIP","floor":1},{"not_picked":["Loop","Thunderclap","Poisoned Stab"],"picked":"SKIP","floor":2},{"not_picked":["Blizzard","Battle Trance","Calculated Gamble"],"picked":"SKIP","floor":5},{"not_picked":["Lockon","Headbutt"],"picked":"Wild Strike","floor":7},{"not_picked":["Shrug It Off","Flex","Turbo"],"picked":"SKIP","floor":11},{"not_picked":["Shrug It Off","Steam Power"],"picked":"Leap","floor":12},{"not_picked":["Battle Trance","Heavy Blade","Shrug It Off"],"picked":"SKIP","floor":13},{"not_picked":["Burst","Bludgeon"],"picked":"Phantasmal Killer","floor":16},{"not_picked":["Compile Driver","Streamline","Iron Wave"],"picked":"SKIP","floor":18},{"not_picked":["Blade Dance","Poisoned Stab"],"picked":"Static Discharge+1","floor":20},{"not_picked":["Leg Sweep","Loop","Armaments+1"],"picked":"SKIP","floor":21},{"not_picked":["Havoc","Catalyst+1","Ghostly Armor"],"picked":"SKIP","floor":22},{"not_picked":["Heatsinks","True Grit+1","Leg Sweep+1"],"picked":"SKIP","floor":24},{"not_picked":["Iron Wave","Eviscerate+1","Barrage+1"],"picked":"SKIP","floor":25},{"not_picked":["Defragment","Redo","Whirlwind"],"picked":"SKIP","floor":27},{"not_picked":["Dual Wield","Rainbow","Pummel"],"picked":"SKIP","floor":28},{"not_picked":["Unload","Wraith Form v2"],"picked":"Corpse Explosion","floor":33},{"not_picked":["Cleave","Clash","Entrench"],"picked":"SKIP","floor":35},{"not_picked":["Thunderclap","Go for the Eyes","Body Slam+1"],"picked":"SKIP","floor":36},{"not_picked":["Rage","Clash+1","Hemokinesis+1"],"picked":"SKIP","floor":37},{"not_picked":["Backflip","Leap+1","Redo"],"picked":"SKIP","floor":38},{"not_picked":["Leg Sweep+1","Ball Lightning+1","Flying Knee+1"],"picked":"SKIP","floor":41},{"not_picked":["Anger+1","Heavy Blade","Seeing Red+1"],"picked":"SKIP","floor":42},{"not_picked":["Compile Driver","Dagger Spray","Deadly Poison"],"picked":"SKIP","floor":46},{"not_picked":["Shrug It Off","Steam+1","Sentinel+1"],"picked":"SKIP","floor":48}],"player_experience":206612,"relics_obtained":[{"floor":9,"key":"Orichalcum"},{"floor":26,"key":"Vajra"},{"floor":43,"key":"Gambling Chip"}],"event_choices":[{"event_name":"The Woman in Blue","player_choice":"Bought 1 Potion","floor":3,"damage_taken":0},{"event_name":"Shining Light","player_choice":"Entered Light","floor":4,"damage_taken":0},{"event_name":"The Lab","player_choice":"Got Potions","floor":8,"damage_taken":0},{"event_name":"Upgrade Shrine","player_choice":"Upgraded","floor":14,"damage_taken":0},{"event_name":"The Mausoleum","player_choice":"No","floor":29,"damage_taken":0},{"event_name":"Forgotten Altar","player_choice":"Shed Blood","floor":30,"damage_taken":0},{"event_name":"Upgrade Shrine","player_choice":"Upgraded","floor":39,"damage_taken":0}],"boss_relics":[{"not_picked":["Philosopher\u0027s Stone","Tiny House"],"picked":"Eternal Feather"},{"not_picked":["Coffee Dripper","Astrolabe"],"picked":"Empty Cage"}],"items_purged_floors":[19,31,44],"is_endless":false,"potions_floor_spawned":[1,2,11,16,21,22,25,33,35,37,38,41,46],"killed_by":"Awakened One","ascension_level":0}