{"path_per_floor":["M","M","M","$","?","?","M","M","T","R","?","R","M","E","R","B",null,"M","M","$","?"],"character_chosen":"THE_SILENT","items_purchased":["Dagger Throw","Underhanded Strike","Infinite Blades","War Paint","Deep Breath+1"],"gold_per_floor":[114,134,148,74,74,149,159,170,170,170,170,170,189,223,223,324,324,340,355,26,26,26],"floor_reached":22,"campfire_rested":2,"playtime":3112,"item_purchase_floors":[4,4,20,20,20],"current_hp_per_floor":[70,66,61,61,61,50,48,41,41,62,62,62,58,44,65,35,70,60,46,46,46,0],"items_purged":[],"gold":26,"score":186,"play_id":"f4de1858-5d2a-4f1e-bc19-5c7f320b087e","local_time":"20180614191007","is_prod":false,"is_daily":false,"chose_seed":false,"is_ascension_mode":false,"campfire_upgraded":1,"win_rate":0.0,"timestamp":1529017807,"campfire_choices":[{"floor":10,"key":"REST"},{"data":"Choke","floor":12,"key":"SMITH"},{"floor":15,"key":"REST"}],"path_taken":["M","M","M","$","?","?","M","M","T","R","?","R","M","E","R","BOSS","M","M","$","?","M"],"build_version":"2018-06-07v3","seed_source_timestamp":125543461015284,"purchased_purges":0,"victory":false,"master_deck":["Defend_G","Defend_G","Defend_G+1","Defend_G","Defend_G+1","Strike_G","Strike_G","Strike_G","Strike_G","Strike_G","Survivor","Neutralize","Infinite Blades+1","Dagger Throw","Dagger Throw","Underhanded Strike","Choke+1","Underhanded Strike","Prepared+1","Blur+1","Blade Dance+1","Bullet Time+1","Finisher+1","Infinite Blades","Infinite Blades","Deep Breath+1"],"max_hp_per_floor":[70,70,70,70,70,70,70,70,70,70,70,70,70,70,70,70,70,70,70,70,70,70],"relics":["Ring of the Snake","Toxic Egg 2","Pen Nib","Eternal Feather","War Paint"],"card_choices":[{"not_picked":["Sucker Punch","Dodge and Roll"],"picked":"Infinite Blades","floor":1},{"not_picked":["Reflex","Eviscerate"],"picked":"Dagger Throw","floor":2},{"not_picked":["Acrobatics","Calculated Gamble"],"picked":"Masterful Stab","floor":3},{"not_picked":["Deflect","Backstab"],"picked":"Choke","floor":7},{"not_picked":["Dagger Spray","PiercingWail"],"picked":"Underhanded Strike","floor":8},{"not_picked":["Skewer","Deadly Poison+1"],"picked":"Blur+1","floor":13},{"not_picked":["Deadly Poison+1","Leg Sweep+1"],"picked":"Blade Dance+1","floor":14},{"not_picked":["Venomology+1","Glass Knife"],"picked":"Bullet Time+1","floor":16},{"not_picked":["Deflect+1","Terror+1"],"picked":"Finisher+1","floor":18},{"not_picked":["All Out Attack","Acrobatics+1"],"picked":"Infinite Blades","floor":19}],"player_experience":17324,"potions_floor_usage":[13,14,16,16,22],"damage_taken":[{"damage":0,"enemies":"2 Louse","floor":1,"turns":4},{"damage":4,"enemies":"Cultist","floor":2,"turns":4},{"damage":5,"enemies":"Jaw Worm","floor":3,"turns":4},{"damage":2,"enemies":"Blue Slaver","floor":7,"turns":5},{"damage":7,"enemies":"Looter","floor":8,"turns":3},{"damage":18,"enemies":"Lots of Slimes","floor":13,"turns":7},{"damage":14,"enemies":"3 Sentries","floor":14,"turns":6},{"damage":30,"enemies":"Hexaghost","floor":16,"turns":9},{"damage":10,"enemies":"Chosen","floor":18,"turns":5},{"damage":14,"enemies":"3 Byrds","floor":19,"turns":5},{"damage":47,"enemies":"Slaver and Parasite","floor":22,"turns":3}],"relics_obtained":[{"floor":9,"key":"Toxic Egg 2"},{"floor":14,"key":"Pen Nib"}],"event_choices":[{"event_name":"Upgrade Shrine","player_choice":"Upgraded","floor":5,"damage_taken":0},{"event_name":"World of Goop","player_choice":"Gather Gold","floor":6,"damage_taken":0},{"event_name":"Transmorgrifier","player_choice":"Transform","floor":11,"damage_taken":0},{"event_name":"Drug Dealer","player_choice":"Ignored","floor":21,"damage_taken":0}],"boss_relics":[{"not_picked":["Black Star","Velvet Choker"],"picked":"Eternal Feather"}],"items_purged_floors":[],"potions_floor_spawned":[3,7,8,13,19],"seed_played":"-5523850850069925787","killed_by":"Slaver and Parasite","ascension_level":0,"potions_obtained":[{"floor":3,"key":"Regen Potion"},{"floor":7,"key":"Strength Potion"},{"floor":8,"key":"Fire Potion"},{"floor":13,"key":"SkillPotion"},{"floor":19,"key":"Weak Potion"}],"is_trial":false}