{"gold_per_floor":[15,15,15,15,26,26,41,66,66,66,85,95,95,108,108,206,206,225,225,32,52,52,52,68,94,164,79,94,94],"floor_reached":29,"playtime":961,"items_purged":["Strike_G+1"],"score":257,"play_id":"1e0337cf-544a-46ed-b7f1-9ba39d70924f","local_time":"20190412225701","is_ascension_mode":true,"campfire_choices":[{"floor":6,"key":"REST"},{"floor":10,"key":"REST"},{"floor":15,"key":"REST"},{"floor":23,"key":"REST"}],"neow_cost":"NO_GOLD","seed_source_timestamp":258564732305351,"circlet_count":0,"master_deck":["Defend_G+1","Defend_G+1","Defend_G+1","Defend_G+1","Defend_G+1","Strike_G+1","Strike_G+1","Survivor+1","Neutralize","Flying Knee","Adrenaline","Crippling Poison","Bane","Bane","Infinite Blades","Glass Knife","Cloak And Dagger+1","Accuracy","Blade Dance","Flying Knee","Cloak And Dagger","Skewer+1","Bane+1"],"relics":["Ring of the Snake","Tingsha","Matryoshka","Juzu Bracelet","Pantograph","Sozu","Gremlin Horn","Blood Vial","Shuriken","Meat on the Bone"],"potions_floor_usage":[28],"damage_taken":[{"damage":10,"enemies":"2 Louse","floor":1,"turns":3},{"damage":1,"enemies":"Small Slimes","floor":5,"turns":3},{"damage":0,"enemies":"Jaw Worm","floor":7,"turns":3},{"damage":29,"enemies":"Lagavulin","floor":8,"turns":10},{"damage":10,"enemies":"2 Fungi Beasts","floor":11,"turns":3},{"damage":12,"enemies":"3 Louse","floor":12,"turns":3},{"damage":1,"enemies":"Large Slime","floor":14,"turns":5},{"damage":21,"enemies":"Slime Boss","floor":16,"turns":11},{"damage":3,"enemies":"Shell Parasite","floor":18,"turns":4},{"damage":5,"enemies":"3 Byrds","floor":21,"turns":4},{"damage":33,"enemies":"Cultist and Chosen","floor":24,"turns":7},{"damage":35,"enemies":"Book of Stabbing","floor":25,"turns":6},{"damage":1,"enemies":"3 Cultists","floor":28,"turns":4},{"damage":24,"enemies":"Snake Plant","floor":29,"turns":3}],"seed_played":"-1455005444057164510","potions_obtained":[{"floor":11,"key":"SteroidPotion"},{"floor":14,"key":"GamblersBrew"},{"floor":16,"key":"FearPotion"}],"is_trial":false,"path_per_floor":["M","$","?","?","M","R","M","E","T","R","M","M","?","M","R","B",null,"M","?","$","M","?","R","M","E","T","?","M","M"],"character_chosen":"THE_SILENT","items_purchased":["Accuracy","Blade Dance"],"campfire_rested":4,"item_purchase_floors":[20,20],"current_hp_per_floor":[60,60,60,46,45,66,66,37,37,58,48,36,29,28,49,49,70,67,67,67,62,49,71,38,3,3,3,16,0],"gold":94,"neow_bonus":"ONE_RARE_RELIC","is_prod":false,"is_daily":false,"chose_seed":false,"campfire_upgraded":0,"win_rate":0,"timestamp":1555124221,"path_taken":["M","$","?","?","M","R","M","E","T","R","M","M","?","M","R","BOSS","M","?","$","M","?","R","M","E","T","?","M","M"],"build_version":"2019-01-23","purchased_purges":1,"victory":false,"max_hp_per_floor":[70,70,70,70,70,70,70,70,70,70,70,70,70,70,70,70,70,70,70,70,70,75,75,75,75,75,75,75,75],"card_choices":[{"not_picked":["Slice","Sucker Punch"],"picked":"Flying Knee","floor":1},{"not_picked":["Backflip","PiercingWail","Outmaneuver"],"picked":"SKIP","floor":5},{"not_picked":["Flying Knee","Setup"],"picked":"Adrenaline","floor":7},{"not_picked":["Footwork","Dagger Spray"],"picked":"Crippling Poison","floor":8},{"not_picked":["Dagger Throw","Backflip"],"picked":"Bane","floor":11},{"not_picked":["Sucker Punch","Prepared"],"picked":"Bane","floor":12},{"not_picked":["Blade Dance","Dagger Spray"],"picked":"Infinite Blades","floor":14},{"not_picked":["Burst","Grand Finale"],"picked":"Glass Knife","floor":16},{"not_picked":["Caltrops","Outmaneuver"],"picked":"Cloak And Dagger+1","floor":18},{"not_picked":["Dodge and Roll","Quick Slash+1"],"picked":"Flying Knee","floor":21},{"not_picked":["Infinite Blades","Footwork"],"picked":"Cloak And Dagger","floor":24},{"not_picked":["Deflect","Dagger Spray"],"picked":"Skewer+1","floor":25},{"not_picked":["Well Laid Plans","Dagger Throw"],"picked":"Bane+1","floor":28}],"player_experience":483378,"relics_obtained":[{"floor":8,"key":"Matryoshka"},{"floor":9,"key":"Juzu Bracelet"},{"floor":9,"key":"Pantograph"},{"floor":25,"key":"Gremlin Horn"},{"floor":26,"key":"Blood Vial"},{"floor":26,"key":"Shuriken"}],"event_choices":[{"cards_removed":["Strike_G"],"damage_healed":0,"gold_gain":0,"player_choice":"Forget","damage_taken":0,"max_hp_gain":0,"max_hp_loss":0,"event_name":"Living Wall","floor":3,"gold_loss":0},{"damage_healed":0,"gold_gain":0,"player_choice":"Entered Light","damage_taken":14,"max_hp_gain":0,"max_hp_loss":0,"event_name":"Shining Light","floor":4,"gold_loss":0,"cards_upgraded":["Survivor","Defend_G"]},{"cards_removed":["Strike_G"],"damage_healed":0,"gold_gain":0,"player_choice":"Card Removal","damage_taken":7,"max_hp_gain":0,"max_hp_loss":0,"event_name":"Golden Wing","floor":13,"gold_loss":0},{"damage_healed":0,"gold_gain":0,"player_choice":"Simplicity","damage_taken":0,"max_hp_gain":0,"max_hp_loss":0,"event_name":"Back to Basics","floor":19,"gold_loss":0,"cards_upgraded":["Defend_G","Defend_G","Defend_G","Defend_G","Strike_G","Strike_G","Strike_G"]},{"damage_healed":0,"gold_gain":0,"player_choice":"Shed Blood","damage_taken":18,"max_hp_gain":5,"max_hp_loss":0,"event_name":"Forgotten Altar","floor":22,"gold_loss":0},{"damage_healed":0,"gold_gain":0,"player_choice":"Obtained Relic","damage_taken":0,"relics_obtained":["Meat on the Bone"],"max_hp_gain":0,"max_hp_loss":0,"event_name":"Addict","floor":27,"gold_loss":85}],"is_beta":false,"boss_relics":[{"not_picked":["Runic Pyramid","Pandora\u0027s Box"],"picked":"Sozu"}],"items_purged_floors":[20],"is_endless":false,"potions_floor_spawned":[11,14,16,21,24,28],"killed_by":"Snake Plant","ascension_level":1}