{"gold_per_floor":[111,128,4,4,24,24,24,24,101,121,121,151,151,151,151,246,246,261,14,14,14,14,14,14,14,14,14,14,31,48,63,63,63],"floor_reached":33,"playtime":978,"items_purged":["Defend_B","Strike_B"],"score":266,"play_id":"68fe4739-6bdd-48e2-8ed3-d84b74ce0124","local_time":"20190210114015","daily_mods":["Green Cards","Flight"],"is_ascension_mode":false,"campfire_choices":[{"data":"Consume","floor":6,"key":"SMITH"},{"floor":7,"key":"REST"},{"data":"Finisher","floor":11,"key":"SMITH"},{"data":"Static Discharge","floor":13,"key":"SMITH"},{"data":"Conserve Battery","floor":15,"key":"SMITH"},{"data":"Doom and Gloom","floor":23,"key":"SMITH"},{"data":"Bite","floor":24,"key":"SMITH"},{"data":"Bite","floor":25,"key":"SMITH"},{"data":"Bite","floor":27,"key":"SMITH"},{"data":"Bite","floor":28,"key":"SMITH"},{"floor":32,"key":"REST"}],"neow_cost":"","seed_source_timestamp":9468443677663,"circlet_count":0,"master_deck":["Defend_B","Defend_B","Defend_B","Zap+1","Dualcast","Consume+1","Conserve Battery+1","Cloak And Dagger","Finisher+1","Static Discharge+1","Bite+1","Bite+1","Bite","Bite+1","Bite+1","Doom and Gloom+1"],"relics":["Cracked Core","Potion Belt","Inserter","Omamori","Nloth\u0027s Gift","Bird Faced Urn"],"potions_floor_usage":[16,33,33],"damage_taken":[{"damage":2,"enemies":"Cultist","floor":1,"turns":5},{"damage":10,"enemies":"Jaw Worm","floor":2,"turns":4},{"damage":5,"enemies":"Small Slimes","floor":5,"turns":3},{"damage":5,"enemies":"2 Fungi Beasts","floor":10,"turns":2},{"damage":18,"enemies":"3 Sentries","floor":12,"turns":6},{"damage":21,"enemies":"Hexaghost","floor":16,"turns":4},{"damage":13,"enemies":"Shell Parasite","floor":18,"turns":3},{"damage":5,"enemies":"3 Byrds","floor":29,"turns":1},{"damage":35,"enemies":"Sentry and Sphere","floor":30,"turns":3},{"damage":20,"enemies":"Cultist and Chosen","floor":31,"turns":4},{"damage":66,"enemies":"Champ","floor":33,"turns":5}],"seed_played":"2461469639636652803","potions_obtained":[{"floor":1,"key":"AttackPotion"},{"floor":16,"key":"SteroidPotion"},{"floor":18,"key":"Strength Potion"},{"floor":29,"key":"LiquidBronze"}],"is_trial":true,"path_per_floor":["M","M","$","?","M","R","R","$","T","M","R","E","R","?","R","B",null,"M","$","?","?","?","R","R","R","T","R","R","M","M","M","R","B"],"character_chosen":"DEFECT","items_purchased":["Cloak And Dagger","Omamori"],"campfire_rested":2,"item_purchase_floors":[3,19],"current_hp_per_floor":[73,63,63,63,58,58,75,75,75,70,70,52,52,52,52,31,75,62,62,52,52,52,52,52,52,52,52,52,47,23,22,37,0],"gold":63,"neow_bonus":"","is_prod":false,"is_daily":false,"chose_seed":false,"campfire_upgraded":9,"win_rate":0,"timestamp":1549816815,"path_taken":["M","M","$","?","M","R","R","$","T","?","R","E","R","?","R","BOSS","M","$","?","?","?","R","R","R","T","R","R","?","M","M","R","BOSS"],"build_version":"2019-01-23","purchased_purges":2,"victory":false,"max_hp_per_floor":[75,75,75,75,75,75,75,75,75,75,75,75,75,75,75,75,75,75,75,52,52,52,52,52,52,52,52,52,52,52,52,52,52],"card_choices":[{"not_picked":["Fusion","Backflip"],"picked":"Consume","floor":1},{"not_picked":["Bane","Auto Shields"],"picked":"Conserve Battery","floor":2},{"not_picked":["Backflip","Bane"],"picked":"Finisher","floor":5},{"not_picked":["Footwork","Streamline","Beam Cell"],"picked":"SKIP","floor":10},{"not_picked":["Chill","Flechettes"],"picked":"Static Discharge","floor":12},{"not_picked":["Skim","Coolheaded","Skewer"],"picked":"SKIP","floor":18},{"not_picked":["Dagger Throw","Poisoned Stab+1","Coolheaded"],"picked":"SKIP","floor":29},{"not_picked":["Stack","Gash","Melter"],"picked":"SKIP","floor":30},{"not_picked":["Beam Cell","Turbo","Dagger Spray"],"picked":"SKIP","floor":31}],"player_experience":375752,"relics_obtained":[{"floor":9,"key":"Ornamental Fan"},{"floor":12,"key":"Potion Belt"},{"floor":26,"key":"Bird Faced Urn"}],"event_choices":[{"damage_healed":0,"gold_gain":0,"player_choice":"Forge","damage_taken":0,"max_hp_gain":0,"max_hp_loss":0,"event_name":"Accursed Blacksmith","floor":4,"gold_loss":0,"cards_upgraded":["Zap"]},{"cards_removed":["Strike_B"],"damage_healed":0,"gold_gain":0,"player_choice":"Forget","damage_taken":0,"max_hp_gain":0,"max_hp_loss":0,"event_name":"Living Wall","floor":14,"gold_loss":0},{"damage_healed":0,"gold_gain":0,"player_choice":"Became a vampire","damage_taken":0,"max_hp_gain":0,"max_hp_loss":23,"event_name":"Vampires","floor":20,"gold_loss":0,"cards_obtained":["Bite","Bite","Bite","Bite","Bite"]},{"damage_healed":0,"gold_gain":0,"player_choice":"Read","damage_taken":0,"max_hp_gain":0,"max_hp_loss":0,"event_name":"The Library","floor":21,"gold_loss":0,"cards_obtained":["Doom and Gloom"]},{"damage_healed":0,"gold_gain":0,"player_choice":"Traded Relic","damage_taken":0,"relics_obtained":["Nloth\u0027s Gift"],"max_hp_gain":0,"max_hp_loss":0,"event_name":"N\u0027loth","floor":22,"relics_lost":["Ornamental Fan"],"gold_loss":0}],"is_beta":false,"boss_relics":[{"not_picked":["Sozu","Orrery"],"picked":"Inserter"}],"items_purged_floors":[3,19],"is_endless":false,"potions_floor_spawned":[1,16,18,29],"killed_by":"Champ","ascension_level":0}