{"gold_per_floor":[111,111,123,423,442,458,521,521,596,596,622,622,649,659,659,659],"floor_reached":16,"playtime":1317,"items_purged":[],"score":126,"play_id":"74567edb-6101-41fb-81e8-01a325cddf99","local_time":"20190226200053","is_ascension_mode":true,"campfire_choices":[{"data":"Entrench","floor":8,"key":"SMITH"},{"floor":12,"key":"REST"},{"floor":15,"key":"REST"}],"neow_cost":"NONE","seed_source_timestamp":167170992498976,"circlet_count":0,"master_deck":["Strike_R","Strike_R","Strike_R","Strike_R+1","Defend_R+1","Defend_R","Defend_R","Defend_R","Bash","Iron Wave","Iron Wave","Entrench+1","Dropkick","Warcry","Flame Barrier","Shrug It Off"],"relics":["Burning Blood","Anchor","Old Coin","Tiny Chest","Mummified Hand","Oddly Smooth Stone","Paper Frog"],"potions_floor_usage":[11,16,16],"damage_taken":[{"damage":0,"enemies":"Small Slimes","floor":1,"turns":4},{"damage":0,"enemies":"2 Louse","floor":3,"turns":3},{"damage":1,"enemies":"Cultist","floor":5,"turns":3},{"damage":7,"enemies":"Blue Slaver","floor":6,"turns":6},{"damage":34,"enemies":"3 Sentries","floor":7,"turns":14},{"damage":39,"enemies":"Lagavulin","floor":11,"turns":11},{"damage":30,"enemies":"3 Sentries","floor":13,"turns":13},{"damage":4,"enemies":"Lots of Slimes","floor":14,"turns":5},{"damage":41,"enemies":"Slime Boss","floor":16,"turns":10}],"seed_played":"-182214621367251021","potions_obtained":[{"floor":3,"key":"Regen Potion"},{"floor":7,"key":"FearPotion"},{"floor":11,"key":"SpeedPotion"},{"floor":13,"key":"Swift Potion"}],"is_trial":false,"path_per_floor":["M","?","M","?","M","M","E","R","T","?","E","R","E","M","R","B"],"character_chosen":"IRONCLAD","items_purchased":[],"campfire_rested":2,"item_purchase_floors":[],"current_hp_per_floor":[80,64,70,70,75,74,46,46,46,46,13,37,13,15,39,0],"gold":659,"neow_bonus":"RANDOM_COMMON_RELIC","is_prod":false,"is_daily":false,"chose_seed":false,"campfire_upgraded":1,"win_rate":0,"timestamp":1551229253,"path_taken":["M","?","M","?","M","?","E","R","T","?","E","R","E","M","R","BOSS"],"build_version":"2019-01-23","purchased_purges":0,"victory":false,"max_hp_per_floor":[80,80,80,80,80,80,80,80,80,80,80,80,80,80,80,80],"card_choices":[{"not_picked":["Cleave","Pommel Strike","Thunderclap"],"picked":"SKIP","floor":1},{"not_picked":["Clothesline","Second Wind"],"picked":"Iron Wave","floor":3},{"not_picked":["Infernal Blade","Flex","Sentinel"],"picked":"SKIP","floor":5},{"not_picked":["Evolve","Clothesline"],"picked":"Iron Wave","floor":6},{"not_picked":["Rampage","Power Through"],"picked":"Entrench","floor":7},{"not_picked":["Twin Strike","Thunderclap"],"picked":"Warcry","floor":11},{"not_picked":["Armaments","Sentinel"],"picked":"Flame Barrier","floor":13},{"not_picked":["True Grit","Iron Wave"],"picked":"Shrug It Off","floor":14}],"player_experience":81648,"relics_obtained":[{"floor":7,"key":"Tiny Chest"},{"floor":9,"key":"Mummified Hand"},{"floor":11,"key":"Oddly Smooth Stone"},{"floor":13,"key":"Paper Frog"}],"event_choices":[{"damage_healed":0,"gold_gain":0,"player_choice":"Entered Light","damage_taken":16,"max_hp_gain":0,"max_hp_loss":0,"event_name":"Shining Light","floor":2,"gold_loss":0,"cards_upgraded":["Defend_R","Strike_R"]},{"damage_healed":0,"gold_gain":0,"player_choice":"Gave Potion","damage_taken":0,"relics_obtained":["Old Coin"],"max_hp_gain":0,"max_hp_loss":0,"event_name":"WeMeetAgain","floor":4,"gold_loss":0},{"damage_healed":0,"gold_gain":0,"cards_transformed":["Strike_R"],"player_choice":"Transformed","damage_taken":0,"max_hp_gain":0,"max_hp_loss":0,"event_name":"Transmorgrifier","floor":10,"gold_loss":0,"cards_obtained":["Dropkick"]}],"is_beta":false,"boss_relics":[],"items_purged_floors":[],"is_endless":false,"potions_floor_spawned":[3,7,11,13],"killed_by":"Slime Boss","ascension_level":1}