{"gold_per_floor":[109,125,140,157,112,112,24,52,129,129,140,140,140,154,154,228,228,242,253,253,271,287,287,299,299,299,299],"floor_reached":27,"playtime":1471,"items_purged":[],"score":434,"play_id":"db2ad556-2099-4fdf-9814-b5cc4c1e415e","local_time":"20190110030429","is_ascension_mode":true,"campfire_choices":[{"data":"Noxious Fumes","floor":6.0,"key":"SMITH"},{"data":"Catalyst","floor":10.0,"key":"SMITH"},{"data":"Calculated Gamble","floor":12.0,"key":"SMITH"},{"floor":15.0,"key":"REST"},{"floor":23.0,"key":"REST"},{"data":"Footwork","floor":25,"key":"SMITH"}],"neow_cost":"NONE","seed_source_timestamp":6311371570822600,"circlet_count":0,"master_deck":["AscendersBane","Defend_G","Defend_G","Defend_G","Defend_G","Defend_G","Strike_G","Strike_G","Strike_G","Strike_G","Survivor","Neutralize","Noxious Fumes+1","Dodge and Roll","Outmaneuver","Deadly Poison","Catalyst+1","Poisoned Stab","Calculated Gamble+1","Endless Agony","Malaise","Noxious Fumes","Leg Sweep","RitualDagger","Footwork+1","Crippling Poison","Dash","Shame"],"special_seed":0,"relics":["Ring of the Snake","NeowsBlessing","Tingsha","Shuriken","Cursed Key","Sundial"],"potions_floor_usage":[],"damage_taken":[{"damage":0.0,"enemies":"Cultist","floor":1.0,"turns":1.0},{"damage":0.0,"enemies":"2 Louse","floor":2.0,"turns":1.0},{"damage":0.0,"enemies":"Jaw Worm","floor":3.0,"turns":1.0},{"damage":4.0,"enemies":"3 Louse","floor":4.0,"turns":5.0},{"damage":22.0,"enemies":"3 Sentries","floor":8.0,"turns":7.0},{"damage":20.0,"enemies":"Lots of Slimes","floor":11.0,"turns":5.0},{"damage":19.0,"enemies":"Exordium Thugs","floor":14.0,"turns":5.0},{"damage":4.0,"enemies":"Hexaghost","floor":16.0,"turns":7.0},{"damage":9.0,"enemies":"2 Thieves","floor":18.0,"turns":4.0},{"damage":8.0,"enemies":"Shell Parasite","floor":19.0,"turns":5.0},{"damage":18.0,"enemies":"Shelled Parasite and Fungi","floor":21.0,"turns":6.0},{"damage":14.0,"enemies":"Snake Plant","floor":22.0,"turns":5.0},{"damage":9,"enemies":"Centurion and Healer","floor":24,"turns":6},{"damage":17,"enemies":"Chosen and Byrds","floor":27,"turns":2}],"seed_played":"-3488842552874919278","potions_obtained":[{"floor":2.0,"key":"Regen Potion"},{"floor":4.0,"key":"Ancient Potion"},{"floor":8.0,"key":"Dexterity Potion"},{"floor":14.0,"key":"Swift Potion"},{"floor":16.0,"key":"SpeedPotion"},{"floor":18.0,"key":"PowerPotion"},{"floor":21.0,"key":"LiquidBronze"}],"is_trial":false,"path_per_floor":["M","M","M","M","?","R","$","E","T","R","M","R","?","M","R","B",null,"M","M","?","M","M","R","M","R","T","M"],"character_chosen":"THE_SILENT","items_purchased":["Catalyst"],"campfire_rested":2,"item_purchase_floors":[7],"current_hp_per_floor":[59,59,59,55,55,55,55,48,48,48,28,28,28,9,28,24,56,47,39,33,15,1,20,11,11,11,0],"gold":299,"neow_bonus":"THREE_ENEMY_KILL","is_prod":false,"is_daily":false,"chose_seed":false,"campfire_upgraded":4,"win_rate":0,"timestamp":1547118269,"path_taken":["M","?","M","M","?","R","?","E","T","R","M","R","?","?","R","BOSS","M","M","?","M","M","R","M","R","T","M"],"build_version":"2019-01-09","purchased_purges":0,"victory":false,"max_hp_per_floor":[66,66,66,66,66,66,66,66,66,66,66,66,66,66,66,66,66,66,66,66,66,66,66,66,66,66,66],"card_choices":[{"not_picked":["Cloak And Dagger","Quick Slash"],"picked":"Noxious Fumes","floor":1.0},{"not_picked":["Sucker Punch","Underhanded Strike"],"picked":"Dodge and Roll","floor":2.0},{"not_picked":["Finisher","Quick Slash"],"picked":"Outmaneuver","floor":3.0},{"not_picked":["Masterful Stab","Unload"],"picked":"Deadly Poison","floor":4.0},{"not_picked":["Blur","Underhanded Strike"],"picked":"Poisoned Stab","floor":8.0},{"not_picked":["Dagger Throw","Prepared"],"picked":"Calculated Gamble","floor":11.0},{"not_picked":["Blade Dance","PiercingWail"],"picked":"Endless Agony","floor":14.0},{"not_picked":["Doppelganger","After Image"],"picked":"Malaise","floor":16.0},{"not_picked":["Poisoned Stab","Underhanded Strike"],"picked":"Noxious Fumes","floor":18.0},{"not_picked":["Underhanded Strike","Sucker Punch"],"picked":"Leg Sweep","floor":19.0},{"not_picked":["Slice","Dagger Spray"],"picked":"Footwork","floor":21.0},{"not_picked":["Skewer","Acrobatics"],"picked":"Crippling Poison","floor":22.0},{"not_picked":["Doppelganger","Outmaneuver"],"picked":"Dash","floor":24}],"player_experience":3198893,"relics_obtained":[{"floor":8.0,"key":"Tingsha"},{"floor":9.0,"key":"Shuriken"},{"floor":26,"key":"Sundial"}],"event_choices":[{"damage_healed":0.0,"max_hp_gain":0.0,"max_hp_loss":0.0,"gold_gain":0.0,"event_name":"World of Goop","player_choice":"Left Gold","floor":5.0,"gold_loss":45.0,"damage_taken":0.0},{"cards_removed":["Strike_G"],"damage_healed":0.0,"max_hp_gain":0.0,"max_hp_loss":0.0,"gold_gain":0.0,"event_name":"Purifier","player_choice":"Purged","floor":13.0,"gold_loss":0.0,"damage_taken":0.0},{"damage_healed":0.0,"max_hp_gain":0.0,"max_hp_loss":0.0,"gold_gain":0.0,"event_name":"Nest","player_choice":"Joined the Cult","floor":20.0,"gold_loss":0.0,"damage_taken":6.0,"cards_obtained":["RitualDagger"]}],"is_beta":true,"boss_relics":[{"not_picked":["Orrery","Tiny House"],"picked":"Cursed Key"}],"items_purged_floors":[],"is_endless":false,"potions_floor_spawned":[2,4,8,14,16,18,21],"killed_by":"Chosen and Byrds","ascension_level":20}