{"gold_per_floor":[110,285,285,303,147,147,175,187,187,187,214,214,225,245,245,342,342,355,355,355,75,95,95,114,114,137,137,149,99,126,146,146,146],"floor_reached":33,"playtime":1588,"items_purged":["Doubt"],"score":330,"play_id":"4cd0763b-ff91-4782-9d2d-4205d230a110","local_time":"20190316152006","is_ascension_mode":true,"campfire_choices":[{"data":"Hello World","floor":6,"key":"SMITH"},{"data":"Static Discharge","floor":12,"key":"SMITH"},{"data":"Storm","floor":15,"key":"SMITH"},{"data":"White Noise","floor":23,"key":"SMITH"},{"data":"Capacitor","floor":25,"key":"SMITH"},{"data":"Zap","floor":27,"key":"SMITH"},{"floor":32,"key":"REST"}],"neow_cost":"NONE","seed_source_timestamp":240679432350955,"circlet_count":0,"master_deck":["Strike_B","Strike_B","Strike_B","Strike_B","Defend_B","Defend_B+1","Defend_B","Defend_B","Zap+1","Dualcast","Self Repair","Doom and Gloom","Hello World+1","Static Discharge+1","Melter","Ball Lightning","Double Energy+1","Storm+1","Reboot","White Noise+1","Writhe","Capacitor+1","Force Field","Conserve Battery"],"relics":["Cracked Core","NeowsBlessing","Meat on the Bone","Bottled Tornado","Dream Catcher","Eternal Feather","Sundial","Sling","War Paint","Matryoshka"],"potions_floor_usage":[24,30,31],"damage_taken":[{"damage":0,"enemies":"Small Slimes","floor":1,"turns":1},{"damage":0,"enemies":"Jaw Worm","floor":4,"turns":1},{"damage":0,"enemies":"Lagavulin","floor":7,"turns":1},{"damage":12,"enemies":"2 Louse","floor":8,"turns":2},{"damage":27,"enemies":"3 Sentries","floor":11,"turns":4},{"damage":9,"enemies":"Red Slaver","floor":13,"turns":3},{"damage":16,"enemies":"Blue Slaver","floor":14,"turns":3},{"damage":14,"enemies":"Slime Boss","floor":16,"turns":8},{"damage":20,"enemies":"Shell Parasite","floor":18,"turns":4},{"damage":12,"enemies":"Chosen","floor":22,"turns":3},{"damage":43,"enemies":"Centurion and Healer","floor":24,"turns":5},{"damage":17,"enemies":"Chosen and Byrds","floor":28,"turns":2},{"damage":30,"enemies":"Gremlin Leader","floor":30,"turns":7},{"damage":24,"enemies":"Snake Plant","floor":31,"turns":2},{"damage":62,"enemies":"Champ","floor":33,"turns":9}],"seed_played":"8951096157979159986","potions_obtained":[{"floor":1,"key":"Weak Potion"},{"floor":7,"key":"FearPotion"},{"floor":8,"key":"Block Potion"},{"floor":14,"key":"LiquidBronze"},{"floor":24,"key":"LiquidBronze"}],"is_trial":false,"path_per_floor":["M","?","?","M","$","R","E","M","T","T","E","R","M","M","R","B",null,"M","?","?","$","M","R","M","R","T","R","M","?","E","M","R","B"],"character_chosen":"DEFECT","items_purchased":["Hello World","Sling","Capacitor"],"campfire_rested":1,"item_purchase_floors":[5,21,21],"current_hp_per_floor":[75,75,80,80,80,80,80,68,68,68,48,48,58,49,49,54,80,67,67,52,52,52,64,40,52,52,64,47,47,36,24,61,0],"gold":146,"neow_bonus":"THREE_ENEMY_KILL","is_prod":false,"is_daily":false,"chose_seed":false,"campfire_upgraded":6,"win_rate":0,"timestamp":1552764006,"path_taken":["M","?","?","M","$","R","E","M","T","?","E","R","M","?","R","BOSS","M","?","?","?","M","R","M","R","T","R","M","?","E","?","R","BOSS"],"build_version":"2019-01-23","purchased_purges":1,"victory":false,"max_hp_per_floor":[75,75,80,80,80,80,80,80,80,80,80,80,80,80,80,80,80,80,80,85,85,85,85,85,85,85,85,85,85,85,85,85,85],"card_choices":[{"not_picked":["Double Energy","Barrage"],"picked":"Self Repair","floor":1},{"not_picked":["Chaos","Skim"],"picked":"Doom and Gloom","floor":4},{"not_picked":["Compile Driver","Redo"],"picked":"Static Discharge","floor":7},{"not_picked":["Redo","Turbo"],"picked":"Melter","floor":8},{"not_picked":["Coolheaded","Steam Power"],"picked":"Ball Lightning","floor":11},{"not_picked":["Beam Cell","Blizzard"],"picked":"Double Energy","floor":13},{"not_picked":["Hologram","Gash"],"picked":"Storm","floor":14},{"not_picked":["Core Surge","Seek"],"picked":"Reboot","floor":16},{"not_picked":["Streamline","Coolheaded"],"picked":"White Noise","floor":18},{"not_picked":["Streamline","Gash","Hologram"],"picked":"SKIP","floor":22},{"not_picked":["Stack","Streamline"],"picked":"Force Field","floor":24},{"not_picked":["Beam Cell+1","Cold Snap","Leap"],"picked":"SKIP","floor":28},{"not_picked":["Skim","Barrage","Reinforced Body"],"picked":"SKIP","floor":30},{"not_picked":["Capacitor","Meteor Strike"],"picked":"Conserve Battery","floor":31}],"player_experience":155980,"relics_obtained":[{"floor":7,"key":"Meat on the Bone"},{"floor":9,"key":"Bottled Tornado"},{"floor":11,"key":"Dream Catcher"},{"floor":26,"key":"War Paint"},{"floor":30,"key":"Matryoshka"}],"event_choices":[{"damage_healed":0,"gold_gain":175,"player_choice":"AGREE","damage_taken":0,"max_hp_gain":0,"max_hp_loss":0,"event_name":"Liars Game","floor":2,"gold_loss":0,"cards_obtained":["Doubt"]},{"damage_healed":0,"gold_gain":0,"player_choice":"Donut","damage_taken":0,"max_hp_gain":5,"max_hp_loss":0,"event_name":"Big Fish","floor":3,"gold_loss":0},{"damage_healed":0,"gold_gain":0,"player_choice":"Opened","damage_taken":0,"relics_obtained":["Sundial"],"max_hp_gain":0,"max_hp_loss":0,"event_name":"The Mausoleum","floor":19,"gold_loss":0,"cards_obtained":["Writhe"]},{"damage_healed":0,"gold_gain":0,"player_choice":"Shed Blood","damage_taken":20,"max_hp_gain":5,"max_hp_loss":0,"event_name":"Forgotten Altar","floor":20,"gold_loss":0},{"damage_healed":0,"gold_gain":0,"player_choice":"Bet on Murderer","damage_taken":0,"max_hp_gain":0,"max_hp_loss":0,"event_name":"The Joust","floor":29,"gold_loss":50}],"is_beta":false,"boss_relics":[{"not_picked":["Empty Cage","Calling Bell"],"picked":"Eternal Feather"}],"items_purged_floors":[5],"is_endless":false,"potions_floor_spawned":[1,7,8,14,24],"killed_by":"Champ","ascension_level":2}