{"gold_per_floor":[19,30,30,30,30,30,45,78,124,124,135,135,135,135],"floor_reached":14,"playtime":436,"items_purged":[],"score":101,"play_id":"735a05f1-b1f8-4b72-a06d-cdf7fc19b6df","local_time":"20190310195129","is_ascension_mode":true,"campfire_choices":[{"data":"Armaments","floor":6,"key":"SMITH"},{"floor":10,"key":"REST"},{"data":"Barricade","floor":12,"key":"SMITH"}],"neow_cost":"NO_GOLD","seed_source_timestamp":71250515509017,"circlet_count":0,"master_deck":["Strike_R","Strike_R","Strike_R","Strike_R","Defend_R","Defend_R","Defend_R","Defend_R","Bash","Barricade+1","Armaments+1","Iron Wave"],"relics":["Burning Blood","GremlinMask","Bag of Preparation","Ancient Tea Set","Golden Idol"],"potions_floor_usage":[8],"damage_taken":[{"damage":5,"enemies":"2 Louse","floor":1,"turns":4},{"damage":14,"enemies":"Jaw Worm","floor":2,"turns":3},{"damage":2,"enemies":"Cultist","floor":7,"turns":7},{"damage":42,"enemies":"Lagavulin","floor":8,"turns":11},{"damage":8,"enemies":"3 Louse","floor":11,"turns":5},{"damage":55,"enemies":"Gremlin Nob","floor":14,"turns":6}],"seed_played":"-2849482960492728925","potions_obtained":[{"floor":1,"key":"SkillPotion"},{"floor":2,"key":"Poison Potion"},{"floor":11,"key":"Swift Potion"}],"is_trial":false,"path_per_floor":["M","M","?","$","?","R","M","E","T","R","M","R","?","E"],"character_chosen":"IRONCLAD","items_purchased":[],"campfire_rested":1,"item_purchase_floors":[],"current_hp_per_floor":[80,72,65,65,65,65,69,33,33,57,55,55,55,0],"gold":135,"neow_bonus":"THREE_RARE_CARDS","is_prod":false,"is_daily":false,"chose_seed":false,"campfire_upgraded":2,"win_rate":0,"timestamp":1552261889,"path_taken":["M","M","?","$","?","R","?","E","T","R","M","R","?","E"],"build_version":"2019-01-23","purchased_purges":0,"victory":false,"max_hp_per_floor":[80,80,80,80,80,80,80,80,80,80,80,80,74,74],"card_choices":[{"not_picked":["Immolate","Reaper"],"picked":"Barricade","floor":0},{"not_picked":["Pummel","Anger"],"picked":"Armaments","floor":1},{"not_picked":["Havoc","Pommel Strike","Anger"],"picked":"SKIP","floor":2},{"not_picked":["Warcry","True Grit","Bloodletting"],"picked":"SKIP","floor":7},{"not_picked":["Clothesline","Brutality","Combust"],"picked":"SKIP","floor":8},{"not_picked":["Flex","Clothesline"],"picked":"Iron Wave","floor":11}],"player_experience":122538,"relics_obtained":[{"floor":8,"key":"Bag of Preparation"},{"floor":9,"key":"Ancient Tea Set"}],"event_choices":[{"cards_removed":["Strike_R"],"damage_healed":0,"gold_gain":0,"player_choice":"Card Removal","damage_taken":7,"max_hp_gain":0,"max_hp_loss":0,"event_name":"Golden Wing","floor":3,"gold_loss":0},{"damage_healed":0,"gold_gain":0,"player_choice":"Trade","damage_taken":0,"relics_obtained":["GremlinMask"],"max_hp_gain":0,"max_hp_loss":0,"event_name":"FaceTrader","floor":5,"gold_loss":0},{"damage_healed":0,"gold_gain":0,"player_choice":"Lose Max HP","damage_taken":0,"relics_obtained":["Golden Idol"],"max_hp_gain":0,"max_hp_loss":6,"event_name":"Golden Idol","floor":13,"gold_loss":0}],"is_beta":false,"boss_relics":[],"items_purged_floors":[],"is_endless":false,"potions_floor_spawned":[1,2,11],"killed_by":"Gremlin Nob","ascension_level":3}