{"gold_per_floor":[109,109,133,133,149,149,184,184,184,224,224,258,277,132,132,257,257,282,282,282,307,56,56],"floor_reached":23,"playtime":687,"items_purged":["Regret"],"score":265,"play_id":"bbdc105f-24d8-41d8-adb4-7603183e7f9e","local_time":"20190310172945","is_ascension_mode":true,"campfire_choices":[{"data":"Inflame","floor":6,"key":"SMITH"},{"data":"Combust","floor":8,"key":"SMITH"},{"data":"Flex","floor":11,"key":"SMITH"},{"floor":15,"key":"REST"}],"neow_cost":"NONE","seed_source_timestamp":62494171217581,"circlet_count":0,"master_deck":["Strike_R","Strike_R","Defend_R","Defend_R","Defend_R","Defend_R","Bash","Combust+1","Inflame+1","Flex+1","Demon Form","Armaments","Rupture","Barricade","Searing Blow+1","Shockwave+1","Rampage+1","Iron Wave","Demon Form","Body Slam+1","Apotheosis","Battle Trance"],"relics":["Burning Blood","NeowsBlessing","Golden Idol","Bronze Scales","Potion Belt","Orichalcum","PreservedInsect","Paper Frog","Blood Vial","Astrolabe"],"potions_floor_usage":[21,21,21,21],"damage_taken":[{"damage":0,"enemies":"Small Slimes","floor":1,"turns":1},{"damage":0,"enemies":"Jaw Worm","floor":5,"turns":1},{"damage":0,"enemies":"Lagavulin","floor":7,"turns":1},{"damage":3,"enemies":"Gremlin Nob","floor":10,"turns":3},{"damage":32,"enemies":"Lagavulin","floor":12,"turns":4},{"damage":10,"enemies":"2 Louse","floor":13,"turns":2},{"damage":66,"enemies":"The Guardian","floor":16,"turns":10},{"damage":29,"enemies":"Chosen","floor":18,"turns":7},{"damage":49,"enemies":"Spheric Guardian","floor":21,"turns":7},{"damage":18,"enemies":"Slavers","floor":23,"turns":1}],"seed_played":"-3275084063133927190","potions_obtained":[{"floor":5,"key":"Swift Potion"},{"floor":7,"key":"Weak Potion"},{"floor":10,"key":"Regen Potion"},{"floor":18,"key":"Explosive Potion"}],"is_trial":false,"path_per_floor":["M","?","T","?","M","R","E","R","T","E","R","E","M","$","R","B",null,"M","?","?","M","$","E"],"character_chosen":"IRONCLAD","items_purchased":["Rupture","Apotheosis","Battle Trance"],"campfire_rested":1,"item_purchase_floors":[14,22,22],"current_hp_per_floor":[80,74,74,74,74,74,74,74,74,74,74,48,46,46,68,10,74,51,51,51,10,10,0],"gold":56,"neow_bonus":"THREE_ENEMY_KILL","is_prod":false,"is_daily":false,"chose_seed":false,"campfire_upgraded":3,"win_rate":0,"timestamp":1552253385,"path_taken":["M","?","?","?","M","R","E","R","T","E","R","E","?","?","R","BOSS","M","?","?","?","$","E"],"build_version":"2019-01-23","purchased_purges":1,"victory":false,"max_hp_per_floor":[80,74,74,74,74,74,74,74,74,74,74,74,74,74,74,74,74,74,74,74,74,74,74],"card_choices":[{"not_picked":["Clash","Uppercut"],"picked":"Combust","floor":1},{"not_picked":["Sentinel","Shrug It Off"],"picked":"Inflame","floor":5},{"not_picked":["True Grit","Sword Boomerang","Sever Soul"],"picked":"SKIP","floor":7},{"not_picked":["Bloodletting","Rage"],"picked":"Flex","floor":10},{"not_picked":["Brutality","Cleave"],"picked":"Demon Form","floor":12},{"not_picked":["Clothesline","Havoc"],"picked":"Armaments","floor":13},{"not_picked":["Bludgeon","Feed"],"picked":"Barricade","floor":16},{"not_picked":["Uppercut","Sword Boomerang"],"picked":"Iron Wave","floor":18},{"not_picked":["Iron Wave","Searing Blow"],"picked":"Body Slam+1","floor":21}],"player_experience":116453,"relics_obtained":[{"floor":3,"key":"Bronze Scales"},{"floor":7,"key":"Orichalcum"},{"floor":9,"key":"PreservedInsect"},{"floor":10,"key":"Paper Frog"},{"floor":12,"key":"Blood Vial"}],"event_choices":[{"damage_healed":0,"gold_gain":0,"player_choice":"Lose Max HP","damage_taken":0,"relics_obtained":["Golden Idol"],"max_hp_gain":0,"max_hp_loss":6,"event_name":"Golden Idol","floor":2,"gold_loss":0},{"damage_healed":0,"gold_gain":0,"player_choice":"Box","damage_taken":0,"relics_obtained":["Potion Belt"],"max_hp_gain":0,"max_hp_loss":0,"event_name":"Big Fish","floor":4,"gold_loss":0,"cards_obtained":["Regret"]},{"damage_healed":0,"gold_gain":0,"player_choice":"Ignored","damage_taken":0,"max_hp_gain":0,"max_hp_loss":0,"event_name":"Vampires","floor":19,"gold_loss":0},{"damage_healed":0,"gold_gain":0,"player_choice":"Copied","damage_taken":0,"max_hp_gain":0,"max_hp_loss":0,"event_name":"Duplicator","floor":20,"gold_loss":0,"cards_obtained":["Demon Form"]}],"is_beta":false,"boss_relics":[{"not_picked":["Black Blood","Sozu"],"picked":"Astrolabe"}],"items_purged_floors":[14],"is_endless":false,"potions_floor_spawned":[5,7,10,18],"killed_by":"Slavers","ascension_level":3}