{"gold_per_floor":[109,10,10,10,10,10,29,29,29,49,49,62,62,79,79,79],"floor_reached":16,"playtime":630,"items_purged":["Strike_G"],"score":90,"play_id":"b1397404-70b5-461e-a607-fd60183151cd","local_time":"20180709214124","is_ascension_mode":false,"campfire_choices":[{"data":"Outmaneuver","floor":6,"key":"SMITH"},{"floor":8,"key":"REST"},{"data":"Flying Knee","floor":13,"key":"SMITH"},{"floor":15,"key":"REST"}],"neow_cost":"NONE","seed_source_timestamp":472024666669186,"circlet_count":0,"master_deck":["Defend_G","Defend_G","Defend_G","Defend_G","Defend_G+1","Strike_G","Strike_G","Strike_G","Strike_G","Survivor+1","Neutralize+1","Acrobatics","Outmaneuver+1","Flying Knee+1","Infinite Blades"],"relics":["Ring of the Snake","Dream Catcher","Bird Faced Urn"],"potions_floor_usage":[],"damage_taken":[{"damage":5,"enemies":"Small Slimes","floor":1,"turns":4},{"damage":3,"enemies":"Jaw Worm","floor":7,"turns":4},{"damage":6,"enemies":"2 Louse","floor":10,"turns":3},{"damage":1,"enemies":"Large Slime","floor":12,"turns":9},{"damage":12,"enemies":"3 Louse","floor":14,"turns":4},{"damage":73,"enemies":"The Guardian","floor":16,"turns":12}],"seed_played":"2660142294455020446","potions_obtained":[{"floor":10,"key":"PowerPotion"}],"is_trial":false,"path_per_floor":["M","$","?","?","?","R","M","R","T","M","$","M","R","M","R"],"character_chosen":"THE_SILENT","items_purchased":["Outmaneuver"],"campfire_rested":2,"item_purchase_floors":[2],"current_hp_per_floor":[65,65,51,70,58,58,55,70,70,64,64,63,63,51,70,0],"gold":79,"neow_bonus":"UPGRADE_CARD","is_prod":false,"is_daily":false,"chose_seed":false,"campfire_upgraded":2,"win_rate":0,"timestamp":1531186884,"path_taken":["M","$","?","?","?","R","?","R","T","M","$","M","R","M","R","BOSS"],"build_version":"2018-07-05","purchased_purges":1,"victory":false,"max_hp_per_floor":[70,70,70,70,70,70,70,70,70,70,70,70,70,70,70,70],"card_choices":[{"not_picked":["Poisoned Stab","PiercingWail"],"picked":"Acrobatics","floor":1},{"not_picked":["Catalyst","Terror","Prepared"],"picked":"SKIP","floor":7},{"not_picked":["Backflip","PiercingWail"],"picked":"Flying Knee","floor":8},{"not_picked":["Deadly Poison","Deflect","Dash"],"picked":"SKIP","floor":10},{"not_picked":["Prepared","Catalyst","Masterful Stab"],"picked":"SKIP","floor":12},{"not_picked":["Deflect","Skewer","Acrobatics"],"picked":"SKIP","floor":14},{"not_picked":["Underhanded Strike","Tools of the Trade"],"picked":"Infinite Blades","floor":15}],"player_experience":218467,"relics_obtained":[{"floor":9,"key":"Bird Faced Urn"}],"event_choices":[{"event_name":"Shining Light","player_choice":"Entered Light","floor":3,"damage_taken":0},{"event_name":"Big Fish","player_choice":"Banana","floor":4,"damage_taken":0},{"event_name":"Scrap Ooze","player_choice":"success","floor":5,"damage_taken":12}],"boss_relics":[],"items_purged_floors":[2],"is_endless":false,"potions_floor_spawned":[10],"killed_by":"The Guardian","ascension_level":0}