{"gold_per_floor":[114,125,125,148,148,184,184,204,204,217,217,292,306,337,337,465,465,485,400,400,419,440,478,478,514,539,558,581,604,625,663,663,792,792,808,808,808,908,931,964,982,1026,1026,1026,626,626,649,670,670,670],"floor_reached":51,"playtime":2984,"items_purged":[],"score":1006,"play_id":"9be24074-100d-4094-a22d-cad509722149","local_time":"20190117193302","is_ascension_mode":false,"campfire_choices":[{"data":"Armaments","floor":7,"key":"SMITH"},{"data":"Searing Blow+1","floor":15,"key":"SMITH"},{"data":"Searing Blow+2","floor":24,"key":"SMITH"},{"data":"Searing Blow+3","floor":32,"key":"SMITH"},{"data":"Searing Blow+4","floor":44,"key":"SMITH"},{"data":"Searing Blow+5","floor":49,"key":"SMITH"}],"neow_cost":"","seed_source_timestamp":0,"circlet_count":0,"master_deck":["Shrug It Off+1","Headbutt","Double Tap","Armaments+1","Searing Blow+6"],"relics":["Burning Blood","Golden Idol","Blue Candle","Pantograph","Art of War","Sozu","Singing Bowl","Red Skull","Kunai","Juzu Bracelet","Omamori","Cursed Key","Bag of Marbles","Happy Flower","Bottled Flame","Membership Card","Dream Catcher","Question Card","Prayer Wheel"],"potions_floor_usage":[14,14],"damage_taken":[{"damage":1,"enemies":"Cultist","floor":1,"turns":3},{"damage":0,"enemies":"Small Slimes","floor":2,"turns":3},{"damage":0,"enemies":"2 Louse","floor":4,"turns":2},{"damage":34,"enemies":"Gremlin Nob","floor":6,"turns":4},{"damage":8,"enemies":"Gremlin Gang","floor":8,"turns":4},{"damage":2,"enemies":"Blue Slaver","floor":10,"turns":4},{"damage":4,"enemies":"2 Fungi Beasts","floor":13,"turns":3},{"damage":13,"enemies":"Lagavulin","floor":14,"turns":4},{"damage":0,"enemies":"Slime Boss","floor":16,"turns":5},{"damage":0,"enemies":"3 Byrds","floor":18,"turns":4},{"damage":0,"enemies":"2 Thieves","floor":21,"turns":3},{"damage":5,"enemies":"Chosen and Byrds","floor":22,"turns":3},{"damage":30,"enemies":"Book of Stabbing","floor":23,"turns":4},{"damage":16,"enemies":"Slavers","floor":25,"turns":4},{"damage":5,"enemies":"Sentry and Sphere","floor":27,"turns":3},{"damage":5,"enemies":"Cultist and Chosen","floor":28,"turns":3},{"damage":3,"enemies":"Centurion and Healer","floor":29,"turns":3},{"damage":0,"enemies":"Snecko","floor":30,"turns":3},{"damage":20,"enemies":"Book of Stabbing","floor":31,"turns":4},{"damage":29,"enemies":"Collector","floor":33,"turns":4},{"damage":0,"enemies":"3 Darklings","floor":35,"turns":4},{"damage":0,"enemies":"Orb Walker","floor":39,"turns":1},{"damage":13,"enemies":"Reptomancer","floor":40,"turns":2},{"damage":0,"enemies":"Transient","floor":41,"turns":5},{"damage":0,"enemies":"Nemesis","floor":42,"turns":3},{"damage":8,"enemies":"Maw","floor":47,"turns":3},{"damage":7,"enemies":"Jaw Worm Horde","floor":48,"turns":3},{"damage":20,"enemies":"Donu and Deca","floor":50,"turns":4}],"seed_played":"168523938155728072","potions_obtained":[{"floor":2,"key":"SkillPotion"},{"floor":8,"key":"PowerPotion"},{"floor":13,"key":"Swift Potion"},{"floor":14,"key":"Swift Potion"},{"floor":16,"key":"SpeedPotion"}],"is_trial":true,"path_per_floor":["M","M","?","M","?","E","R","M","T","M","?","?","M","E","R","B",null,"M","?","?","M","M","E","R","E","T","M","M","M","M","E","R","B",null,"M","?","?","?","M","E","M","E","T","R","$","T","M","M","R","B",null],"character_chosen":"IRONCLAD","items_purchased":["Membership Card","Dream Catcher","Question Card"],"campfire_rested":0,"item_purchase_floors":[45,45,45],"current_hp_per_floor":[80,80,60,66,66,38,38,36,36,40,24,13,15,8,8,39,80,80,80,80,82,84,62,62,54,54,57,60,65,73,61,61,65,100,102,102,102,102,104,99,107,110,110,110,110,110,112,115,115,104],"gold":670,"neow_bonus":"","is_prod":false,"is_daily":false,"chose_seed":false,"campfire_upgraded":6,"win_rate":0,"timestamp":1547749982,"path_taken":["M","?","?","M","?","E","R","?","T","M","?","?","M","E","R","BOSS","M","?","?","M","M","E","R","E","T","M","M","M","M","E","R","BOSS","M","?","?","?","M","E","M","E","T","R","$","?","M","M","R","BOSS"],"build_version":"2019-01-10","purchased_purges":0,"victory":true,"max_hp_per_floor":[80,80,80,80,80,80,80,80,80,80,80,80,80,80,80,80,80,80,80,80,82,84,86,86,88,88,90,92,94,96,98,98,100,100,102,102,102,102,104,106,108,110,110,110,110,110,114,118,118,118],"card_choices":[{"not_picked":["Headbutt","Bloodletting","Twin Strike"],"picked":"SKIP","floor":1},{"not_picked":["Shrug It Off","Spot Weakness","Metallicize"],"picked":"SKIP","floor":2},{"not_picked":["Clash","Twin Strike","Burning Pact"],"picked":"SKIP","floor":4},{"not_picked":["Feel No Pain","Warcry","Perfected Strike"],"picked":"SKIP","floor":6},{"not_picked":["Body Slam","Thunderclap","Warcry"],"picked":"SKIP","floor":8},{"not_picked":["Clash","Metallicize","Shrug It Off"],"picked":"SKIP","floor":10},{"not_picked":["Fire Breathing","Cleave","Burning Pact"],"picked":"SKIP","floor":13},{"not_picked":["Power Through","Perfected Strike","Feel No Pain"],"picked":"SKIP","floor":14},{"not_picked":["Wild Strike+1","True Grit","Sentinel"],"picked":"SKIP","floor":18},{"not_picked":["Evolve+1","Feel No Pain","Perfected Strike+1"],"picked":"Singing Bowl","floor":21},{"not_picked":["Heavy Blade","Cleave","Whirlwind"],"picked":"SKIP","floor":22},{"not_picked":["Heavy Blade","Cleave","Whirlwind"],"picked":"Singing Bowl","floor":22},{"not_picked":["Warcry","Iron Wave","Whirlwind"],"picked":"Singing Bowl","floor":23},{"not_picked":["Entrench","Burning Pact","Hemokinesis"],"picked":"SKIP","floor":25},{"not_picked":["Entrench","Burning Pact","Hemokinesis"],"picked":"Singing Bowl","floor":25},{"not_picked":["Wild Strike+1","Shrug It Off","Dual Wield+1"],"picked":"Singing Bowl","floor":27},{"not_picked":["Perfected Strike+1","Heavy Blade","Berserk"],"picked":"Singing Bowl","floor":28},{"not_picked":["Perfected Strike","Cleave+1","Havoc+1"],"picked":"Singing Bowl","floor":29},{"not_picked":["Whirlwind+1","Havoc","Body Slam"],"picked":"Singing Bowl","floor":30},{"not_picked":["Infernal Blade","Perfected Strike","Dual Wield"],"picked":"Singing Bowl","floor":31},{"not_picked":["Fiend Fire","Bludgeon","Immolate"],"picked":"Singing Bowl","floor":33},{"not_picked":["Shrug It Off","Cleave","Perfected Strike"],"picked":"Singing Bowl","floor":35},{"not_picked":["Shrug It Off+1","Cleave+1","Havoc"],"picked":"Singing Bowl","floor":39},{"not_picked":["Havoc","Pummel","Clash+1"],"picked":"Singing Bowl","floor":40},{"not_picked":["Metallicize","Battle Trance","Dual Wield"],"picked":"Singing Bowl","floor":41},{"not_picked":["Rupture+1","Dropkick+1","Power Through"],"picked":"Singing Bowl","floor":42},{"not_picked":["Body Slam","Hemokinesis","Iron Wave","Headbutt+1"],"picked":"Singing Bowl","floor":47},{"not_picked":["Corruption","Cleave","Sword Boomerang+1","Second Wind+1"],"picked":"Singing Bowl","floor":47},{"not_picked":["Second Wind","Shrug It Off","Uppercut+1","Warcry"],"picked":"Singing Bowl","floor":48},{"not_picked":["Bludgeon","Searing Blow","True Grit","Body Slam+1"],"picked":"Singing Bowl","floor":48}],"player_experience":5025,"relics_obtained":[{"floor":6,"key":"Blue Candle"},{"floor":9,"key":"Pantograph"},{"floor":14,"key":"Art of War"},{"floor":23,"key":"Red Skull"},{"floor":25,"key":"Kunai"},{"floor":26,"key":"Juzu Bracelet"},{"floor":31,"key":"Omamori"},{"floor":40,"key":"Bag of Marbles"},{"floor":42,"key":"Happy Flower"},{"floor":43,"key":"Bottled Flame"},{"floor":46,"key":"Prayer Wheel"}],"event_choices":[{"damage_healed":0,"gold_gain":0,"player_choice":"Take Damage","damage_taken":20,"relics_obtained":["Golden Idol"],"max_hp_gain":0,"max_hp_loss":0,"event_name":"Golden Idol","floor":3,"gold_loss":0},{"damage_healed":0,"gold_gain":0,"player_choice":"Bought 0 Potions","damage_taken":0,"max_hp_gain":0,"max_hp_loss":0,"event_name":"The Woman in Blue","floor":5,"gold_loss":0},{"damage_healed":0,"gold_gain":0,"player_choice":"Entered Light","damage_taken":16,"max_hp_gain":0,"max_hp_loss":0,"event_name":"Shining Light","floor":11,"gold_loss":0,"cards_upgraded":["Shrug It Off","Searing Blow"]},{"damage_healed":0,"gold_gain":75,"player_choice":"Gather Gold","damage_taken":11,"max_hp_gain":0,"max_hp_loss":0,"event_name":"World of Goop","floor":12,"gold_loss":0},{"damage_healed":0,"gold_gain":0,"player_choice":"Obtained Relic","damage_taken":0,"relics_obtained":["Singing Bowl"],"max_hp_gain":0,"max_hp_loss":0,"event_name":"Addict","floor":19,"gold_loss":85},{"damage_healed":0,"gold_gain":0,"player_choice":"Ignored","damage_taken":0,"max_hp_gain":0,"max_hp_loss":0,"event_name":"Vampires","floor":20,"gold_loss":0},{"cards_removed":["Armaments"],"damage_healed":0,"gold_gain":0,"player_choice":"Removed Skill","damage_taken":0,"max_hp_gain":0,"max_hp_loss":0,"event_name":"Falling","floor":36,"gold_loss":0},{"damage_healed":0,"gold_gain":0,"player_choice":"Ignored","damage_taken":0,"max_hp_gain":0,"max_hp_loss":0,"event_name":"SecretPortal","floor":37,"gold_loss":0},{"damage_healed":0,"gold_gain":100,"player_choice":"Pray","damage_taken":0,"max_hp_gain":0,"max_hp_loss":0,"event_name":"Golden Shrine","floor":38,"gold_loss":0}],"is_beta":false,"boss_relics":[{"not_picked":["Black Star","Runic Pyramid"],"picked":"Sozu"},{"not_picked":["Black Blood","Pandora\u0027s Box"],"picked":"Cursed Key"}],"items_purged_floors":[],"is_endless":false,"potions_floor_spawned":[2,8,13,14,16,18,21,30,31,33,35,40,42,47],"ascension_level":0}