{"gold_per_floor":[113,129,149,168,168,207,207,223,223,223,237,263,263,303,303,392,392,415,0,0,0,0,51,51,51],"floor_reached":25,"playtime":1288,"items_purged":["Regret"],"score":378,"play_id":"7b657b69-0ee1-4436-abc9-f28fe1a52813","local_time":"20181224231641","is_ascension_mode":true,"campfire_choices":[{"floor":7,"key":"REST"},{"data":"Madness","floor":10,"key":"SMITH"},{"floor":13,"key":"REST"},{"floor":15,"key":"REST"},{"floor":24,"key":"REST"}],"neow_cost":"NONE","seed_source_timestamp":42420154298326,"circlet_count":0,"master_deck":["AscendersBane","Strike_R","Strike_R","Strike_R","Strike_R","Strike_R","Defend_R","Defend_R","Defend_R","Defend_R","Bash","Madness+1","Clothesline","Metallicize","Rampage","Shockwave","Infernal Blade","Headbutt","Perfected Strike","Double Tap+1","Immolate","Armaments+1","HandOfGreed","Uppercut","Writhe","True Grit+1"],"relics":["Burning Blood","Bloody Idol","Omamori","Toxic Egg 2","Red Skull","Self Forming Clay","Calling Bell","Art of War","Question Card","Bird Faced Urn","Enchiridion","Happy Flower","Singing Bowl"],"potions_floor_usage":[6,6,8,18,23,23],"damage_taken":[{"damage":3,"enemies":"Jaw Worm","floor":1,"turns":5},{"damage":0,"enemies":"2 Louse","floor":2,"turns":2},{"damage":12,"enemies":"Small Slimes","floor":3,"turns":3},{"damage":9,"enemies":"Looter","floor":4,"turns":4},{"damage":30,"enemies":"Lagavulin","floor":6,"turns":8},{"damage":10,"enemies":"Gremlin Gang","floor":8,"turns":3},{"damage":17,"enemies":"3 Louse","floor":11,"turns":3},{"damage":18,"enemies":"Gremlin Nob","floor":14,"turns":4},{"damage":52,"enemies":"Hexaghost","floor":16,"turns":10},{"damage":32,"enemies":"Shell Parasite","floor":18,"turns":5},{"damage":26,"enemies":"Book of Stabbing","floor":23,"turns":4},{"damage":61,"enemies":"Gremlin Leader","floor":25,"turns":8}],"seed_played":"-692642217747974004","potions_obtained":[{"floor":1,"key":"AttackPotion"},{"floor":3,"key":"SteroidPotion"},{"floor":6,"key":"Explosive Potion"},{"floor":16,"key":"Strength Potion"},{"floor":18,"key":"PowerPotion"}],"is_trial":false,"path_per_floor":["M","M","M","M","?","E","R","M","T","R","M","T","R","E","R","B",null,"M","$","?","?","?","E","R","E"],"character_chosen":"IRONCLAD","items_purchased":["HandOfGreed","Regen Potion","Uppercut"],"campfire_rested":4,"item_purchase_floors":[19,19,19],"current_hp_per_floor":[75,80,74,71,51,27,51,47,47,47,36,36,60,48,72,26,67,41,41,25,25,25,31,55,0],"gold":51,"neow_bonus":"RANDOM_COLORLESS","is_prod":false,"is_daily":false,"chose_seed":false,"campfire_upgraded":1,"win_rate":0,"timestamp":1545722201,"path_taken":["M","M","M","M","?","E","R","M","T","R","M","?","R","E","R","BOSS","M","$","?","?","?","E","R","E"],"build_version":"2018-12-20","purchased_purges":1,"victory":false,"max_hp_per_floor":[80,80,80,80,80,80,80,80,80,80,80,80,80,80,80,80,80,80,80,80,80,80,80,80,80],"card_choices":[{"not_picked":["Sword Boomerang","Inflame"],"picked":"Clothesline","floor":1},{"not_picked":["Entrench","True Grit"],"picked":"Metallicize","floor":2},{"not_picked":["Infernal Blade","Metallicize"],"picked":"Rampage","floor":3},{"not_picked":["Searing Blow","Heavy Blade"],"picked":"Shockwave","floor":4},{"not_picked":["True Grit","Thunderclap"],"picked":"Infernal Blade","floor":6},{"not_picked":["Shockwave","Clash"],"picked":"Headbutt","floor":8},{"not_picked":["Thunderclap","Havoc+1"],"picked":"Perfected Strike","floor":11},{"not_picked":["Evolve","Battle Trance+1"],"picked":"Double Tap+1","floor":14},{"not_picked":["Double Tap+1","Feed"],"picked":"Immolate","floor":16},{"not_picked":["Iron Wave","Evolve","Clash+1"],"picked":"Armaments+1","floor":18},{"not_picked":["Blood for Blood","Shrug It Off+1","Exhume+1"],"picked":"True Grit+1","floor":23}],"player_experience":439379,"relics_obtained":[{"floor":6,"key":"Omamori"},{"floor":9,"key":"Toxic Egg 2"},{"floor":12,"key":"Red Skull"},{"floor":14,"key":"Self Forming Clay"},{"floor":17,"key":"Art of War"},{"floor":17,"key":"Question Card"},{"floor":17,"key":"Bird Faced Urn"},{"floor":20,"key":"Enchiridion"},{"floor":23,"key":"Singing Bowl"}],"event_choices":[{"damage_healed":0,"gold_gain":0,"player_choice":"Take Damage","damage_taken":20,"relics_obtained":["Golden Idol"],"max_hp_gain":0,"max_hp_loss":0,"event_name":"Golden Idol","floor":5,"gold_loss":0},{"damage_healed":0,"gold_gain":0,"player_choice":"Obtained Book","damage_taken":16,"max_hp_gain":0,"max_hp_loss":0,"event_name":"Cursed Tome","floor":20,"gold_loss":0},{"damage_healed":0,"gold_gain":0,"player_choice":"Gave Idol","damage_taken":0,"relics_obtained":["Bloody Idol"],"max_hp_gain":0,"max_hp_loss":0,"event_name":"Forgotten Altar","floor":21,"relics_lost":["Golden Idol"],"gold_loss":0},{"damage_healed":0,"gold_gain":0,"player_choice":"Opened","damage_taken":0,"relics_obtained":["Happy Flower"],"max_hp_gain":0,"max_hp_loss":0,"event_name":"The Mausoleum","floor":22,"gold_loss":0,"cards_obtained":["Writhe"]}],"is_beta":false,"boss_relics":[{"not_picked":["Tiny House","Runic Pyramid"],"picked":"Calling Bell"}],"items_purged_floors":[19],"is_endless":false,"potions_floor_spawned":[1,3,6,16,18],"killed_by":"Gremlin Leader","ascension_level":13}