{"gold_per_floor":[118,118,134,152,112,146,146,27,53,53,66,78,78,38,38,38],"floor_reached":16,"playtime":685,"items_purged":["Strike_B"],"score":200,"play_id":"1595da4e-91e7-40b8-8902-0328b3324cb8","local_time":"20190417222551","is_ascension_mode":true,"campfire_choices":[{"floor":7,"key":"REST"},{"floor":10,"key":"REST"},{"floor":13,"key":"REST"},{"data":"Coolheaded","floor":15,"key":"SMITH"}],"neow_cost":"NONE","seed_source_timestamp":523924663988459,"circlet_count":0,"master_deck":["AscendersBane","Strike_B","Strike_B","Defend_B","Defend_B","Defend_B","Defend_B","Zap","Dualcast","White Noise","Amplify","Coolheaded+1","Leap","Loop","Core Surge","Genetic Algorithm","Coolheaded","Gash"],"relics":["Cracked Core","Pen Nib","Vajra","Dream Catcher"],"potions_floor_usage":[6,6],"damage_taken":[{"damage":7,"enemies":"Jaw Worm","floor":1,"turns":3},{"damage":0,"enemies":"Cultist","floor":3,"turns":3},{"damage":12,"enemies":"Small Slimes","floor":4,"turns":4},{"damage":0,"enemies":"Looter","floor":5,"turns":4},{"damage":34,"enemies":"Gremlin Nob","floor":6,"turns":4},{"damage":21,"enemies":"Lots of Slimes","floor":11,"turns":7},{"damage":12,"enemies":"Blue Slaver","floor":12,"turns":6},{"damage":0,"enemies":"Looter","floor":14,"turns":4},{"damage":51,"enemies":"The Guardian","floor":16,"turns":8}],"seed_played":"3939047104769951417","potions_obtained":[{"floor":1,"key":"Energy Potion"},{"floor":3,"key":"Poison Potion"},{"floor":4,"key":"FocusPotion"},{"floor":11,"key":"Ancient Potion"},{"floor":12,"key":"GamblersBrew"}],"is_trial":false,"path_per_floor":["M","?","M","M","M","E","R","$","T","R","M","M","R","M","R","B"],"character_chosen":"DEFECT","items_purchased":["Genetic Algorithm"],"campfire_rested":3,"item_purchase_floors":[8],"current_hp_per_floor":[57,57,57,45,45,11,32,32,32,53,32,20,41,41,41,0],"gold":38,"neow_bonus":"RANDOM_COMMON_RELIC","is_prod":false,"is_daily":false,"chose_seed":false,"campfire_upgraded":1,"win_rate":0,"timestamp":1555507551,"path_taken":["M","?","M","M","?","E","R","$","T","R","M","M","R","M","R","BOSS"],"build_version":"2019-01-23","purchased_purges":1,"victory":false,"max_hp_per_floor":[71,71,71,71,71,71,71,71,71,71,71,71,71,71,71,71],"card_choices":[{"not_picked":["Force Field","Rebound"],"picked":"White Noise","floor":1},{"not_picked":["Aggregate","Stack"],"picked":"Coolheaded","floor":3},{"not_picked":["Rainbow","Sunder"],"picked":"Leap","floor":4},{"not_picked":["Sunder","Sweeping Beam"],"picked":"Loop","floor":5},{"not_picked":["Darkness","Rebound"],"picked":"Core Surge","floor":6},{"not_picked":["Blizzard","Rebound"],"picked":"Coolheaded","floor":10},{"not_picked":["Rebound","Redo","Streamline"],"picked":"SKIP","floor":11},{"not_picked":["Scrape","Steam","Fusion"],"picked":"SKIP","floor":12},{"not_picked":["Compile Driver","Lockon"],"picked":"Gash","floor":14}],"player_experience":614427,"relics_obtained":[{"floor":6,"key":"Vajra"},{"floor":9,"key":"Dream Catcher"}],"event_choices":[{"damage_healed":0,"gold_gain":0,"cards_transformed":["Strike_B"],"player_choice":"Transformed","damage_taken":0,"max_hp_gain":0,"max_hp_loss":0,"event_name":"Transmorgrifier","floor":2,"gold_loss":0,"cards_obtained":["Amplify"]}],"is_beta":false,"boss_relics":[],"items_purged_floors":[8],"is_endless":false,"potions_floor_spawned":[1,3,4,11,12],"killed_by":"The Guardian","ascension_level":20}