{"gold_per_floor":[109,129,140,140,150,185,185,200,280,297,297,308,258,105,105,200,200,212,225,245,245,260,260,260,260,260,277,277,328,328,344,344,447,447,461,461,474,474,486,486,501,512,585,600,612,623,643,643],"floor_reached":48,"playtime":2197,"items_purged":["Strike_B"],"score":444,"play_id":"3a83398b-8c18-4344-97b2-92de95f9ca52","local_time":"20190212010702","is_ascension_mode":false,"campfire_choices":[{"floor":7,"key":"REST"},{"floor":15,"key":"REST"},{"data":"Conserve Battery","floor":23,"key":"SMITH"},{"floor":25,"key":"REST"},{"data":"Ball Lightning","floor":30,"key":"SMITH"},{"floor":32,"key":"REST"},{"floor":40,"key":"REST"}],"neow_cost":"NONE","seed_source_timestamp":144552102183534,"circlet_count":0,"master_deck":["Strike_B","Defend_B","Defend_B+1","Defend_B","Zap+1","Dualcast","BootSequence","Ball Lightning+1","Hologram","Self Repair","Ball Lightning+1","Conserve Battery+1","BootSequence","Reboot","Lockon","Gash","Ball Lightning+1","Echo Form","Gash","Gash","Scrape+1","Parasite"],"relics":["Cracked Core","Centennial Puzzle","Pantograph","Runic Pyramid","Enchiridion","Letter Opener","Dream Catcher","Sozu","Mummified Hand"],"potions_floor_usage":[16,19,33,33,33,46,46,48],"damage_taken":[{"damage":2,"enemies":"Small Slimes","floor":1,"turns":3},{"damage":0,"enemies":"Cultist","floor":2,"turns":4},{"damage":9,"enemies":"Jaw Worm","floor":3,"turns":4},{"damage":10,"enemies":"Large Slime","floor":5,"turns":4},{"damage":34,"enemies":"Gremlin Nob","floor":6,"turns":5},{"damage":5,"enemies":"Looter","floor":8,"turns":3},{"damage":9,"enemies":"2 Fungi Beasts","floor":10,"turns":3},{"damage":2,"enemies":"3 Louse","floor":12,"turns":2},{"damage":43,"enemies":"The Guardian","floor":16,"turns":10},{"damage":15,"enemies":"Spheric Guardian","floor":18,"turns":4},{"damage":10,"enemies":"3 Byrds","floor":19,"turns":3},{"damage":5,"enemies":"Snecko","floor":20,"turns":4},{"damage":1,"enemies":"Centurion and Healer","floor":22,"turns":4},{"damage":14,"enemies":"Snake Plant","floor":27,"turns":4},{"damage":10,"enemies":"Colosseum Slavers","floor":28,"turns":3},{"damage":0,"enemies":"Sentry and Sphere","floor":31,"turns":3},{"damage":79,"enemies":"Collector","floor":33,"turns":9},{"damage":5,"enemies":"Orb Walker","floor":35,"turns":3},{"damage":15,"enemies":"3 Shapes","floor":37,"turns":3},{"damage":22,"enemies":"Maw","floor":39,"turns":6},{"damage":20,"enemies":"Spire Growth","floor":41,"turns":5},{"damage":0,"enemies":"Transient","floor":42,"turns":5},{"damage":15,"enemies":"Sphere and 2 Shapes","floor":44,"turns":4},{"damage":18,"enemies":"Maw","floor":45,"turns":6},{"damage":34,"enemies":"Jaw Worm Horde","floor":46,"turns":4},{"damage":20,"enemies":"Writhing Mass","floor":47,"turns":5},{"damage":14,"enemies":"3 Darklings","floor":48,"turns":3}],"seed_played":"6158791220369664663","potions_obtained":[{"floor":3,"key":"Explosive Potion"},{"floor":5,"key":"PowerPotion"},{"floor":6,"key":"LiquidBronze"},{"floor":18,"key":"EssenceOfSteel"},{"floor":22,"key":"SpeedPotion"},{"floor":27,"key":"EntropicBrew"}],"is_trial":false,"path_per_floor":["M","M","M","?","M","E","R","M","T","M","?","M","?","$","R","B",null,"M","M","M","?","M","R","?","R","T","M","?","T","R","M","R","B",null,"M","?","M","?","M","R","M","M","T","M","M","M","M","M"],"character_chosen":"DEFECT","items_purchased":["BootSequence"],"campfire_rested":5,"item_purchase_floors":[14],"current_hp_per_floor":[73,73,64,64,54,20,42,44,44,42,27,32,32,32,54,39,75,67,64,66,50,56,56,42,66,66,52,49,49,49,49,73,8,80,80,80,65,65,50,74,61,68,68,60,49,22,9,0],"gold":643,"neow_bonus":"REMOVE_CARD","is_prod":false,"is_daily":false,"chose_seed":false,"campfire_upgraded":2,"win_rate":0,"timestamp":1549951622,"path_taken":["M","M","M","?","M","E","R","M","T","?","?","M","?","$","R","BOSS","M","M","M","?","M","R","?","R","T","M","?","?","R","M","R","BOSS","M","?","?","?","M","R","M","M","T","M","?","M","M","M"],"build_version":"2019-01-23","purchased_purges":1,"victory":false,"max_hp_per_floor":[75,75,75,75,75,75,75,75,75,75,75,75,75,75,75,75,75,75,75,75,75,75,75,80,80,80,80,80,80,80,80,80,80,80,80,80,80,80,80,80,80,80,80,80,80,80,80,80],"card_choices":[{"not_picked":["Cold Snap","Reinforced Body"],"picked":"BootSequence","floor":1},{"not_picked":["Ball Lightning","Beam Cell","Thunder Strike"],"picked":"SKIP","floor":2},{"not_picked":["Cold Snap","Double Energy"],"picked":"Ball Lightning","floor":3},{"not_picked":["Buffer","Coolheaded"],"picked":"Hologram","floor":5},{"not_picked":["Compile Driver","Redo"],"picked":"Self Repair","floor":6},{"not_picked":["Stack","Reprogram"],"picked":"Ball Lightning","floor":8},{"not_picked":["Reinforced Body","Sweeping Beam","Rebound"],"picked":"SKIP","floor":10},{"not_picked":["Go for the Eyes","Scrape"],"picked":"Conserve Battery","floor":12},{"not_picked":["Amplify","Rainbow"],"picked":"Reboot","floor":16},{"not_picked":["Stack","Streamline"],"picked":"Lockon","floor":18},{"not_picked":["Go for the Eyes","Beam Cell"],"picked":"Gash","floor":19},{"not_picked":["FTL+1","Sweeping Beam+1"],"picked":"Ball Lightning+1","floor":20},{"not_picked":["Reinforced Body","Sweeping Beam+1","Fission"],"picked":"SKIP","floor":22},{"not_picked":["Sweeping Beam+1","Hologram","Turbo+1"],"picked":"SKIP","floor":27},{"not_picked":["Chill","Consume","Hello World+1"],"picked":"SKIP","floor":31},{"not_picked":["Hologram+1","Beam Cell+1","Stack+1"],"picked":"SKIP","floor":35},{"not_picked":["Ball Lightning+1","Rip and Tear+1","Genetic Algorithm"],"picked":"SKIP","floor":37},{"not_picked":["Double Energy","Compile Driver+1","Reinforced Body"],"picked":"SKIP","floor":39},{"not_picked":["Beam Cell+1","Cold Snap","Sweeping Beam+1"],"picked":"SKIP","floor":41},{"not_picked":["Chill+1","Stack+1"],"picked":"Echo Form","floor":42},{"not_picked":["Redo","Compile Driver+1"],"picked":"Gash","floor":44},{"not_picked":["Compile Driver","Melter+1"],"picked":"Gash","floor":45},{"not_picked":["Force Field+1","Aggregate+1"],"picked":"Scrape+1","floor":46},{"not_picked":["Steam+1","Turbo+1","Compile Driver+1"],"picked":"SKIP","floor":47}],"player_experience":391771,"relics_obtained":[{"floor":6,"key":"Centennial Puzzle"},{"floor":9,"key":"Pantograph"},{"floor":21,"key":"Enchiridion"},{"floor":26,"key":"Letter Opener"},{"floor":29,"key":"Dream Catcher"},{"floor":43,"key":"Mummified Hand"}],"event_choices":[{"cards_removed":["Strike_B"],"damage_healed":0,"gold_gain":0,"player_choice":"Purged","damage_taken":0,"max_hp_gain":0,"max_hp_loss":0,"event_name":"Purifier","floor":4,"gold_loss":0},{"damage_healed":0,"gold_gain":0,"player_choice":"Entered Light","damage_taken":15,"max_hp_gain":0,"max_hp_loss":0,"event_name":"Shining Light","floor":11,"gold_loss":0,"cards_upgraded":["Defend_B","Zap"]},{"cards_removed":["Defend_B"],"damage_healed":0,"gold_gain":0,"player_choice":"Card Removal","damage_taken":0,"max_hp_gain":0,"max_hp_loss":0,"event_name":"The Cleric","floor":13,"gold_loss":50},{"damage_healed":0,"gold_gain":0,"player_choice":"Obtained Book","damage_taken":16,"max_hp_gain":0,"max_hp_loss":0,"event_name":"Cursed Tome","floor":21,"gold_loss":0},{"damage_healed":0,"gold_gain":0,"player_choice":"Shed Blood","damage_taken":19,"max_hp_gain":5,"max_hp_loss":0,"event_name":"Forgotten Altar","floor":24,"gold_loss":0},{"damage_healed":0,"gold_gain":0,"player_choice":"Fight","damage_taken":0,"max_hp_gain":0,"max_hp_loss":0,"event_name":"Colosseum","floor":28,"gold_loss":0},{"damage_healed":0,"gold_gain":0,"player_choice":"Fled From Nobs","damage_taken":0,"max_hp_gain":0,"max_hp_loss":0,"event_name":"Colosseum","floor":28,"gold_loss":0},{"damage_healed":0,"gold_gain":0,"player_choice":"Upgraded","damage_taken":0,"max_hp_gain":0,"max_hp_loss":0,"event_name":"Upgrade Shrine","floor":36,"gold_loss":0,"cards_upgraded":["Ball Lightning"]},{"damage_healed":0,"gold_gain":0,"player_choice":"Bought 0 Potions","damage_taken":0,"max_hp_gain":0,"max_hp_loss":0,"event_name":"The Woman in Blue","floor":38,"gold_loss":0}],"is_beta":false,"boss_relics":[{"not_picked":["Lizard Tail","White Beast Statue"],"picked":"Runic Pyramid"},{"not_picked":["Snecko Eye","Eternal Feather"],"picked":"Sozu"}],"items_purged_floors":[14],"is_endless":false,"potions_floor_spawned":[3,5,6,8,18,22,27,28,31,41,42,44,47],"killed_by":"3 Darklings","ascension_level":0}