{"gold_per_floor":[116,116,191,191,206,206,239,239,296,324,324,349,349,368,368,368],"floor_reached":16,"playtime":657,"items_purged":[],"score":268,"play_id":"cfdc96c7-8fdf-4516-a6a4-97f21453db8a","local_time":"20190325220257","is_ascension_mode":true,"campfire_choices":[{"data":"Bash","floor":6,"key":"SMITH"},{"data":"Shrug It Off","floor":11,"key":"SMITH"},{"floor":13,"key":"REST"},{"data":"Offering","floor":15,"key":"SMITH"}],"neow_cost":"NONE","seed_source_timestamp":105820740798190,"circlet_count":0,"master_deck":["AscendersBane","Strike_R","Strike_R+1","Strike_R","Strike_R","Strike_R+1","Defend_R","Defend_R","Defend_R","Defend_R","Bash+1","Shrug It Off+1","Twin Strike","Reaper","Perfected Strike","Offering+1","Headbutt"],"relics":["Burning Blood","NeowsBlessing","Whetstone","Gremlin Horn","Tiny Chest","Strawberry","PreservedInsect"],"potions_floor_usage":[10,12,16],"damage_taken":[{"damage":0,"enemies":"Jaw Worm","floor":1,"turns":1},{"damage":0,"enemies":"2 Louse","floor":5,"turns":1},{"damage":0,"enemies":"3 Sentries","floor":7,"turns":2},{"damage":47,"enemies":"Gremlin Nob","floor":10,"turns":5},{"damage":45,"enemies":"Lagavulin","floor":12,"turns":8},{"damage":7,"enemies":"Small Slimes","floor":14,"turns":3},{"damage":55,"enemies":"Slime Boss","floor":16,"turns":8}],"seed_played":"-5275917667476760237","potions_obtained":[{"floor":5,"key":"SpeedPotion"},{"floor":7,"key":"EssenceOfSteel"},{"floor":14,"key":"GamblersBrew"}],"is_trial":false,"path_per_floor":["M","?","?","?","M","R","E","?","T","E","R","E","R","M","R","B"],"character_chosen":"IRONCLAD","items_purchased":[],"campfire_rested":1,"item_purchase_floors":[],"current_hp_per_floor":[74,74,63,63,69,69,75,75,75,47,47,14,38,37,37,0],"gold":368,"neow_bonus":"THREE_ENEMY_KILL","is_prod":false,"is_daily":false,"chose_seed":false,"campfire_upgraded":3,"win_rate":0,"timestamp":1553576577,"path_taken":["M","?","?","?","M","R","E","?","T","E","R","E","R","M","R","BOSS"],"build_version":"2019-01-23","purchased_purges":0,"victory":false,"max_hp_per_floor":[75,75,75,75,75,75,75,75,75,82,82,82,82,82,82,82],"card_choices":[{"not_picked":["Warcry","Rampage"],"picked":"Shrug It Off","floor":1},{"not_picked":["Iron Wave","Thunderclap"],"picked":"Twin Strike","floor":5},{"not_picked":["Blood for Blood","Pommel Strike"],"picked":"Reaper","floor":7},{"not_picked":["Havoc","Iron Wave"],"picked":"Perfected Strike","floor":10},{"not_picked":["Flex","Twin Strike"],"picked":"Offering","floor":12},{"not_picked":["Anger","Flex"],"picked":"Headbutt","floor":14}],"player_experience":628771,"relics_obtained":[{"floor":7,"key":"Whetstone"},{"floor":9,"key":"Tiny Chest"},{"floor":10,"key":"Strawberry"},{"floor":12,"key":"PreservedInsect"}],"event_choices":[{"damage_healed":0,"gold_gain":0,"player_choice":"Ignored","damage_taken":0,"max_hp_gain":0,"max_hp_loss":0,"event_name":"Golden Wing","floor":2,"gold_loss":0},{"damage_healed":0,"gold_gain":75,"player_choice":"Gather Gold","damage_taken":11,"max_hp_gain":0,"max_hp_loss":0,"event_name":"World of Goop","floor":3,"gold_loss":0},{"damage_healed":0,"gold_gain":0,"player_choice":"Ignored","damage_taken":0,"max_hp_gain":0,"max_hp_loss":0,"event_name":"Liars Game","floor":4,"gold_loss":0},{"damage_healed":0,"gold_gain":0,"player_choice":"Searched \u00272\u0027 times","damage_taken":0,"relics_obtained":["Gremlin Horn"],"max_hp_gain":0,"max_hp_loss":0,"event_name":"Dead Adventurer","floor":8,"gold_loss":0}],"is_beta":false,"boss_relics":[],"items_purged_floors":[],"is_endless":false,"potions_floor_spawned":[5,7,14],"killed_by":"Slime Boss","ascension_level":18}