{"gold_per_floor":[114,129,144,219,234,234,234,249,324,339,369,384,159,174,174,274,274,289,304,319,334,349,379,379,379,379,379,409,424,439,18,18,118,118,133,8,8,23,38,68,68,98,98,113,113,128,143,158,158,158],"floor_reached":51,"playtime":3126,"items_purged":["Strike_R","Strike_R"],"score":759,"play_id":"a65395d6-4cf3-4169-99b0-b48fcba57408","local_time":"20190223211350","daily_mods":["Heirloom","Uncertain Future","DeadlyEvents"],"is_ascension_mode":false,"campfire_choices":[{"data":"Inflame","floor":6,"key":"SMITH"},{"floor":15,"key":"REST"},{"floor":24,"key":"REST"},{"floor":27,"key":"REST"},{"data":"Apotheosis","floor":32,"key":"SMITH"},{"floor":41,"key":"REST"},{"floor":45,"key":"REST"},{"floor":49,"key":"REST"}],"neow_cost":"","seed_source_timestamp":0,"circlet_count":0,"master_deck":["Strike_R","Defend_R","Defend_R","Defend_R","Defend_R","Bash","Inflame+1","Metallicize","Seeing Red","Heavy Blade","Heavy Blade","Metallicize+1","Flex","Flame Barrier","Heavy Blade","Double Tap","Armaments+1","Anger","Metallicize+1","Shrug It Off","Apotheosis+1","Reaper+1","Flex","Flex"],"special_seed":17951,"relics":["Burning Blood","StoneCalendar","Dream Catcher","Frozen Egg 2","Shuriken","Omamori","Cursed Key","Meat on the Bone","Unceasing Top","Letter Opener","Molten Egg 2","Velvet Choker","Incense Burner","Ornamental Fan","The Courier"],"potions_floor_usage":[14,16,23,23,33,33,50,50],"damage_taken":[{"damage":4,"enemies":"2 Louse","floor":1,"turns":4},{"damage":11,"enemies":"Jaw Worm","floor":2,"turns":4},{"damage":8,"enemies":"Small Slimes","floor":3,"turns":6},{"damage":14,"enemies":"Red Slaver","floor":5,"turns":5},{"damage":16,"enemies":"Exordium Thugs","floor":8,"turns":5},{"damage":8,"enemies":"Blue Slaver","floor":10,"turns":4},{"damage":14,"enemies":"Gremlin Nob","floor":11,"turns":5},{"damage":24,"enemies":"Lots of Slimes","floor":12,"turns":6},{"damage":4,"enemies":"Exordium Thugs","floor":14,"turns":5},{"damage":31,"enemies":"The Guardian","floor":16,"turns":10},{"damage":6,"enemies":"Shell Parasite","floor":18,"turns":5},{"damage":9,"enemies":"Spheric Guardian","floor":19,"turns":4},{"damage":11,"enemies":"Snake Plant","floor":20,"turns":4},{"damage":29,"enemies":"Shelled Parasite and Fungi","floor":21,"turns":6},{"damage":10,"enemies":"Snecko","floor":22,"turns":6},{"damage":40,"enemies":"Slavers","floor":23,"turns":7},{"damage":26,"enemies":"Book of Stabbing","floor":28,"turns":6},{"damage":24,"enemies":"Centurion and Healer","floor":29,"turns":6},{"damage":0,"enemies":"Sentry and Sphere","floor":30,"turns":5},{"damage":1,"enemies":"Champ","floor":33,"turns":7},{"damage":0,"enemies":"3 Darklings","floor":35,"turns":5},{"damage":0,"enemies":"3 Shapes","floor":38,"turns":3},{"damage":21,"enemies":"Maw","floor":39,"turns":8},{"damage":15,"enemies":"Giant Head","floor":40,"turns":7},{"damage":20,"enemies":"Nemesis","floor":42,"turns":7},{"damage":27,"enemies":"Jaw Worm Horde","floor":44,"turns":5},{"damage":6,"enemies":"Writhing Mass","floor":46,"turns":6},{"damage":13,"enemies":"Transient","floor":47,"turns":5},{"damage":22,"enemies":"4 Shapes","floor":48,"turns":6},{"damage":56,"enemies":"Time Eater","floor":50,"turns":9}],"seed_played":"4396462369862563879","potions_obtained":[{"floor":1,"key":"PowerPotion"},{"floor":11,"key":"Dexterity Potion"},{"floor":12,"key":"EssenceOfSteel"},{"floor":16,"key":"AttackPotion"},{"floor":19,"key":"Ancient Potion"},{"floor":20,"key":"Fire Potion"},{"floor":23,"key":"PowerPotion"},{"floor":28,"key":"Strength Potion"},{"floor":30,"key":"EssenceOfSteel"},{"floor":33,"key":"BloodPotion"},{"floor":35,"key":"Ancient Potion"},{"floor":39,"key":"AttackPotion"},{"floor":47,"key":"SkillPotion"}],"is_trial":false,"path_per_floor":["M","M","M","?","M","R","T","M","T","M","E","M","$","M","R","B",null,"M","M","M","M","M","E","R","?","T","R","E","M","M","$","R","B",null,"M","$","?","M","M","E","R","E","T","M","R","M","M","M","R","B",null],"character_chosen":"IRONCLAD","items_purchased":["Omamori","Apotheosis","Molten Egg 2","Flex"],"campfire_rested":6,"item_purchase_floors":[13,31,31,36],"current_hp_per_floor":[80,75,73,62,54,54,54,44,44,42,34,16,16,18,42,17,80,80,77,72,49,45,11,35,35,35,59,51,45,51,51,51,56,80,80,80,80,80,65,65,80,66,66,56,80,80,73,57,80,43],"gold":158,"neow_bonus":"","is_prod":false,"is_daily":true,"chose_seed":false,"campfire_upgraded":2,"win_rate":0,"timestamp":1550974430,"path_taken":["M","M","M","?","M","R","?","M","T","M","E","?","$","M","R","BOSS","M","M","M","M","M","E","R","?","T","R","?","?","M","$","R","BOSS","M","$","?","M","M","E","R","?","T","M","R","?","M","M","R","BOSS"],"build_version":"2019-01-23","purchased_purges":2,"victory":true,"max_hp_per_floor":[80,80,80,80,80,80,80,80,80,80,80,80,80,80,80,80,80,80,80,80,80,80,80,80,80,80,80,80,80,80,80,80,80,80,80,80,80,80,80,80,80,80,80,80,80,80,80,80,80,80],"card_choices":[{"not_picked":["Flex","Anger"],"picked":"Inflame","floor":1},{"not_picked":["Anger","Pommel Strike"],"picked":"Metallicize","floor":2},{"not_picked":["Sentinel","Clothesline"],"picked":"Seeing Red","floor":3},{"not_picked":["Shrug It Off","Iron Wave"],"picked":"Heavy Blade","floor":5},{"not_picked":["Uppercut","Pommel Strike"],"picked":"Heavy Blade","floor":8},{"not_picked":["Sentinel","Flex"],"picked":"Metallicize+1","floor":10},{"not_picked":["Warcry","Sentinel","Brutality+1"],"picked":"SKIP","floor":11},{"not_picked":["Carnage","Rupture+1","Combust+1"],"picked":"SKIP","floor":12},{"not_picked":["Clothesline","Searing Blow","Whirlwind"],"picked":"SKIP","floor":14},{"not_picked":["Pommel Strike","Havoc"],"picked":"Flex","floor":15},{"not_picked":["Dropkick+1","Power Through","Clothesline"],"picked":"SKIP","floor":18},{"not_picked":["Thunderclap","Warcry"],"picked":"Flame Barrier","floor":19},{"not_picked":["Pommel Strike","Feel No Pain+1"],"picked":"Heavy Blade","floor":20},{"not_picked":["Clash","Wild Strike+1","Cleave"],"picked":"SKIP","floor":21},{"not_picked":["True Grit","Warcry"],"picked":"Double Tap","floor":22},{"not_picked":["Clothesline","Thunderclap+1","Iron Wave"],"picked":"SKIP","floor":23},{"not_picked":["Havoc","Headbutt+1"],"picked":"Armaments+1","floor":24},{"not_picked":["Corruption+1","Twin Strike+1"],"picked":"Anger","floor":27},{"not_picked":["Double Tap","Clash+1","Hemokinesis"],"picked":"SKIP","floor":28},{"not_picked":["Warcry","Twin Strike"],"picked":"Metallicize+1","floor":29},{"not_picked":["Entrench","True Grit"],"picked":"Shrug It Off","floor":30},{"not_picked":["Dark Embrace+1","Brutality+1"],"picked":"Reaper+1","floor":33},{"not_picked":["Sever Soul+1","Perfected Strike+1"],"picked":"Flex","floor":35},{"not_picked":["Iron Wave+1","Wild Strike+1","Thunderclap+1"],"picked":"SKIP","floor":38},{"not_picked":["Dual Wield+1","Fiend Fire+1","Twin Strike+1"],"picked":"SKIP","floor":39},{"not_picked":["Thunderclap+1","True Grit","Heavy Blade+1"],"picked":"SKIP","floor":40},{"not_picked":["Twin Strike+1","Cleave+1","Brutality+1"],"picked":"SKIP","floor":42},{"not_picked":["Twin Strike+1","Iron Wave+1","Seeing Red"],"picked":"SKIP","floor":44},{"not_picked":["Entrench","Thunderclap+1","Reckless Charge+1"],"picked":"SKIP","floor":46},{"not_picked":["Entrench","Headbutt+1","Armaments"],"picked":"SKIP","floor":47},{"not_picked":["Anger+1","Clothesline+1","Havoc+1"],"picked":"SKIP","floor":48}],"player_experience":72869,"relics_obtained":[{"floor":7,"key":"Dream Catcher"},{"floor":9,"key":"Frozen Egg 2"},{"floor":11,"key":"Shuriken"},{"floor":23,"key":"Meat on the Bone"},{"floor":26,"key":"Unceasing Top"},{"floor":28,"key":"Letter Opener"},{"floor":40,"key":"Incense Burner"},{"floor":42,"key":"Ornamental Fan"},{"floor":43,"key":"The Courier"}],"event_choices":[{"damage_healed":0,"gold_gain":75,"player_choice":"Gather Gold","damage_taken":11,"max_hp_gain":0,"max_hp_loss":0,"event_name":"World of Goop","floor":4,"gold_loss":0},{"cards_removed":["Strike_R"],"damage_healed":0,"gold_gain":0,"player_choice":"Purged","damage_taken":0,"max_hp_gain":0,"max_hp_loss":0,"event_name":"Purifier","floor":25,"gold_loss":0},{"cards_removed":["Strike_R"],"damage_healed":0,"gold_gain":0,"player_choice":"Purged","damage_taken":0,"max_hp_gain":0,"max_hp_loss":0,"event_name":"Purifier","floor":37,"gold_loss":0}],"is_beta":false,"boss_relics":[{"not_picked":["Eternal Feather","Runic Dome"],"picked":"Cursed Key"},{"not_picked":["Orrery","Philosopher\u0027s Stone"],"picked":"Velvet Choker"}],"items_purged_floors":[13,36],"is_endless":false,"potions_floor_spawned":[1,11,12,16,19,20,23,28,30,33,35,39,44,47,48],"ascension_level":0}