{"path_per_floor":["M","?","?","?","M","R","M","R","T","M","E","M","?","M","R","B",null,"M","M","$","M","?","R"],"character_chosen":"IRONCLAD","items_purchased":["Battle Trance","Pommel Strike"],"gold_per_floor":[117,117,117,117,130,130,145,145,145,160,194,209,209,220,220,318,318,330,344,251,265,265,265,265],"floor_reached":24,"campfire_rested":3,"playtime":1484,"item_purchase_floors":[20,20],"current_hp_per_floor":[73,66,66,66,55,79,73,73,73,72,37,28,28,29,68,33,80,50,29,29,32,32,71,0],"items_purged":[],"gold":265,"score":223,"play_id":"556c3db0-7a66-4f14-9856-4c9f48dd4a9d","local_time":"20180616150039","is_prod":false,"is_daily":false,"chose_seed":true,"is_ascension_mode":false,"campfire_upgraded":1,"win_rate":0.0,"timestamp":1529175639,"campfire_choices":[{"floor":6,"key":"REST"},{"data":"Shockwave","floor":8,"key":"SMITH"},{"floor":15,"key":"REST"},{"floor":23,"key":"REST"}],"path_taken":["M","?","?","?","M","R","M","R","T","?","E","M","?","M","R","BOSS","M","M","$","M","?","R","E"],"build_version":"2018-06-14v2","seed_source_timestamp":65895978471865,"purchased_purges":0,"victory":false,"master_deck":["Strike_R","Strike_R","Strike_R","Strike_R","Strike_R","Defend_R","Defend_R","Defend_R","Defend_R","Bash","Impervious","Pommel Strike+1","Regret","Headbutt","Shockwave+1","Fire Breathing","Hemokinesis","Metallicize","Pommel Strike","Demon Form","Pommel Strike","Hemokinesis","Battle Trance","Pommel Strike"],"max_hp_per_floor":[80,80,80,80,80,80,80,80,80,80,80,80,80,80,80,80,80,80,80,80,80,80,80,80],"relics":["Burning Blood","Bag of Marbles","Red Skull","Regal Pillow","Matryoshka","Mark of Pain"],"card_choices":[{"not_picked":["Iron Wave","Heavy Blade"],"picked":"Pommel Strike","floor":1},{"not_picked":["Anger","Burning Pact"],"picked":"Headbutt","floor":5},{"not_picked":["Feel No Pain","Headbutt"],"picked":"Shockwave","floor":7},{"not_picked":["Iron Wave","Combust"],"picked":"Fire Breathing","floor":10},{"not_picked":["Reaper","Clash"],"picked":"Hemokinesis","floor":11},{"not_picked":["Warcry","Flex"],"picked":"Metallicize","floor":12},{"not_picked":["Power Through","Rupture"],"picked":"Pommel Strike","floor":14},{"not_picked":["Reaper","Limit Break"],"picked":"Demon Form","floor":16},{"not_picked":["Combust","Spot Weakness+1"],"picked":"Pommel Strike","floor":18},{"not_picked":["Flex","Dual Wield"],"picked":"Hemokinesis","floor":19},{"not_picked":["Twin Strike","Bloodletting","Combust"],"picked":"SKIP","floor":21}],"player_experience":83414,"potions_floor_usage":[16,16,21,21],"damage_taken":[{"damage":13,"enemies":"Cultist","floor":1,"turns":5},{"damage":17,"enemies":"Small Slimes","floor":5,"turns":4},{"damage":12,"enemies":"Jaw Worm","floor":7,"turns":3},{"damage":7,"enemies":"2 Fungi Beasts","floor":10,"turns":3},{"damage":41,"enemies":"Lagavulin","floor":11,"turns":7},{"damage":15,"enemies":"Gremlin Gang","floor":12,"turns":3},{"damage":5,"enemies":"Looter","floor":14,"turns":2},{"damage":41,"enemies":"Slime Boss","floor":16,"turns":11},{"damage":36,"enemies":"Spheric Guardian","floor":18,"turns":5},{"damage":27,"enemies":"3 Byrds","floor":19,"turns":5},{"damage":3,"enemies":"Snake Plant","floor":21,"turns":1},{"damage":82,"enemies":"Gremlin Leader","floor":24,"turns":5}],"relics_obtained":[{"floor":9,"key":"Regal Pillow"},{"floor":11,"key":"Matryoshka"}],"event_choices":[{"event_name":"Scrap Ooze","player_choice":"success","floor":2,"damage_taken":7},{"event_name":"Living Wall","player_choice":"Grow","floor":3,"damage_taken":0},{"event_name":"Big Fish","player_choice":"Box","floor":4,"damage_taken":0},{"event_name":"Golden Idol","player_choice":"Ignored","floor":13,"damage_taken":0},{"event_name":"The Mausoleum","player_choice":"No","floor":22,"damage_taken":0}],"boss_relics":[{"not_picked":["Runic Cube","Eternal Feather"],"picked":"Mark of Pain"}],"items_purged_floors":[],"is_endless":false,"potions_floor_spawned":[1,7,14,16,19,21],"seed_played":"1833526116919","killed_by":"Gremlin Leader","ascension_level":0,"potions_obtained":[{"floor":1,"key":"Weak Potion"},{"floor":7,"key":"FairyPotion"},{"floor":14,"key":"PowerPotion"},{"floor":16,"key":"Explosive Potion"},{"floor":19,"key":"Explosive Potion"},{"floor":21,"key":"FearPotion"}],"is_trial":false}