{"gold_per_floor":[110,121,121,71,86,115,135,135,209,239,239,314,337,360,360,486,486,504,520,292,417,417,417],"floor_reached":23,"playtime":2007,"items_purged":["Strike_R"],"score":211,"play_id":"8c003a20-76cf-4576-9512-0b5ebfc6ad72","local_time":"20190226184156","is_ascension_mode":true,"campfire_choices":[{"data":"Metallicize","floor":8,"key":"SMITH"},{"data":"Body Slam","floor":15,"key":"SMITH"}],"neow_cost":"NONE","seed_source_timestamp":161731368523738,"circlet_count":0,"master_deck":["Defend_R","Defend_R","Defend_R","Defend_R","Bash","Armaments+1","Metallicize","Shrug It Off","Metallicize+1","Body Slam+1","Immolate","Burning Pact+1","Twin Strike+1","Sword Boomerang+1","Flame Barrier","Clothesline+1","Shrug It Off"],"relics":["Burning Blood","NeowsBlessing","Mango","Gremlin Horn","Bag of Preparation","Golden Idol","Astrolabe","Ancient Tea Set","Magic Flower","Mummified Hand"],"potions_floor_usage":[16,23,23],"damage_taken":[{"damage":0,"enemies":"2 Louse","floor":1,"turns":1},{"damage":0,"enemies":"Small Slimes","floor":2,"turns":1},{"damage":0,"enemies":"Jaw Worm","floor":5,"turns":1},{"damage":17,"enemies":"3 Sentries","floor":6,"turns":14},{"damage":3,"enemies":"Blue Slaver","floor":7,"turns":6},{"damage":22,"enemies":"Gremlin Nob","floor":10,"turns":6},{"damage":6,"enemies":"3 Louse","floor":13,"turns":6},{"damage":0,"enemies":"Large Slime","floor":14,"turns":8},{"damage":21,"enemies":"Hexaghost","floor":16,"turns":15},{"damage":13,"enemies":"Spheric Guardian","floor":18,"turns":6},{"damage":7,"enemies":"Shell Parasite","floor":19,"turns":7},{"damage":9,"enemies":"Colosseum Slavers","floor":21,"turns":4},{"damage":63,"enemies":"Colosseum Nobs","floor":21,"turns":6},{"damage":25,"enemies":"Book of Stabbing","floor":23,"turns":8}],"seed_played":"-8842069524685874624","potions_obtained":[{"floor":2,"key":"SteroidPotion"},{"floor":6,"key":"Strength Potion"},{"floor":10,"key":"PowerPotion"},{"floor":14,"key":"Dexterity Potion"},{"floor":19,"key":"SpeedPotion"}],"is_trial":false,"path_per_floor":["M","M","?","?","M","E","M","R","T","E","?","?","M","M","R","B",null,"M","M","$","?","?","E"],"character_chosen":"IRONCLAD","items_purchased":["Ancient Tea Set"],"campfire_rested":0,"item_purchase_floors":[20],"current_hp_per_floor":[80,80,80,80,80,83,86,86,86,70,70,59,59,65,65,50,87,80,79,79,19,19,0],"gold":417,"neow_bonus":"THREE_ENEMY_KILL","is_prod":false,"is_daily":false,"chose_seed":false,"campfire_upgraded":2,"win_rate":0,"timestamp":1551224516,"path_taken":["M","M","?","?","M","E","M","R","T","E","?","?","M","M","R","BOSS","M","M","$","?","?","E"],"build_version":"2019-01-23","purchased_purges":1,"victory":false,"max_hp_per_floor":[80,80,80,80,80,94,94,94,94,94,87,87,87,87,87,87,87,87,87,87,87,87,87],"card_choices":[{"not_picked":["Heavy Blade","Headbutt"],"picked":"Armaments","floor":1},{"not_picked":["Pummel","Perfected Strike"],"picked":"Metallicize","floor":2},{"not_picked":["Perfected Strike","Feel No Pain"],"picked":"Shrug It Off","floor":5},{"not_picked":["Brutality","Rage"],"picked":"Metallicize","floor":6},{"not_picked":["Twin Strike","Perfected Strike","Reckless Charge"],"picked":"SKIP","floor":7},{"not_picked":["Thunderclap","Carnage","Spot Weakness"],"picked":"SKIP","floor":10},{"not_picked":["Second Wind","Exhume"],"picked":"Body Slam","floor":13},{"not_picked":["Searing Blow","Fire Breathing","Flex"],"picked":"SKIP","floor":14},{"not_picked":["Exhume","Fiend Fire"],"picked":"Immolate","floor":16},{"not_picked":["Clash","True Grit"],"picked":"Flame Barrier","floor":18},{"not_picked":["Havoc","Wild Strike"],"picked":"Clothesline+1","floor":19},{"not_picked":["Wild Strike","Headbutt"],"picked":"Shrug It Off","floor":21}],"player_experience":76247,"relics_obtained":[{"floor":6,"key":"Mango"},{"floor":9,"key":"Gremlin Horn"},{"floor":10,"key":"Bag of Preparation"},{"floor":21,"key":"Magic Flower"},{"floor":21,"key":"Mummified Hand"}],"event_choices":[{"damage_healed":0,"gold_gain":0,"player_choice":"Grow","damage_taken":0,"max_hp_gain":0,"max_hp_loss":0,"event_name":"Living Wall","floor":3,"gold_loss":0,"cards_upgraded":["Armaments"]},{"cards_removed":["Strike_R"],"damage_healed":0,"gold_gain":0,"player_choice":"Card Removal","damage_taken":0,"max_hp_gain":0,"max_hp_loss":0,"event_name":"The Cleric","floor":4,"gold_loss":50},{"damage_healed":0,"gold_gain":0,"player_choice":"Lose Max HP","damage_taken":0,"relics_obtained":["Golden Idol"],"max_hp_gain":0,"max_hp_loss":7,"event_name":"Golden Idol","floor":11,"gold_loss":0},{"damage_healed":0,"gold_gain":75,"player_choice":"Gather Gold","damage_taken":11,"max_hp_gain":0,"max_hp_loss":0,"event_name":"World of Goop","floor":12,"gold_loss":0},{"damage_healed":0,"gold_gain":0,"player_choice":"Fight","damage_taken":0,"max_hp_gain":0,"max_hp_loss":0,"event_name":"Colosseum","floor":21,"gold_loss":0},{"damage_healed":0,"gold_gain":0,"player_choice":"Fought Nobs","damage_taken":0,"max_hp_gain":0,"max_hp_loss":0,"event_name":"Colosseum","floor":21,"gold_loss":0},{"damage_healed":0,"gold_gain":0,"player_choice":"Ignored","damage_taken":0,"max_hp_gain":0,"max_hp_loss":0,"event_name":"Ghosts","floor":22,"gold_loss":0}],"is_beta":false,"boss_relics":[{"not_picked":["Calling Bell","Black Blood"],"picked":"Astrolabe"}],"items_purged_floors":[20],"is_endless":false,"potions_floor_spawned":[2,6,10,14,19,21],"killed_by":"Book of Stabbing","ascension_level":1}