{"path_per_floor":["M","?","M","?","M","M","M","E","T","R","?","R","M","M","R"],"character_chosen":"DEFECT","items_purchased":[],"gold_per_floor":[111,111,127,127,142,153,171,171,171,171,271,271,284,298,298,298],"floor_reached":16,"campfire_rested":2,"playtime":861,"item_purchase_floors":[],"current_hp_per_floor":[67,60,52,75,69,69,59,40,40,62,62,62,48,19,41,0],"items_purged":[],"gold":298,"score":104,"play_id":"859aa81e-da57-499a-b92d-40af03e028d3","local_time":"20180614163115","is_prod":false,"is_daily":false,"chose_seed":false,"is_ascension_mode":false,"campfire_upgraded":1,"win_rate":0.0,"timestamp":1529008275,"campfire_choices":[{"floor":10,"key":"REST"},{"data":"Rainbow","floor":12,"key":"SMITH"},{"floor":15,"key":"REST"}],"path_taken":["M","?","?","?","?","M","M","E","T","R","?","R","M","M","R","BOSS"],"build_version":"2018-06-07v3","seed_source_timestamp":118256751414885,"purchased_purges":0,"victory":false,"master_deck":["Strike_B","Strike_B","Strike_B","Strike_B","Defend_B","Defend_B","Defend_B","Zap","Dualcast","Skim","Chaos","Sweeping Beam","Rainbow+1","Skim","Genetic Algorithm","Sweeping Beam"],"max_hp_per_floor":[75,75,75,75,75,75,75,75,75,75,75,75,75,75,75,75],"relics":["Cracked Core","Question Card"],"card_choices":[{"not_picked":["Loop","Stack"],"picked":"Skim","floor":1},{"not_picked":["Compile Driver","Sweeping Beam"],"picked":"Chaos","floor":3},{"not_picked":["Beam Cell","Compile Driver"],"picked":"Sweeping Beam","floor":5},{"not_picked":["Coolheaded","Hologram"],"picked":"Rainbow","floor":6},{"not_picked":["Leap","Double Energy"],"picked":"Skim","floor":7},{"not_picked":["Steam","Buffer","Hologram"],"picked":"SKIP","floor":8},{"not_picked":["Compile Driver","Steam","Conserve Battery"],"picked":"Genetic Algorithm","floor":13},{"not_picked":["Lockon","Gash","Coolheaded"],"picked":"Sweeping Beam","floor":14}],"player_experience":10126,"potions_floor_usage":[8,16,16],"damage_taken":[{"damage":8,"enemies":"Jaw Worm","floor":1,"turns":3},{"damage":8,"enemies":"2 Louse","floor":3,"turns":3},{"damage":6,"enemies":"Cultist","floor":5,"turns":3},{"damage":0,"enemies":"Large Slime","floor":6,"turns":3},{"damage":10,"enemies":"Blue Slaver","floor":7,"turns":4},{"damage":19,"enemies":"3 Sentries","floor":8,"turns":5},{"damage":14,"enemies":"3 Louse","floor":13,"turns":3},{"damage":29,"enemies":"Lots of Slimes","floor":14,"turns":4},{"damage":43,"enemies":"The Guardian","floor":16,"turns":5}],"relics_obtained":[{"floor":9,"key":"Question Card"}],"event_choices":[{"event_name":"Golden Wing","player_choice":"Card Removal","floor":2,"damage_taken":0},{"event_name":"Big Fish","player_choice":"Banana","floor":4,"damage_taken":0},{"event_name":"Golden Shrine","player_choice":"Pray","floor":11,"damage_taken":0}],"boss_relics":[],"items_purged_floors":[],"potions_floor_spawned":[1,7,13],"seed_played":"-3468136087795094550","killed_by":"The Guardian","ascension_level":0,"potions_obtained":[{"floor":1,"key":"Explosive Potion"},{"floor":7,"key":"AttackPotion"},{"floor":13,"key":"SteroidPotion"}],"is_trial":false}