{"path_per_floor":["M","M","M","?","M","M","R","M","T","?","E","R","M","?","R"],"character_chosen":"IRONCLAD","items_purchased":[],"gold_per_floor":[109,127,143,143,167,187,187,210,236,308,344,344,369,544,544,544],"floor_reached":16,"campfire_rested":2,"playtime":2305,"item_purchase_floors":[],"current_hp_per_floor":[80,80,80,80,75,74,74,62,62,62,28,52,49,55,80,0],"items_purged":[],"gold":544,"score":104,"play_id":"f4f3ba2e-2153-454e-ad7f-522cccd8f4b5","local_time":"20180614211837","is_prod":false,"is_daily":false,"chose_seed":false,"is_ascension_mode":false,"campfire_upgraded":1,"win_rate":0.0,"timestamp":1529025517,"campfire_choices":[{"data":"Flame Barrier","floor":7,"key":"SMITH"},{"floor":12,"key":"REST"},{"floor":15,"key":"REST"}],"path_taken":["M","M","?","?","M","M","R","M","T","?","E","R","M","?","R","BOSS"],"build_version":"2018-06-07v3","seed_source_timestamp":134064822528159,"purchased_purges":0,"victory":false,"master_deck":["Strike_R","Strike_R","Strike_R","Strike_R","Strike_R","Defend_R","Defend_R","Defend_R","Defend_R","Bash","Heavy Blade","Perfected Strike","Flame Barrier+1","Injury","Sever Soul","Searing Blow","Blood for Blood","Combust","Iron Wave","Doubt"],"max_hp_per_floor":[80,80,80,80,80,80,80,80,80,80,80,80,80,86,86,86],"relics":["Burning Blood","NeowsBlessing","Golden Idol","Vajra","Darkstone Periapt"],"card_choices":[{"not_picked":["Clash","Warcry"],"picked":"Heavy Blade","floor":1},{"not_picked":["Headbutt","Iron Wave"],"picked":"Perfected Strike","floor":2},{"not_picked":["Clothesline","Disarm"],"picked":"Flame Barrier","floor":3},{"not_picked":["Pummel","Bludgeon"],"picked":"Sever Soul","floor":5},{"not_picked":["Flex","Feel No Pain"],"picked":"Searing Blow","floor":6},{"not_picked":["Sever Soul","Heavy Blade"],"picked":"Blood for Blood","floor":8},{"not_picked":["True Grit","Thunderclap"],"picked":"Combust","floor":11},{"not_picked":["Clothesline","Dropkick"],"picked":"Iron Wave","floor":13}],"player_experience":25558,"potions_floor_usage":[11,16,16,16],"damage_taken":[{"damage":0,"enemies":"Cultist","floor":1,"turns":1},{"damage":0,"enemies":"Small Slimes","floor":2,"turns":1},{"damage":0,"enemies":"Jaw Worm","floor":3,"turns":1},{"damage":11,"enemies":"Exordium Wildlife","floor":5,"turns":6},{"damage":7,"enemies":"Blue Slaver","floor":6,"turns":5},{"damage":18,"enemies":"Exordium Thugs","floor":8,"turns":6},{"damage":40,"enemies":"Lagavulin","floor":11,"turns":6},{"damage":9,"enemies":"Large Slime","floor":13,"turns":4},{"damage":81,"enemies":"The Guardian","floor":16,"turns":10}],"relics_obtained":[{"floor":9,"key":"Vajra"},{"floor":11,"key":"Darkstone Periapt"}],"event_choices":[{"event_name":"Golden Idol","player_choice":"Take Wound","floor":4,"damage_taken":0},{"event_name":"Golden Wing","player_choice":"Gained Gold","floor":10,"damage_taken":0},{"event_name":"Liars Game","player_choice":"agreed","floor":14,"damage_taken":0}],"boss_relics":[],"items_purged_floors":[],"potions_floor_spawned":[2,6,8,13],"seed_played":"-4970571431442598962","killed_by":"The Guardian","ascension_level":0,"potions_obtained":[{"floor":2,"key":"SteroidPotion"},{"floor":6,"key":"Explosive Potion"},{"floor":8,"key":"Fire Potion"},{"floor":13,"key":"Swift Potion"}],"is_trial":false}