{"gold_per_floor":[114,129,129,30,30,30,30,30,30,30,30,49,68,87,87,212,275,294,209,209,209,209,209,90,90,140,140],"floor_reached":27,"playtime":1197,"items_purged":[],"score":222,"play_id":"5ee6a9ca-b15b-444b-8a4a-788a7c4b4663","local_time":"20190402154937","daily_mods":["Chimera","Vintage","Binary"],"is_ascension_mode":false,"campfire_choices":[{"data":"Zap","floor":6.0,"key":"SMITH"},{"data":"Cloak And Dagger","floor":8.0,"key":"SMITH"},{"data":"Caltrops","floor":10.0,"key":"SMITH"},{"data":"Bash","floor":15.0,"key":"SMITH"},{"data":"Backflip","floor":23,"key":"SMITH"},{"data":"Catalyst","floor":25,"key":"SMITH"}],"neow_cost":"","seed_source_timestamp":0,"circlet_count":0,"master_deck":["Bash+1","Survivor","Zap+1","Defend_R","Defend_G+1","Defend_B","Cloak And Dagger+1","Caltrops+1","Venomology","Backflip+1","Necronomicurse","Bite","Bite","Bite","Bite","Bite","Infinite Blades","Catalyst+1"],"special_seed":17988,"relics":["Ring of the Snake","Prayer Wheel","Strawberry","Golden Idol","Shuriken","Dodecahedron","Smiling Mask","Torii","Tiny House","Mango","Art of War","Necronomicon","Happy Flower"],"potions_floor_usage":[16,18,21],"damage_taken":[{"damage":5.0,"enemies":"Cultist","floor":1.0,"turns":5.0},{"damage":0.0,"enemies":"Small Slimes","floor":2.0,"turns":4.0},{"damage":0.0,"enemies":"Jaw Worm","floor":12.0,"turns":3.0},{"damage":0.0,"enemies":"Looter","floor":13.0,"turns":3.0},{"damage":0.0,"enemies":"Blue Slaver","floor":14.0,"turns":3.0},{"damage":40,"enemies":"Slime Boss","floor":16,"turns":13},{"damage":11,"enemies":"2 Thieves","floor":18,"turns":4},{"damage":26,"enemies":"Colosseum Slavers","floor":21,"turns":5},{"damage":51,"enemies":"Slavers","floor":27,"turns":4}],"seed_played":"1331452613733458112","potions_obtained":[{"floor":2.0,"key":"Dexterity Potion"},{"floor":17,"key":"SneckoOil"}],"is_trial":false,"path_per_floor":["M","M","?","$","$","R","$","R","T","R","?","M","M","M","R","B",null,"M","?","?","?","?","R","$","R","T","E"],"character_chosen":"THE_SILENT","items_purchased":["Cloak And Dagger","Caltrops","Infinite Blades","Catalyst"],"campfire_rested":0,"item_purchase_floors":[4,4,24,24],"current_hp_per_floor":[65,72,53,53,53,53,53,53,53,53,53,53,53,53,53,13,82,85,85,69,43,43,43,43,43,43,0],"gold":140,"neow_bonus":"","is_prod":false,"is_daily":true,"chose_seed":false,"campfire_upgraded":6,"win_rate":0,"timestamp":1554212977,"path_taken":["M","?","?","?","$","R","$","R","T","R","?","M","M","M","R","BOSS","M","?","?","?","?","R","$","R","T","E"],"build_version":"2019-01-23","purchased_purges":0,"victory":false,"max_hp_per_floor":[70,77,77,77,77,77,77,77,77,77,77,77,77,77,77,77,82,96,96,96,96,67,67,67,67,67,67],"card_choices":[{"not_picked":["Phantasmal Killer"],"picked":"Venomology","floor":16},{"not_picked":["Flechettes"],"picked":"Backflip","floor":17}],"player_experience":97071,"relics_obtained":[{"floor":1.0,"key":"Prayer Wheel"},{"floor":2.0,"key":"Strawberry"},{"floor":9.0,"key":"Shuriken"},{"floor":12.0,"key":"Dodecahedron"},{"floor":13.0,"key":"Smiling Mask"},{"floor":14.0,"key":"Torii"},{"floor":18,"key":"Mango"},{"floor":20,"key":"Necronomicon"},{"floor":26,"key":"Happy Flower"}],"event_choices":[{"damage_healed":0.0,"max_hp_gain":0.0,"max_hp_loss":0.0,"gold_gain":0.0,"event_name":"Golden Idol","player_choice":"Take Damage","floor":3.0,"gold_loss":0.0,"damage_taken":19.0,"relics_obtained":["Golden Idol"]},{"damage_healed":0.0,"max_hp_gain":0.0,"max_hp_loss":0.0,"gold_gain":0.0,"event_name":"Shining Light","player_choice":"Ignored","floor":11.0,"gold_loss":0.0,"damage_taken":0.0},{"damage_healed":0,"gold_gain":0,"player_choice":"Obtained Relic","damage_taken":0,"relics_obtained":["Art of War"],"max_hp_gain":0,"max_hp_loss":0,"event_name":"Addict","floor":19,"gold_loss":85},{"damage_healed":0,"gold_gain":0,"player_choice":"Obtained Book","damage_taken":16,"max_hp_gain":0,"max_hp_loss":0,"event_name":"Cursed Tome","floor":20,"gold_loss":0},{"damage_healed":0,"gold_gain":0,"player_choice":"Fight","damage_taken":0,"max_hp_gain":0,"max_hp_loss":0,"event_name":"Colosseum","floor":21,"gold_loss":0},{"damage_healed":0,"gold_gain":0,"player_choice":"Fled From Nobs","damage_taken":0,"max_hp_gain":0,"max_hp_loss":0,"event_name":"Colosseum","floor":21,"gold_loss":0},{"damage_healed":0,"gold_gain":0,"player_choice":"Became a vampire","damage_taken":0,"max_hp_gain":0,"max_hp_loss":29,"event_name":"Vampires","floor":22,"gold_loss":0,"cards_obtained":["Bite","Bite","Bite","Bite","Bite"]}],"is_beta":false,"boss_relics":[{"not_picked":["Calling Bell","Astrolabe"],"picked":"Tiny House"}],"items_purged_floors":[],"is_endless":false,"potions_floor_spawned":[2],"killed_by":"Slavers","ascension_level":0}