{"gold_per_floor":[114,114,130,130,144,144,79,108,133,133,149,56,27,46,46,122,122,134,145,70,97,12,24,36],"floor_reached":24,"playtime":1167,"items_purged":["Strike_B"],"score":388,"play_id":"daa312ae-38fe-462a-bbcd-f2eaed255d1d","local_time":"20190216132549","is_ascension_mode":true,"campfire_choices":[{"floor":6.0,"key":"REST"},{"data":"Sunder","floor":10,"key":"SMITH"},{"data":"Zap","floor":15,"key":"SMITH"},{"data":"Consume","floor":23,"key":"SMITH"}],"neow_cost":"CURSE","seed_source_timestamp":1612394293400,"circlet_count":0,"master_deck":["AscendersBane","Strike_B","Strike_B","Strike_B","Defend_B","Defend_B+1","Defend_B","Defend_B+1","Zap+1","Dualcast","Biased Cognition","Sunder+1","Conserve Battery","Steam Power","Defragment","Self Repair","Self Repair","Ball Lightning","Ball Lightning","BootSequence","Core Surge","Rip and Tear+1","Consume+1","Leap"],"special_seed":0,"relics":["Cracked Core","Art of War","Lantern","Eternal Feather","Red Mask","MawBank"],"potions_floor_usage":[8,8,18,19,24],"damage_taken":[{"damage":12.0,"enemies":"Jaw Worm","floor":1.0,"turns":3.0},{"damage":1.0,"enemies":"2 Louse","floor":3.0,"turns":2.0},{"damage":0.0,"enemies":"Small Slimes","floor":5.0,"turns":2.0},{"damage":20,"enemies":"Lagavulin","floor":8,"turns":5},{"damage":6,"enemies":"Looter","floor":11,"turns":3},{"damage":0,"enemies":"2 Fungi Beasts","floor":14,"turns":3},{"damage":29,"enemies":"The Guardian","floor":16,"turns":8},{"damage":9,"enemies":"Spheric Guardian","floor":18,"turns":4},{"damage":6,"enemies":"Shell Parasite","floor":19,"turns":3},{"damage":37,"enemies":"Masked Bandits","floor":21,"turns":4},{"damage":47,"enemies":"Slavers","floor":24,"turns":3}],"seed_played":"1733108111697654867","potions_obtained":[{"floor":1.0,"key":"SteroidPotion"},{"floor":3.0,"key":"FearPotion"},{"floor":16,"key":"SkillPotion"},{"floor":18,"key":"SkillPotion"},{"floor":21,"key":"PowerPotion"}],"is_trial":false,"path_per_floor":["M","?","M","?","M","R","?","E","T","R","M","$","$","M","R","B",null,"M","M","$","?","?","R","E"],"character_chosen":"DEFECT","items_purchased":["Self Repair","Ball Lightning","Ball Lightning"],"campfire_rested":1,"item_purchase_floors":[12,12,13],"current_hp_per_floor":[52,45,44,23,23,44,44,24,24,24,18,18,18,32,32,10,56,54,55,55,32,32,44,0],"gold":36,"neow_bonus":"THREE_RARE_CARDS","is_prod":false,"is_daily":false,"chose_seed":false,"campfire_upgraded":3,"win_rate":0,"timestamp":1550352349,"path_taken":["M","?","M","?","M","R","?","E","T","R","M","?","$","M","R","BOSS","M","M","$","?","?","R","E"],"build_version":"2019-02-06","purchased_purges":1,"victory":false,"max_hp_per_floor":[71,71,71,71,71,71,71,71,71,71,71,71,71,71,71,71,71,71,71,71,71,71,71,71],"card_choices":[{"not_picked":["Seek","Fission"],"picked":"Biased Cognition","floor":0.0},{"not_picked":["Conserve Battery","BootSequence"],"picked":"Sunder","floor":1.0},{"not_picked":["Beam Cell","Hologram"],"picked":"Conserve Battery","floor":3.0},{"not_picked":["Scrape","Hologram"],"picked":"Steam Power","floor":5.0},{"not_picked":["Barrage","Coolheaded"],"picked":"Defragment","floor":8},{"not_picked":["Go for the Eyes","Conserve Battery"],"picked":"Self Repair","floor":11},{"not_picked":["Compile Driver","Auto Shields"],"picked":"BootSequence","floor":14},{"not_picked":["Thunder Strike","Reboot"],"picked":"Core Surge","floor":16},{"not_picked":["Heatsinks","Streamline"],"picked":"Rip and Tear+1","floor":18},{"not_picked":["Undo","Streamline+1"],"picked":"Consume","floor":19},{"not_picked":["Beam Cell","Go for the Eyes"],"picked":"Leap","floor":21}],"player_experience":3273879,"relics_obtained":[{"floor":8,"key":"Art of War"},{"floor":9,"key":"Lantern"},{"floor":21,"key":"Red Mask"}],"event_choices":[{"cards_removed":["Shame"],"damage_healed":0.0,"max_hp_gain":0.0,"max_hp_loss":0.0,"gold_gain":0.0,"event_name":"Golden Wing","player_choice":"Card Removal","floor":2.0,"gold_loss":0.0,"damage_taken":7.0},{"damage_healed":0.0,"max_hp_gain":0.0,"max_hp_loss":0.0,"gold_gain":0.0,"event_name":"Shining Light","player_choice":"Entered Light","floor":4.0,"gold_loss":0.0,"damage_taken":21.0,"cards_upgraded":["Defend_B","Defend_B"]},{"damage_healed":0.0,"max_hp_gain":0.0,"max_hp_loss":0.0,"gold_gain":0.0,"event_name":"World of Goop","player_choice":"Left Gold","floor":7.0,"gold_loss":65.0,"damage_taken":0.0},{"damage_healed":0,"gold_gain":0,"player_choice":"Fought Bandits","damage_taken":0,"max_hp_gain":0,"max_hp_loss":0,"event_name":"Masked Bandits","floor":21,"gold_loss":0},{"damage_healed":0,"gold_gain":0,"player_choice":"Obtained Relic","damage_taken":0,"relics_obtained":["MawBank"],"max_hp_gain":0,"max_hp_loss":0,"event_name":"Addict","floor":22,"gold_loss":85}],"is_beta":true,"boss_relics":[{"not_picked":["Pandora\u0027s Box","Lizard Tail"],"picked":"Eternal Feather"}],"items_purged_floors":[20],"is_endless":false,"potions_floor_spawned":[1,3,16,18,21],"killed_by":"Slavers","ascension_level":20}