{"gold_per_floor":[116,130,95,113,113,113,126,138,138,62,62,62,73,73,73,175,175,187,203,219,11,30,63,63,63],"floor_reached":25,"playtime":1640,"items_purged":[],"score":215,"play_id":"a4278274-3093-4a39-884f-d819f2c3f6e4","local_time":"20190128005427","is_ascension_mode":false,"campfire_choices":[{"data":"Zap","floor":6.0,"key":"SMITH"},{"data":"Dualcast","floor":11.0,"key":"SMITH"},{"data":"Ball Lightning","floor":15.0,"key":"SMITH"},{"data":"Tempest","floor":24,"key":"SMITH"}],"neow_cost":"NONE","seed_source_timestamp":0,"circlet_count":0,"master_deck":["Strike_B","Strike_B","Strike_B","Defend_B","Defend_B","Defend_B","Defend_B","Zap+1","Dualcast+1","Ball Lightning+1","Sweeping Beam","Leap","Amplify","Sunder","Ball Lightning","Conserve Battery","Hologram","Spot Weakness","Electrodynamics","Redo","Recycle+1","Electrodynamics","Tempest+1"],"special_seed":0,"relics":["Cracked Core","NeowsBlessing","Darkstone Periapt","Busted Crown","DollysMirror","Molten Egg 2"],"potions_floor_usage":[20,25],"damage_taken":[{"damage":0.0,"enemies":"Small Slimes","floor":1.0,"turns":1.0},{"damage":0.0,"enemies":"2 Louse","floor":2.0,"turns":1.0},{"damage":0.0,"enemies":"Cultist","floor":4.0,"turns":1.0},{"damage":0.0,"enemies":"Blue Slaver","floor":7.0,"turns":3.0},{"damage":6.0,"enemies":"Red Slaver","floor":8.0,"turns":4.0},{"damage":0.0,"enemies":"2 Fungi Beasts","floor":13.0,"turns":2.0},{"damage":50.0,"enemies":"The Guardian","floor":16.0,"turns":9.0},{"damage":24.0,"enemies":"Shell Parasite","floor":18.0,"turns":5.0},{"damage":13,"enemies":"2 Thieves","floor":19,"turns":4},{"damage":5,"enemies":"Chosen and Byrds","floor":20,"turns":3},{"damage":1,"enemies":"Sentry and Sphere","floor":22,"turns":3},{"damage":12,"enemies":"Gremlin Leader","floor":23,"turns":6},{"damage":23,"enemies":"Snake Plant","floor":25,"turns":2}],"seed_played":"2628353294375982186","potions_obtained":[{"floor":1.0,"key":"Ancient Potion"},{"floor":13.0,"key":"Ancient Potion"},{"floor":19,"key":"LiquidBronze"},{"floor":20,"key":"Dexterity Potion"}],"is_trial":false,"path_per_floor":["M","M","?","M","$","R","M","M","T","$","R","?","M","?","R","B",null,"M","M","M","$","M","E","R","M"],"character_chosen":"DEFECT","items_purchased":["Ball Lightning","Conserve Battery","DollysMirror"],"campfire_rested":0,"item_purchase_floors":[10,10,21],"current_hp_per_floor":[75,75,75,75,75,75,75,69,69,69,69,69,69,69,69,19,75,51,38,33,33,32,20,20,0],"gold":63,"neow_bonus":"THREE_ENEMY_KILL","is_prod":false,"is_daily":false,"chose_seed":false,"campfire_upgraded":4,"win_rate":0,"timestamp":1548665667,"path_taken":["M","M","?","M","$","R","M","M","T","$","R","?","M","?","R","BOSS","M","M","M","?","M","E","R","M"],"build_version":"2019-01-23","purchased_purges":0,"victory":false,"max_hp_per_floor":[75,75,75,75,75,75,75,75,75,75,75,75,75,75,75,75,75,75,75,75,75,75,75,75,75],"card_choices":[{"not_picked":["Genetic Algorithm","Barrage"],"picked":"Ball Lightning","floor":1.0},{"not_picked":["Gash","Turbo"],"picked":"Sweeping Beam","floor":2.0},{"not_picked":["Coolheaded","Doom and Gloom"],"picked":"Leap","floor":4.0},{"not_picked":["Go for the Eyes","Double Energy"],"picked":"Amplify","floor":7.0},{"not_picked":["Stack","Force Field"],"picked":"Sunder","floor":8.0},{"not_picked":["Aggregate","Turbo"],"picked":"Hologram","floor":13.0},{"not_picked":["Buffer","Machine Learning"],"picked":"Electrodynamics","floor":16.0},{"not_picked":[],"picked":"Redo","floor":18},{"not_picked":[],"picked":"Recycle+1","floor":19},{"not_picked":["Scrape"],"picked":"SKIP","floor":20},{"not_picked":["Recycle"],"picked":"SKIP","floor":22},{"not_picked":[],"picked":"Tempest","floor":23}],"player_experience":3274857,"relics_obtained":[{"floor":9.0,"key":"Darkstone Periapt"},{"floor":23,"key":"Molten Egg 2"}],"event_choices":[{"damage_healed":18.0,"max_hp_gain":0.0,"max_hp_loss":0.0,"gold_gain":0.0,"event_name":"The Cleric","player_choice":"Healed","floor":3.0,"gold_loss":35.0,"damage_taken":0.0},{"damage_healed":0.0,"max_hp_gain":0.0,"max_hp_loss":0.0,"gold_gain":0.0,"event_name":"Shining Light","player_choice":"Ignored","floor":12.0,"gold_loss":0.0,"damage_taken":0.0},{"cards_removed":["Strike_B"],"damage_healed":0.0,"max_hp_gain":0.0,"max_hp_loss":0.0,"gold_gain":0.0,"event_name":"NoteForYourself","player_choice":"Took Card","floor":14.0,"gold_loss":0.0,"damage_taken":0.0,"cards_obtained":["Spot Weakness"]}],"is_beta":true,"boss_relics":[{"not_picked":["Runic Pyramid","Nuclear Battery"],"picked":"Busted Crown"}],"items_purged_floors":[],"is_endless":false,"potions_floor_spawned":[1,13,19,20],"killed_by":"Snake Plant","ascension_level":0}