{"gold_per_floor":[111,111,127,140,156,189,189,47,116,116,127,59,86,102,102,199,199,219,234,234,248,248,248,86,115,189,189,217,233,233,250,250,354,354,369,369,382,382,398,398,413,413,484,516,6,16,16,35,35,35],"floor_reached":51,"playtime":4445,"items_purged":["Strike_R","Strike_R"],"score":946,"play_id":"c1c33cbb-5565-4e30-9526-469fea0f6446","local_time":"20190326154218","is_ascension_mode":true,"campfire_choices":[{"floor":7.0,"key":"REST"},{"floor":10.0,"key":"REST"},{"data":"Armaments","floor":15.0,"key":"SMITH"},{"floor":23.0,"key":"REST"},{"data":"Demon Form","floor":27.0,"key":"SMITH"},{"data":"Barricade","floor":30.0,"key":"SMITH"},{"data":"Uppercut","floor":32.0,"key":"SMITH"},{"floor":40.0,"key":"REST"},{"floor":42.0,"key":"REST"},{"data":"Disarm","floor":47.0,"key":"SMITH"},{"floor":49,"key":"REST"}],"neow_cost":"NONE","seed_source_timestamp":0,"circlet_count":0,"master_deck":["Strike_R","Strike_R","Defend_R+1","Defend_R","Defend_R","Defend_R","Bash","Armaments+1","Demon Form+1","Shrug It Off","Shockwave+1","Offering","Metallicize","Shrug It Off","Inflame","Shrug It Off","Double Tap","Battle Trance+1","Shrug It Off","Uppercut+1","Reaper","Barricade+1","Disarm+1","Immolate","Impervious","Parasite","Flame Barrier","Flame Barrier+1"],"special_seed":0,"relics":["Burning Blood","Strawberry","Ginger","Sundial","Vajra","Velvet Choker","Enchiridion","PreservedInsect","Gremlin Horn","Pear","Black Star","Paper Frog","Bottled Tornado","War Paint","Meat on the Bone","Pantograph"],"potions_floor_usage":[50],"damage_taken":[{"damage":17.0,"enemies":"Cultist","floor":1.0,"turns":6.0},{"damage":7.0,"enemies":"Small Slimes","floor":3.0,"turns":5.0},{"damage":15.0,"enemies":"2 Louse","floor":4.0,"turns":4.0},{"damage":13.0,"enemies":"2 Fungi Beasts","floor":5.0,"turns":5.0},{"damage":42.0,"enemies":"3 Sentries","floor":6.0,"turns":12.0},{"damage":13.0,"enemies":"Lots of Slimes","floor":11.0,"turns":5.0},{"damage":6.0,"enemies":"Lagavulin","floor":13.0,"turns":7.0},{"damage":10.0,"enemies":"Looter","floor":14.0,"turns":4.0},{"damage":20.0,"enemies":"Slime Boss","floor":16.0,"turns":11.0},{"damage":6.0,"enemies":"Chosen","floor":18.0,"turns":5.0},{"damage":31.0,"enemies":"Spheric Guardian","floor":19.0,"turns":7.0},{"damage":17.0,"enemies":"Shelled Parasite and Fungi","floor":21.0,"turns":7.0},{"damage":42.0,"enemies":"Gremlin Leader","floor":25.0,"turns":9.0},{"damage":44.0,"enemies":"Slavers","floor":28.0,"turns":7.0},{"damage":17.0,"enemies":"3 Cultists","floor":29.0,"turns":6.0},{"damage":53.0,"enemies":"Sentry and Sphere","floor":31.0,"turns":8.0},{"damage":6.0,"enemies":"Champ","floor":33.0,"turns":11.0},{"damage":39.0,"enemies":"3 Shapes","floor":35.0,"turns":7.0},{"damage":36.0,"enemies":"3 Darklings","floor":37.0,"turns":7.0},{"damage":98.0,"enemies":"4 Shapes","floor":39.0,"turns":6.0},{"damage":34.0,"enemies":"Sphere and 2 Shapes","floor":41.0,"turns":14.0},{"damage":45.0,"enemies":"Reptomancer","floor":44.0,"turns":7.0},{"damage":6.0,"enemies":"Writhing Mass","floor":46.0,"turns":8.0},{"damage":49,"enemies":"Transient","floor":48,"turns":5},{"damage":21,"enemies":"Time Eater","floor":50,"turns":19}],"seed_played":"-9037239196813958370","potions_obtained":[{"floor":5.0,"key":"BloodPotion"},{"floor":6.0,"key":"GamblersBrew"},{"floor":11.0,"key":"Weak Potion"},{"floor":14.0,"key":"Swift Potion"},{"floor":21.0,"key":"Weak Potion"},{"floor":29.0,"key":"EssenceOfSteel"},{"floor":33.0,"key":"EssenceOfSteel"},{"floor":37.0,"key":"Poison Potion"},{"floor":48,"key":"Ancient Potion"}],"is_trial":false,"path_per_floor":["M","?","M","M","M","E","R","$","T","R","M","$","E","M","R","B",null,"M","M","?","M","?","R","$","E","T","R","E","M","R","M","R","B",null,"M","?","M","?","M","R","M","R","T","E","$","M","R","M","R","B",null],"character_chosen":"IRONCLAD","items_purchased":["Metallicize","Inflame","Reaper","Impervious","Pantograph"],"campfire_rested":6,"item_purchase_floors":[8,12,24,45,45],"current_hp_per_floor":[76,76,75,66,59,23,49,49,49,75,68,68,68,64,64,50,87,87,62,62,51,35,61,61,81,81,81,91,97,97,83,83,97,97,84,84,97,97,14,43,38,67,67,69,69,88,88,55,84,97],"gold":35,"neow_bonus":"RANDOM_COMMON_RELIC","is_prod":false,"is_daily":false,"chose_seed":false,"campfire_upgraded":5,"win_rate":0,"timestamp":1553611338,"path_taken":["M","?","M","M","M","E","R","$","T","R","?","?","E","M","R","BOSS","BOSS","M","M","?","?","?","R","$","E","T","R","E","M","R","M","R","BOSS","M","?","?","?","?","R","M","R","T","E","?","M","R","M","R","BOSS"],"build_version":"2019-01-23","purchased_purges":2,"victory":true,"max_hp_per_floor":[87,87,87,87,87,87,87,87,87,87,87,87,87,87,87,87,87,87,87,87,87,87,87,87,87,87,87,97,97,97,97,97,97,97,97,97,97,97,97,97,97,97,97,97,97,97,97,97,97,97],"card_choices":[{"not_picked":["Twin Strike","Warcry"],"picked":"Armaments","floor":1.0},{"not_picked":["Flex","Spot Weakness"],"picked":"Shrug It Off","floor":3.0},{"not_picked":["Havoc","Wild Strike"],"picked":"Shockwave","floor":4.0},{"not_picked":["Cleave","Rage","Warcry"],"picked":"SKIP","floor":5.0},{"not_picked":["Clothesline","Twin Strike"],"picked":"Offering","floor":6.0},{"not_picked":["Anger","Iron Wave"],"picked":"Shrug It Off","floor":11.0},{"not_picked":["Entrench","Burning Pact"],"picked":"Shrug It Off","floor":13.0},{"not_picked":["Seeing Red","Wild Strike","Iron Wave"],"picked":"SKIP","floor":14.0},{"not_picked":["Brutality","Bludgeon"],"picked":"Double Tap","floor":16.0},{"not_picked":["Combust","Pommel Strike","Inflame"],"picked":"SKIP","floor":18.0},{"not_picked":["Clash+1","Cleave"],"picked":"Battle Trance+1","floor":19.0},{"not_picked":["Shrug It Off+1","Heavy Blade"],"picked":"Uppercut","floor":21.0},{"not_picked":["Shockwave","Clothesline+1","Cleave"],"picked":"SKIP","floor":25.0},{"not_picked":["Blood for Blood","Battle Trance"],"picked":"Barricade","floor":28.0},{"not_picked":["Havoc","Uppercut","Armaments+1"],"picked":"SKIP","floor":29.0},{"not_picked":["Sentinel+1","Pummel+1"],"picked":"Disarm","floor":31.0},{"not_picked":["Twin Strike+1","Rampage+1","Thunderclap+1"],"picked":"SKIP","floor":35.0},{"not_picked":["Headbutt","Cleave","Shrug It Off"],"picked":"SKIP","floor":37.0},{"not_picked":["Dual Wield","Anger","Twin Strike+1"],"picked":"SKIP","floor":39.0},{"not_picked":["Havoc","Anger"],"picked":"Immolate","floor":41.0},{"not_picked":["Headbutt+1","Burning Pact+1","Power Through"],"picked":"SKIP","floor":44.0},{"not_picked":["True Grit+1","Sword Boomerang+1"],"picked":"Flame Barrier","floor":46.0},{"not_picked":["Heavy Blade+1","Twin Strike+1"],"picked":"Flame Barrier+1","floor":48}],"player_experience":81757,"relics_obtained":[{"floor":6.0,"key":"Ginger"},{"floor":9.0,"key":"Sundial"},{"floor":13.0,"key":"Vajra"},{"floor":22.0,"key":"Enchiridion"},{"floor":25.0,"key":"PreservedInsect"},{"floor":26.0,"key":"Gremlin Horn"},{"floor":28.0,"key":"Pear"},{"floor":36.0,"key":"Paper Frog"},{"floor":43.0,"key":"Bottled Tornado"},{"floor":44.0,"key":"War Paint"},{"floor":44.0,"key":"Meat on the Bone"}],"event_choices":[{"damage_healed":0.0,"max_hp_gain":0.0,"max_hp_loss":0.0,"gold_gain":0.0,"cards_transformed":["Strike_R"],"event_name":"Transmorgrifier","player_choice":"Transformed","floor":2.0,"gold_loss":0.0,"damage_taken":0.0,"cards_obtained":["Demon Form"]},{"damage_healed":0.0,"max_hp_gain":0.0,"max_hp_loss":0.0,"gold_gain":0.0,"event_name":"Duplicator","player_choice":"Copied","floor":20.0,"gold_loss":0.0,"damage_taken":0.0,"cards_obtained":["Shrug It Off"]},{"damage_healed":0.0,"max_hp_gain":0.0,"max_hp_loss":0.0,"gold_gain":0.0,"event_name":"Cursed Tome","player_choice":"Obtained Book","floor":22.0,"gold_loss":0.0,"damage_taken":16.0},{"damage_healed":0.0,"max_hp_gain":0.0,"max_hp_loss":0.0,"gold_gain":0.0,"event_name":"Wheel of Change","player_choice":"Relic","floor":36.0,"gold_loss":0.0,"damage_taken":0.0},{"damage_healed":0.0,"max_hp_gain":0.0,"max_hp_loss":0.0,"gold_gain":0.0,"event_name":"Wheel of Change","player_choice":"Full Heal","floor":38.0,"gold_loss":0.0,"damage_taken":0.0}],"is_beta":false,"boss_relics":[{"not_picked":["Astrolabe","Orrery"],"picked":"Velvet Choker"},{"not_picked":["Busted Crown","Empty Cage"],"picked":"Black Star"}],"items_purged_floors":[8,45],"is_endless":false,"potions_floor_spawned":[5,6,11,14,21,25,28,29,33,37,48],"ascension_level":3}