{"gold_per_floor":[109,8,24,41,57,57,83,83,83,33,33,44,57,70,70,168,168,186,206,223,52,62,90,90,90],"floor_reached":25,"playtime":1132,"items_purged":["Strike_B","Strike_B"],"score":227,"play_id":"6e40c637-a75b-4e0b-9e87-85bdea35e21e","local_time":"20180704182817","is_ascension_mode":false,"campfire_choices":[{"data":"Zap","floor":6,"key":"SMITH"},{"floor":11,"key":"REST"},{"floor":15,"key":"REST"},{"floor":24,"key":"REST"}],"neow_cost":"NONE","seed_source_timestamp":27933176367083,"circlet_count":0,"master_deck":["Strike_B","Defend_B","Defend_B","Defend_B","Defend_B","Zap+1","Ball Lightning","Steam","Hologram","Capacitor","Melter","Streamline","Ball Lightning","Gash","Biased Cognition","Leap","Consume+1","Ball Lightning","Capacitor","Tempest+1","Static Discharge"],"relics":["Cracked Core","Orichalcum","Blood Vial","Sozu","Darkstone Periapt"],"potions_floor_usage":[23],"damage_taken":[{"damage":0,"enemies":"2 Louse","floor":1,"turns":3},{"damage":2,"enemies":"Small Slimes","floor":3,"turns":3},{"damage":0,"enemies":"Jaw Worm","floor":4,"turns":2},{"damage":18,"enemies":"Large Slime","floor":5,"turns":6},{"damage":34,"enemies":"Gremlin Nob","floor":7,"turns":5},{"damage":3,"enemies":"2 Fungi Beasts","floor":12,"turns":3},{"damage":13,"enemies":"Gremlin Gang","floor":13,"turns":4},{"damage":14,"enemies":"3 Louse","floor":14,"turns":3},{"damage":41,"enemies":"The Guardian","floor":16,"turns":10},{"damage":7,"enemies":"Spheric Guardian","floor":18,"turns":3},{"damage":2,"enemies":"Chosen","floor":19,"turns":3},{"damage":20,"enemies":"Centurion and Healer","floor":20,"turns":4},{"damage":30,"enemies":"Snake Plant","floor":22,"turns":4},{"damage":19,"enemies":"Book of Stabbing","floor":23,"turns":3},{"damage":40,"enemies":"Gremlin Leader","floor":25,"turns":4}],"seed_played":"5084226833755852865","potions_obtained":[{"floor":1,"key":"Ancient Potion"},{"floor":3,"key":"PowerPotion"},{"floor":4,"key":"Fire Potion"}],"is_trial":false,"path_per_floor":["M","$","M","M","M","R","E","?","T","?","R","M","M","M","R","B",null,"M","M","M","$","M","E","R"],"character_chosen":"DEFECT","items_purchased":["Steam","Capacitor"],"campfire_rested":3,"item_purchase_floors":[2,21],"current_hp_per_floor":[82,82,80,80,62,62,28,28,28,28,52,51,40,28,52,13,82,75,75,57,57,29,12,36,0],"gold":90,"neow_bonus":"TEN_PERCENT_HP_BONUS","is_prod":false,"is_daily":false,"chose_seed":false,"campfire_upgraded":1,"win_rate":0.0,"timestamp":1530743297,"path_taken":["M","$","M","M","M","R","E","?","T","?","R","M","M","M","R","BOSS","M","M","M","$","M","E","R","E"],"build_version":"2018-06-28","purchased_purges":2,"victory":false,"max_hp_per_floor":[82,82,82,82,82,82,82,82,82,82,82,82,82,82,82,82,82,82,82,82,82,82,82,82,82],"card_choices":[{"not_picked":["Gash","Steam Power"],"picked":"Ball Lightning","floor":1},{"not_picked":["White Noise","Cold Snap"],"picked":"Hologram","floor":3},{"not_picked":["Rip and Tear","Turbo","Steam"],"picked":"SKIP","floor":4},{"not_picked":["Turbo","Go for the Eyes"],"picked":"Capacitor","floor":5},{"not_picked":["Hologram","Self Repair"],"picked":"Melter","floor":7},{"not_picked":["Scrape","Turbo"],"picked":"Streamline","floor":12},{"not_picked":["Steam","Hologram"],"picked":"Ball Lightning","floor":13},{"not_picked":["Chaos","Scrape"],"picked":"Gash","floor":14},{"not_picked":["Core Surge","Machine Learning"],"picked":"Biased Cognition","floor":16},{"not_picked":["Ball Lightning","Coolheaded"],"picked":"Leap","floor":18},{"not_picked":["Leap","Streamline"],"picked":"Consume+1","floor":19},{"not_picked":["FTL+1","Coolheaded"],"picked":"Ball Lightning","floor":20},{"not_picked":["Double Energy","Redo"],"picked":"Tempest+1","floor":22},{"not_picked":["Steam","Stack+1"],"picked":"Static Discharge","floor":23}],"player_experience":187642,"relics_obtained":[{"floor":7,"key":"Orichalcum"},{"floor":9,"key":"Blood Vial"},{"floor":23,"key":"Darkstone Periapt"}],"event_choices":[{"event_name":"Living Wall","player_choice":"Forget","floor":8,"damage_taken":0},{"event_name":"The Cleric","player_choice":"Card Removal","floor":10,"damage_taken":0}],"boss_relics":[{"not_picked":["Eternal Feather","Fusion Hammer"],"picked":"Sozu"}],"items_purged_floors":[2,21],"is_endless":false,"potions_floor_spawned":[1,3,4,12,16,19,22],"killed_by":"Gremlin Leader","ascension_level":0}