{"gold_per_floor":[114,114,13,40,40,73,73,87,110,122,147,159,31,48,48,147,147,158,171,171,185,185,185,198,123,123,123,123,123,136,146,146,146],"floor_reached":33,"playtime":1170,"items_purged":[],"score":270,"play_id":"f3d1276a-ffdc-46ab-8425-dc2413f51219","local_time":"20190407023545","is_ascension_mode":true,"campfire_choices":[{"data":"Noxious Fumes","floor":7,"key":"SMITH"},{"data":"Noxious Fumes","floor":15,"key":"SMITH"},{"floor":23,"key":"REST"},{"floor":27,"key":"REST"},{"floor":29,"key":"REST"},{"floor":32,"key":"REST"}],"neow_cost":"NONE","seed_source_timestamp":286584068839466,"circlet_count":0,"master_deck":["Survivor","Neutralize","Noxious Fumes+1","Burst","Deadly Poison","Bane","Bane+1","Poisoned Stab","Noxious Fumes+1","Outmaneuver","Poisoned Stab","Terror","Corpse Explosion","Masterful Stab","Adrenaline","Footwork","Caltrops","Outmaneuver","Backflip","Die Die Die","Predator","Catalyst+1"],"relics":["Sozu","Omamori","Unceasing Top","MawBank","Pandora\u0027s Box","Ice Cream","NlothsMask"],"potions_floor_usage":[],"damage_taken":[{"damage":1,"enemies":"Small Slimes","floor":1,"turns":5},{"damage":18,"enemies":"Lagavulin","floor":6,"turns":7},{"damage":0,"enemies":"Cultist","floor":8,"turns":3},{"damage":0,"enemies":"2 Louse","floor":11,"turns":2},{"damage":7,"enemies":"2 Fungi Beasts","floor":14,"turns":3},{"damage":19,"enemies":"Hexaghost","floor":16,"turns":7},{"damage":2,"enemies":"Chosen","floor":18,"turns":3},{"damage":30,"enemies":"3 Byrds","floor":19,"turns":3},{"damage":11,"enemies":"Snecko","floor":21,"turns":4},{"damage":26,"enemies":"Sentry and Sphere","floor":24,"turns":5},{"damage":42,"enemies":"Snake Plant","floor":30,"turns":4},{"damage":18,"enemies":"Snecko","floor":31,"turns":3},{"damage":43,"enemies":"Champ","floor":33,"turns":3}],"seed_played":"-8183008316588837554","potions_obtained":[],"is_trial":false,"path_per_floor":["M","?","$","T","?","E","R","M","T","?","M","?","$","M","R","B",null,"M","M","$","M","?","R","M","?","T","R","?","R","M","M","R","B"],"character_chosen":"THE_SILENT","items_purchased":["Deadly Poison","Bane","Noxious Fumes","Outmaneuver","Poisoned Stab"],"campfire_rested":4,"item_purchase_floors":[3,3,13,13,13],"current_hp_per_floor":[69,69,69,69,62,44,44,44,44,30,30,47,47,40,40,21,70,68,38,38,27,27,48,22,22,22,43,43,64,22,4,25,0],"gold":146,"neow_bonus":"BOSS_RELIC","is_prod":false,"is_daily":false,"chose_seed":false,"campfire_upgraded":2,"win_rate":0,"timestamp":1554618945,"path_taken":["M","?","$","?","?","E","R","M","T","?","M","?","$","M","R","BOSS","M","M","$","M","?","R","M","?","T","R","?","R","M","M","R","BOSS"],"build_version":"2019-01-23","purchased_purges":0,"victory":false,"max_hp_per_floor":[70,70,70,70,70,70,70,70,70,70,70,70,70,70,70,70,70,70,70,70,70,70,70,70,70,70,70,70,70,70,70,70,70],"card_choices":[{"not_picked":["Reflex","Deadly Poison"],"picked":"Noxious Fumes","floor":1},{"not_picked":["Dagger Spray","All Out Attack"],"picked":"Bane","floor":6},{"not_picked":["Backflip","Cloak And Dagger"],"picked":"Poisoned Stab","floor":8},{"not_picked":["Cloak And Dagger","Slice","Phantasmal Killer"],"picked":"SKIP","floor":11},{"not_picked":["Tactician","Dagger Spray"],"picked":"Terror","floor":14},{"not_picked":["Phantasmal Killer","Tools of the Trade"],"picked":"Corpse Explosion","floor":16},{"not_picked":["Dagger Throw+1","Sucker Punch","Slice"],"picked":"SKIP","floor":18},{"not_picked":["Acrobatics","Flechettes"],"picked":"Predator","floor":19},{"not_picked":["Sucker Punch","Blade Dance+1","PiercingWail"],"picked":"SKIP","floor":21},{"not_picked":["Predator+1","Endless Agony","Blade Dance"],"picked":"SKIP","floor":24},{"not_picked":["Dash","Flechettes+1"],"picked":"Catalyst+1","floor":30},{"not_picked":["Tactician+1","Acrobatics+1","Slice"],"picked":"SKIP","floor":31}],"player_experience":220839,"relics_obtained":[{"floor":4,"key":"Omamori"},{"floor":6,"key":"Unceasing Top"},{"floor":9,"key":"MawBank"},{"floor":26,"key":"Ice Cream"}],"event_choices":[{"damage_healed":0,"gold_gain":0,"cards_transformed":["Strike_G"],"player_choice":"Transformed","damage_taken":0,"max_hp_gain":0,"max_hp_loss":0,"event_name":"Transmorgrifier","floor":2,"gold_loss":0,"cards_obtained":["Burst"]},{"cards_removed":["Strike_G"],"damage_healed":0,"gold_gain":0,"player_choice":"Card Removal","damage_taken":7,"max_hp_gain":0,"max_hp_loss":0,"event_name":"Golden Wing","floor":5,"gold_loss":0},{"damage_healed":0,"gold_gain":0,"player_choice":"Entered Light","damage_taken":14,"max_hp_gain":0,"max_hp_loss":0,"event_name":"Shining Light","floor":10,"gold_loss":0,"cards_upgraded":["Defend_G","Bane"]},{"damage_healed":17,"gold_gain":0,"player_choice":"Healed and dodged fight","damage_taken":0,"max_hp_gain":0,"max_hp_loss":0,"event_name":"Mushrooms","floor":12,"gold_loss":0,"cards_obtained":["Parasite"]},{"damage_healed":0,"gold_gain":0,"player_choice":"Smashed Altar","damage_taken":0,"max_hp_gain":0,"max_hp_loss":0,"event_name":"Forgotten Altar","floor":22,"gold_loss":0,"cards_obtained":["Decay"]},{"cards_removed":["Burst"],"damage_healed":0,"gold_gain":0,"player_choice":"Gave Gold","damage_taken":0,"max_hp_gain":0,"max_hp_loss":0,"event_name":"Beggar","floor":25,"gold_loss":75},{"damage_healed":0,"gold_gain":0,"player_choice":"Trade","damage_taken":0,"relics_obtained":["NlothsMask"],"max_hp_gain":0,"max_hp_loss":0,"event_name":"FaceTrader","floor":28,"gold_loss":0}],"is_beta":false,"boss_relics":[{"not_picked":["Snecko Eye","WristBlade"],"picked":"Pandora\u0027s Box"}],"items_purged_floors":[],"is_endless":false,"potions_floor_spawned":[1,14,30,31],"killed_by":"Champ","ascension_level":2}