{"gold_per_floor":[113,128,145,7,7,7,63,63,90,52,82,82,82,97,97,217,217,233,233,11,30,45,45,76,76,101,121,121,164,164,177,177,297,297,310,435,448,12,30,61,61,94,94,135,159,159,179,198,198,198,198,198,6,45,45],"floor_reached":55,"playtime":3824,"items_purged":["Strike_B+1","Strike_B+1"],"score":834,"play_id":"3732370c-aa38-4b0f-8e87-0ac9b663cd44","local_time":"20190208123520","is_ascension_mode":true,"campfire_choices":[{"data":"Capacitor","floor":6.0,"key":"SMITH"},{"data":"Lockon","floor":8.0,"key":"SMITH"},{"data":"Consume","floor":12.0,"key":"SMITH"},{"data":"Zap","floor":15.0,"key":"SMITH"},{"data":"Redo","floor":23.0,"key":"SMITH"},{"data":"Fusion","floor":25.0,"key":"SMITH"},{"data":"Multi-Cast","floor":28.0,"key":"SMITH"},{"floor":32.0,"key":"REST"},{"data":"Storm","floor":41.0,"key":"SMITH"},{"floor":49.0,"key":"RECALL"},{"data":"Apotheosis","floor":52,"key":"SMITH"}],"neow_cost":"NONE","seed_source_timestamp":1203742169158200,"circlet_count":0,"master_deck":["Strike_B+1","Strike_B+1","Defend_B+1","Defend_B+1","Defend_B+1","Defend_B+1","Zap+1","Dualcast+1","Multi-Cast+1","Streamline","Glacier","Capacitor+1","Self Repair","Leap","Beam Cell","Lockon+1","Consume+1","Electrodynamics","Cold Snap","Fission+1","Tempest","Fusion+1","Static Discharge+1","Redo+1","Cold Snap+1","Go for the Eyes+1","Echo Form","BootSequence","Echo Form","Storm+1","Compile Driver+1","Ball Lightning+1","Coolheaded","Meteor Strike","White Noise","Conserve Battery+1","Capacitor+1","Steam Power+1","Doubt","Thinking Ahead","Apotheosis+1","Bandage Up","Self Repair+1","Glacier","Consume","Steam Power+1"],"special_seed":0,"relics":["Cracked Core","Mercury Hourglass","Kunai","Ancient Tea Set","Smiling Mask","Golden Idol","Nuclear Battery","War Paint","Bronze Scales","Centennial Puzzle","Regal Pillow","Cursed Key","Du-Vu Doll","Vajra","Nunchaku","Whetstone","Oddly Smooth Stone","Boot"],"potions_floor_usage":[50,50,54],"damage_taken":[{"damage":3.0,"enemies":"Jaw Worm","floor":1.0,"turns":3.0},{"damage":0.0,"enemies":"Small Slimes","floor":2.0,"turns":2.0},{"damage":0.0,"enemies":"2 Louse","floor":3.0,"turns":2.0},{"damage":0.0,"enemies":"3 Sentries","floor":7.0,"turns":7.0},{"damage":22.0,"enemies":"Gremlin Nob","floor":11.0,"turns":4.0},{"damage":0.0,"enemies":"Exordium Thugs","floor":14.0,"turns":2.0},{"damage":17.0,"enemies":"Slime Boss","floor":16.0,"turns":8.0},{"damage":4.0,"enemies":"Shell Parasite","floor":18.0,"turns":6.0},{"damage":2.0,"enemies":"3 Byrds","floor":21.0,"turns":3.0},{"damage":7.0,"enemies":"3 Cultists","floor":22.0,"turns":4.0},{"damage":24.0,"enemies":"Slavers","floor":24.0,"turns":2.0},{"damage":7.0,"enemies":"Snecko","floor":27.0,"turns":3.0},{"damage":14.0,"enemies":"Gremlin Leader","floor":29.0,"turns":5.0},{"damage":29.0,"enemies":"Colosseum Slavers","floor":30.0,"turns":4.0},{"damage":0.0,"enemies":"Cultist and Chosen","floor":31.0,"turns":5.0},{"damage":4.0,"enemies":"Champ","floor":33.0,"turns":8.0},{"damage":6.0,"enemies":"Orb Walker","floor":35.0,"turns":3.0},{"damage":0.0,"enemies":"Mind Bloom Boss Battle","floor":36.0,"turns":3.0},{"damage":7.0,"enemies":"3 Shapes","floor":37.0,"turns":5.0},{"damage":0.0,"enemies":"Sphere and 2 Shapes","floor":39.0,"turns":2.0},{"damage":8.0,"enemies":"Giant Head","floor":40.0,"turns":6.0},{"damage":0.0,"enemies":"Reptomancer","floor":42.0,"turns":4.0},{"damage":8.0,"enemies":"Nemesis","floor":44.0,"turns":5.0},{"damage":14.0,"enemies":"Maw","floor":45.0,"turns":4.0},{"damage":16.0,"enemies":"Transient","floor":47.0,"turns":5.0},{"damage":12.0,"enemies":"Spire Growth","floor":48.0,"turns":3.0},{"damage":24,"enemies":"Time Eater","floor":50,"turns":6},{"damage":15,"enemies":"Shield and Spear","floor":54,"turns":4},{"damage":75,"enemies":"The Heart","floor":55,"turns":3}],"seed_played":"-7450518181630080735","potions_obtained":[{"floor":1.0,"key":"Dexterity Potion"},{"floor":2.0,"key":"Strength Potion"},{"floor":11.0,"key":"Ancient Potion"},{"floor":18.0,"key":"Energy Potion"},{"floor":24.0,"key":"Regen Potion"},{"floor":36.0,"key":"Explosive Potion"},{"floor":39.0,"key":"EssenceOfSteel"},{"floor":40.0,"key":"FocusPotion"}],"is_trial":false,"path_per_floor":["M","M","M","$","?","R","?","R","T","$","E","R","?","M","R","B",null,"M","?","$","M","M","R","E","R","T","M","R","E","?","M","R","B",null,"M","?","M","$","M","E","R","E","T","E","M","?","M","M","R","B",null,"R","$","E","B"],"character_chosen":"DEFECT","items_purchased":["Self Repair","Leap","Beam Cell","Consume","Fusion","War Paint","Coolheaded","Vajra","Meteor Strike","White Noise","Glacier","Consume"],"campfire_rested":1,"item_purchase_floors":[4,4,4,10,20,20,38,38,38,38,53,53],"current_hp_per_floor":[72,72,72,72,47,47,54,54,54,54,39,39,39,46,46,36,69,69,69,69,69,62,62,38,38,38,43,43,36,14,28,63,66,69,69,69,69,69,69,68,68,69,69,68,61,51,51,49,49,55,69,69,69,54,0],"gold":45,"neow_bonus":"ONE_RANDOM_RARE_CARD","is_prod":false,"is_daily":false,"chose_seed":false,"campfire_upgraded":9,"win_rate":0,"timestamp":1549658120,"path_taken":["M","M","M","$","?","R","?","R","T","?","E","R","?","M","R","BOSS","M","?","$","M","M","R","E","R","T","M","R","E","?","M","R","BOSS","M","?","M","$","M","E","R","E","T","E","M","?","M","M","R","BOSS","R","$","E","BOSS"],"build_version":"2019-02-06","purchased_purges":2,"victory":false,"max_hp_per_floor":[75,75,75,75,75,75,75,75,75,75,75,75,69,69,69,69,69,69,69,69,69,69,69,69,69,69,69,69,69,69,69,69,69,69,69,69,69,69,69,69,69,69,69,69,69,69,69,69,69,69,69,69,69,69,69],"card_choices":[{"not_picked":["Blizzard","Steam Power"],"picked":"Streamline","floor":1.0},{"not_picked":["Recycle","Static Discharge"],"picked":"Glacier","floor":2.0},{"not_picked":["Force Field","Streamline"],"picked":"Capacitor","floor":3.0},{"not_picked":["Steam","Hologram"],"picked":"Lockon","floor":7.0},{"not_picked":["Stack","Rebound"],"picked":"Electrodynamics","floor":11.0},{"not_picked":["Conserve Battery","Gash"],"picked":"Cold Snap","floor":14.0},{"not_picked":["Amplify","Machine Learning"],"picked":"Fission","floor":16.0},{"not_picked":["Cold Snap","Go for the Eyes+1"],"picked":"Tempest","floor":18.0},{"not_picked":["Genetic Algorithm","Fusion"],"picked":"Static Discharge+1","floor":21.0},{"not_picked":["Beam Cell","Rebound+1"],"picked":"Redo","floor":22.0},{"not_picked":["Stack+1","Leap"],"picked":"Cold Snap","floor":24.0},{"not_picked":["Consume","Sweeping Beam"],"picked":"Go for the Eyes","floor":27.0},{"not_picked":["Scrape","Beam Cell"],"picked":"Echo Form","floor":29.0},{"not_picked":["Stack+1","Reprogram"],"picked":"BootSequence","floor":31.0},{"not_picked":["Reboot","Core Surge"],"picked":"Echo Form","floor":33.0},{"not_picked":["Rebound","Hello World+1"],"picked":"Storm","floor":35.0},{"not_picked":["Sunder","Go for the Eyes"],"picked":"Compile Driver+1","floor":36.0},{"not_picked":["Genetic Algorithm","Gash+1"],"picked":"Ball Lightning+1","floor":37.0},{"not_picked":["Tempest","Static Discharge"],"picked":"Conserve Battery+1","floor":39.0},{"not_picked":["Cold Snap","Redo+1"],"picked":"Capacitor+1","floor":40.0},{"not_picked":["Ball Lightning","Auto Shields"],"picked":"Steam Power+1","floor":42.0},{"not_picked":["Gash+1","Self Repair+1","Leap"],"picked":"SKIP","floor":44.0},{"not_picked":["Blizzard+1","Sunder+1","Barrage+1"],"picked":"SKIP","floor":45.0},{"not_picked":["Flash of Steel","Transmutation"],"picked":"Thinking Ahead","floor":46.0},{"not_picked":["Metamorphosis","Secret Weapon"],"picked":"Apotheosis","floor":46.0},{"not_picked":["Forethought","Purity"],"picked":"Bandage Up","floor":46.0},{"not_picked":["Cold Snap","Doom and Gloom+1","Rebound+1"],"picked":"SKIP","floor":47.0},{"not_picked":["Chill+1","Hologram"],"picked":"Self Repair+1","floor":48.0},{"not_picked":["Rebound+1","Chill"],"picked":"Steam Power+1","floor":54}],"player_experience":3246080,"relics_obtained":[{"floor":7.0,"key":"Kunai"},{"floor":9.0,"key":"Ancient Tea Set"},{"floor":11.0,"key":"Smiling Mask"},{"floor":24.0,"key":"Bronze Scales"},{"floor":26.0,"key":"Centennial Puzzle"},{"floor":29.0,"key":"Regal Pillow"},{"floor":36.0,"key":"Du-Vu Doll"},{"floor":40.0,"key":"Nunchaku"},{"floor":42.0,"key":"Whetstone"},{"floor":44.0,"key":"Oddly Smooth Stone"},{"floor":54,"key":"Boot"}],"event_choices":[{"damage_healed":0.0,"max_hp_gain":0.0,"max_hp_loss":0.0,"gold_gain":0.0,"event_name":"Scrap Ooze","player_choice":"Success","floor":5.0,"gold_loss":0.0,"damage_taken":25.0,"relics_obtained":["Mercury Hourglass"]},{"damage_healed":0.0,"max_hp_gain":0.0,"max_hp_loss":0.0,"gold_gain":0.0,"event_name":"Dead Adventurer","player_choice":"Searched \u00272\u0027 times","floor":7.0,"gold_loss":0.0,"damage_taken":0.0},{"damage_healed":0.0,"max_hp_gain":0.0,"max_hp_loss":6.0,"gold_gain":0.0,"event_name":"Golden Idol","player_choice":"Lose Max HP","floor":13.0,"gold_loss":0.0,"damage_taken":0.0,"relics_obtained":["Golden Idol"]},{"damage_healed":0.0,"max_hp_gain":0.0,"max_hp_loss":0.0,"gold_gain":0.0,"event_name":"Back to Basics","player_choice":"Simplicity","floor":19.0,"gold_loss":0.0,"damage_taken":0.0,"cards_upgraded":["Strike_B","Strike_B","Strike_B","Strike_B","Defend_B","Defend_B","Defend_B","Defend_B"]},{"damage_healed":0.0,"max_hp_gain":0.0,"max_hp_loss":0.0,"gold_gain":0.0,"event_name":"Colosseum","player_choice":"Fight","floor":30.0,"gold_loss":0.0,"damage_taken":0.0},{"damage_healed":0.0,"max_hp_gain":0.0,"max_hp_loss":0.0,"gold_gain":0.0,"event_name":"Colosseum","player_choice":"Fled From Nobs","floor":30.0,"gold_loss":0.0,"damage_taken":0.0},{"damage_healed":0.0,"max_hp_gain":0.0,"max_hp_loss":0.0,"gold_gain":0.0,"event_name":"MindBloom","player_choice":"Fight","floor":36.0,"gold_loss":0.0,"damage_taken":0.0},{"damage_healed":0.0,"max_hp_gain":0.0,"max_hp_loss":0.0,"gold_gain":0.0,"event_name":"SensoryStone","player_choice":"Memory 3","floor":46.0,"gold_loss":0.0,"damage_taken":10.0}],"is_beta":true,"boss_relics":[{"not_picked":["Busted Crown","Fusion Hammer"],"picked":"Nuclear Battery"},{"not_picked":["White Beast Statue","Coffee Dripper"],"picked":"Cursed Key"}],"items_purged_floors":[38,53],"is_endless":false,"potions_floor_spawned":[1,2,11,18,24,30,36,39,40,45,48],"killed_by":"The Heart","ascension_level":1}