{"path_per_floor":["M","?","?","M","M","E","M","R","T","$","M","?","R","$","R","B",null,"M","M","$","?","M","R","M","M","T","R","?","R","M","M","R","B",null,"M","M","$"],"character_chosen":"IRONCLAD","items_purchased":["Lantern","Perfected Strike","Bronze Scales"],"gold_per_floor":[114,114,114,130,147,178,197,197,221,17,35,35,35,35,35,140,140,150,170,95,95,110,110,126,141,141,141,141,141,159,175,175,280,280,296,308,59,59],"floor_reached":38,"campfire_rested":6,"playtime":2616,"item_purchase_floors":[10,10,37],"current_hp_per_floor":[80,85,85,84,85,60,49,74,74,74,61,61,85,85,85,53,85,70,66,66,66,32,57,57,43,43,68,68,85,41,28,53,17,85,73,21,21,0],"items_purged":["Defend_R","Bash"],"gold":59,"score":378,"play_id":"b03d3b12-53e9-495d-86d5-4ab79afd2edd","local_time":"20180619140144","is_prod":false,"is_daily":false,"chose_seed":false,"is_ascension_mode":false,"campfire_upgraded":1,"win_rate":0.0,"timestamp":1529431304,"campfire_choices":[{"floor":8,"key":"REST"},{"floor":13,"key":"REST"},{"data":"Perfected Strike","floor":15,"key":"SMITH"},{"floor":23,"key":"REST"},{"floor":27,"key":"REST"},{"floor":29,"key":"REST"},{"floor":32,"key":"REST"}],"path_taken":["M","?","?","M","M","E","?","R","T","$","M","?","R","?","R","BOSS","M","M","$","?","M","R","M","M","T","R","?","R","?","M","R","BOSS","M","M","$","M"],"build_version":"2018-06-14v2","seed_source_timestamp":320302589528674,"purchased_purges":2,"victory":false,"master_deck":["Strike_R+1","Strike_R","Strike_R","Strike_R","Strike_R","Perfected Strike+1","Perfected Strike+1","Demon Form","Clash+1","Blood for Blood","Carnage+1","Clash+1"],"max_hp_per_floor":[80,85,85,85,85,85,85,85,85,85,85,85,85,85,85,85,85,85,85,85,85,85,85,85,85,85,85,85,85,85,85,85,85,85,85,85,85,85],"relics":["Burning Blood","Blood Vial","Art of War","Vajra","Lantern","Empty Cage","Whetstone","White Beast Statue","Bronze Scales"],"card_choices":[{"not_picked":["True Grit","Shrug It Off"],"picked":"Perfected Strike","floor":1},{"not_picked":["Flex","Rampage","Dropkick"],"picked":"SKIP","floor":4},{"not_picked":["Body Slam","Shrug It Off","Power Through"],"picked":"SKIP","floor":5},{"not_picked":["Warcry","Dual Wield","Rampage"],"picked":"SKIP","floor":6},{"not_picked":["Body Slam","Thunderclap","Flex"],"picked":"SKIP","floor":7},{"not_picked":["Feel No Pain","Bloodletting","Thunderclap"],"picked":"SKIP","floor":11},{"not_picked":["Feed","Brutality"],"picked":"Demon Form","floor":16},{"not_picked":["Ghostly Armor+1","Fire Breathing"],"picked":"Clash+1","floor":18},{"not_picked":["Sentinel","Pommel Strike"],"picked":"Blood for Blood","floor":19},{"not_picked":["Flex+1","Warcry"],"picked":"Carnage","floor":22},{"not_picked":["Whirlwind","Power Through+1","Thunderclap"],"picked":"SKIP","floor":24},{"not_picked":["Berserk","Anger+1","Iron Wave"],"picked":"SKIP","floor":25},{"not_picked":["Warcry","Clash","Pommel Strike"],"picked":"SKIP","floor":30},{"not_picked":["Headbutt","Clash","Rage+1"],"picked":"SKIP","floor":31},{"not_picked":["Ghostly Armor+1","Heavy Blade","Pummel"],"picked":"SKIP","floor":35},{"not_picked":["Headbutt","Rage+1","Shockwave"],"picked":"SKIP","floor":36}],"player_experience":116859,"potions_floor_usage":[18,33,33,33,36,38],"damage_taken":[{"damage":1,"enemies":"2 Louse","floor":1,"turns":4},{"damage":7,"enemies":"Small Slimes","floor":4,"turns":3},{"damage":1,"enemies":"Cultist","floor":5,"turns":3},{"damage":31,"enemies":"3 Sentries","floor":6,"turns":10},{"damage":19,"enemies":"Blue Slaver","floor":7,"turns":3},{"damage":21,"enemies":"Lots of Slimes","floor":11,"turns":4},{"damage":38,"enemies":"Slime Boss","floor":16,"turns":9},{"damage":21,"enemies":"Chosen","floor":18,"turns":4},{"damage":12,"enemies":"Shell Parasite","floor":19,"turns":2},{"damage":42,"enemies":"Snake Plant","floor":22,"turns":3},{"damage":8,"enemies":"Snecko","floor":24,"turns":3},{"damage":22,"enemies":"Cultist and Chosen","floor":25,"turns":5},{"damage":50,"enemies":"Centurion and Healer","floor":30,"turns":4},{"damage":21,"enemies":"Snake Plant","floor":31,"turns":2},{"damage":58,"enemies":"Automaton","floor":33,"turns":5},{"damage":18,"enemies":"3 Shapes","floor":35,"turns":3},{"damage":60,"enemies":"3 Darklings","floor":36,"turns":5},{"damage":27,"enemies":"4 Shapes","floor":38,"turns":2}],"relics_obtained":[{"floor":6,"key":"Art of War"},{"floor":9,"key":"Vajra"},{"floor":26,"key":"Whetstone"}],"event_choices":[{"event_name":"Big Fish","player_choice":"Donut","floor":2,"damage_taken":0},{"event_name":"Bonfire Elementals","player_choice":"BASIC","floor":3,"damage_taken":0},{"event_name":"Accursed Blacksmith","player_choice":"Forge","floor":12,"damage_taken":0},{"event_name":"The Mausoleum","player_choice":"No","floor":21,"damage_taken":0},{"event_name":"Duplicator","player_choice":"One dupe","floor":28,"damage_taken":0}],"boss_relics":[{"not_picked":["Velvet Choker","Fusion Hammer"],"picked":"Empty Cage"},{"not_picked":["Sozu","Snecko Eye"],"picked":"White Beast Statue"}],"items_purged_floors":[20,37],"is_endless":false,"potions_floor_spawned":[6,7,11,22,30,31,33,35,36],"seed_played":"3373682631072030695","killed_by":"4 Shapes","ascension_level":0,"potions_obtained":[{"floor":6,"key":"FearPotion"},{"floor":7,"key":"Regen Potion"},{"floor":11,"key":"Dexterity Potion"},{"floor":22,"key":"Explosive Potion"},{"floor":30,"key":"AttackPotion"},{"floor":33,"key":"FearPotion"},{"floor":35,"key":"AttackPotion"},{"floor":36,"key":"EssenceOfSteel"}],"is_trial":false}