{"gold_per_floor":[118,134,134,13,13,48,59,59,59,77,112,112,139,154,154,251,251,269,288,40,59,59,59,79,99,99,99,99,118,118,135,135,135],"floor_reached":33,"playtime":3652,"items_purged":["Shame"],"score":309,"play_id":"ddf07672-2fd4-4f0b-bc98-18adca1522ca","local_time":"20190218171856","is_ascension_mode":false,"campfire_choices":[{"data":"Armaments","floor":8,"key":"SMITH"},{"data":"Metallicize","floor":12,"key":"SMITH"},{"data":"Barricade","floor":15,"key":"SMITH"},{"data":"Armaments","floor":23,"key":"SMITH"},{"data":"Armaments","floor":28,"key":"SMITH"},{"data":"Impervious","floor":30,"key":"SMITH"},{"data":"Feel No Pain","floor":32,"key":"SMITH"}],"neow_cost":"NONE","seed_source_timestamp":220960515414861,"circlet_count":0,"master_deck":["Strike_R","Strike_R","Strike_R","Strike_R","Strike_R","Defend_R","Defend_R","Defend_R","Defend_R","Bash","Iron Wave","Body Slam","Metallicize+1","Armaments+1","Bash","Cleave","Feel No Pain+1","Flame Barrier","Barricade+1","Iron Wave","Impervious+1","Doubt","Clumsy","Iron Wave","Iron Wave","Armaments+1","Armaments+1","Iron Wave","Writhe"],"relics":["Burning Blood","Kunai","Happy Flower","Bottled Tornado","Anchor","Odd Mushroom","Calling Bell","Bag of Marbles","Pear","Bird Faced Urn","Red Skull","Gremlin Horn","Lantern"],"potions_floor_usage":[16,33,33,33],"damage_taken":[{"damage":4,"enemies":"Jaw Worm","floor":1,"turns":5},{"damage":0,"enemies":"Cultist","floor":2,"turns":4},{"damage":32,"enemies":"Gremlin Nob","floor":6,"turns":6},{"damage":2,"enemies":"2 Louse","floor":7,"turns":3},{"damage":4,"enemies":"Looter","floor":10,"turns":4},{"damage":23,"enemies":"Lagavulin","floor":11,"turns":7},{"damage":3,"enemies":"The Mushroom Lair","floor":13,"turns":4},{"damage":2,"enemies":"Gremlin Gang","floor":14,"turns":5},{"damage":18,"enemies":"Hexaghost","floor":16,"turns":9},{"damage":22,"enemies":"Spheric Guardian","floor":18,"turns":12},{"damage":19,"enemies":"Chosen","floor":19,"turns":8},{"damage":11,"enemies":"Snake Plant","floor":21,"turns":9},{"damage":7,"enemies":"Snecko","floor":24,"turns":5},{"damage":1,"enemies":"Chosen and Byrds","floor":25,"turns":9},{"damage":13,"enemies":"Snake Plant","floor":29,"turns":8},{"damage":32,"enemies":"3 Cultists","floor":31,"turns":9},{"damage":96,"enemies":"Automaton","floor":33,"turns":10}],"seed_played":"-983047918647155937","potions_obtained":[{"floor":6,"key":"Swift Potion"},{"floor":11,"key":"SpeedPotion"},{"floor":13,"key":"Weak Potion"},{"floor":14,"key":"Fire Potion"},{"floor":18,"key":"Ancient Potion"},{"floor":19,"key":"Weak Potion"},{"floor":21,"key":"Regen Potion"}],"is_trial":false,"path_per_floor":["M","M","?","$","?","E","M","R","T","M","E","R","?","M","R","B",null,"M","M","$","M","?","R","M","M","T","?","R","M","R","M","R","B"],"character_chosen":"IRONCLAD","items_purchased":["Metallicize","Armaments","Red Skull","Armaments"],"campfire_rested":0,"item_purchase_floors":[4,4,20,20],"current_hp_per_floor":[88,88,88,88,88,62,66,66,66,68,51,51,54,58,58,46,98,86,79,79,78,78,78,81,92,92,92,92,91,91,71,71,0],"gold":135,"neow_bonus":"TEN_PERCENT_HP_BONUS","is_prod":false,"is_daily":false,"chose_seed":false,"campfire_upgraded":7,"win_rate":0.0,"timestamp":1550528336,"path_taken":["M","M","?","$","?","E","M","R","T","?","E","R","?","M","R","BOSS","M","M","$","M","?","R","M","?","T","?","R","M","R","M","R","BOSS"],"build_version":"2019-01-23","purchased_purges":1,"victory":false,"max_hp_per_floor":[88,88,88,88,88,88,88,88,88,88,88,88,88,88,88,88,98,98,98,98,98,98,98,98,98,98,98,98,98,98,98,98,98],"card_choices":[{"not_picked":["Clothesline","Flex"],"picked":"Iron Wave","floor":1},{"not_picked":["Corruption","Headbutt"],"picked":"Body Slam","floor":2},{"not_picked":["Demon Form","Double Tap","Clash"],"picked":"SKIP","floor":6},{"not_picked":["Intimidate","Flex","Clash"],"picked":"SKIP","floor":7},{"not_picked":["Battle Trance","Rampage"],"picked":"Feel No Pain","floor":10},{"not_picked":["True Grit","Cleave"],"picked":"Flame Barrier","floor":11},{"not_picked":["Warcry","Headbutt"],"picked":"Barricade","floor":13},{"not_picked":["Pommel Strike","Thunderclap"],"picked":"Iron Wave","floor":14},{"not_picked":["Berserk","Dark Embrace"],"picked":"Impervious","floor":16},{"not_picked":["Clash+1","Body Slam"],"picked":"Iron Wave","floor":18},{"not_picked":["Cleave","Infernal Blade"],"picked":"Iron Wave","floor":19},{"not_picked":["Offering","Thunderclap+1"],"picked":"Armaments","floor":21},{"not_picked":["Spot Weakness","Warcry"],"picked":"Iron Wave","floor":24},{"not_picked":["Feel No Pain","Sword Boomerang","Flex"],"picked":"SKIP","floor":25},{"not_picked":["Cleave","Pummel","Fire Breathing"],"picked":"SKIP","floor":29},{"not_picked":["Cleave","Uppercut","Warcry"],"picked":"SKIP","floor":31}],"player_experience":19428,"relics_obtained":[{"floor":6,"key":"Happy Flower"},{"floor":9,"key":"Bottled Tornado"},{"floor":11,"key":"Anchor"},{"floor":13,"key":"Odd Mushroom"},{"floor":17,"key":"Bag of Marbles"},{"floor":17,"key":"Pear"},{"floor":17,"key":"Bird Faced Urn"},{"floor":26,"key":"Gremlin Horn"}],"event_choices":[{"damage_healed":0,"gold_gain":0,"player_choice":"Box","damage_taken":0,"relics_obtained":["Kunai"],"max_hp_gain":0,"max_hp_loss":0,"event_name":"Big Fish","floor":3,"gold_loss":0,"cards_obtained":["Regret"]},{"damage_healed":0,"gold_gain":0,"player_choice":"2 cards matched","damage_taken":0,"max_hp_gain":0,"max_hp_loss":0,"event_name":"Match and Keep!","floor":5,"gold_loss":0,"cards_obtained":["Bash","Cleave"]},{"damage_healed":0,"gold_gain":0,"player_choice":"Fought Mushrooms","damage_taken":0,"max_hp_gain":0,"max_hp_loss":0,"event_name":"Mushrooms","floor":13,"gold_loss":0},{"cards_removed":["Regret"],"damage_healed":0,"gold_gain":0,"player_choice":"Purged","damage_taken":0,"max_hp_gain":0,"max_hp_loss":0,"event_name":"Purifier","floor":22,"gold_loss":0},{"damage_healed":0,"gold_gain":0,"player_choice":"Opened","damage_taken":0,"relics_obtained":["Lantern"],"max_hp_gain":0,"max_hp_loss":0,"event_name":"The Mausoleum","floor":27,"gold_loss":0,"cards_obtained":["Writhe"]}],"is_beta":false,"boss_relics":[{"not_picked":["Black Blood","Cursed Key"],"picked":"Calling Bell"}],"items_purged_floors":[20],"is_endless":false,"potions_floor_spawned":[6,11,13,14,18,19,21,31],"killed_by":"Automaton","ascension_level":0}