{"gold_per_floor":[110,127,138,150,167,167,187,187,211,241,241,166,185,197,197,299,299,315,315,41,41,41,41,71,71,71,87,105,15,15,35,35,138,138,150,205,215,226,226,258,270,316,328,340,352,380,178,193,193,193],"floor_reached":51,"playtime":1681,"items_purged":["Strike_R","Strike_R","Strike_R"],"score":754,"play_id":"3deb820a-8982-43db-9404-b65d3b053d4b","local_time":"20190401145201","is_ascension_mode":false,"campfire_choices":[{"data":"Armaments","floor":6.0,"key":"SMITH"},{"data":"Clothesline","floor":8.0,"key":"SMITH"},{"data":"Carnage","floor":11.0,"key":"SMITH"},{"data":"Bash","floor":15,"key":"SMITH"},{"data":"Heavy Blade","floor":23,"key":"SMITH"},{"data":"Intimidate","floor":25,"key":"SMITH"},{"floor":30,"key":"REST"},{"data":"Inflame","floor":32,"key":"SMITH"},{"floor":41,"key":"REST"},{"data":"Double Tap","floor":44,"key":"SMITH"},{"floor":49,"key":"REST"}],"neow_cost":"NONE","seed_source_timestamp":10059560672509,"circlet_count":0,"master_deck":["Strike_R","Strike_R","Defend_R","Defend_R","Defend_R","Defend_R","Bash+1","Armaments+1","Shrug It Off","Clothesline+1","Ghostly Armor","Flame Barrier","Carnage+1","Thunderclap","Offering","Spot Weakness","Heavy Blade+1","Intimidate+1","Sword Boomerang","Inflame+1","Heavy Blade+1","Double Tap+1","Headbutt+1","Whirlwind+1","Mayhem","Uppercut","Flame Barrier+1"],"special_seed":0,"relics":["Burning Blood","Ancient Tea Set","Omamori","Nunchaku","Cursed Key","Membership Card","Oddly Smooth Stone","Bag of Preparation","Kunai","Philosopher\u0027s Stone","Magic Flower","MawBank","Happy Flower","Lantern","Toy Ornithopter"],"potions_floor_usage":[24,24,33,33,36,40,42,50,50],"damage_taken":[{"damage":1.0,"enemies":"Cultist","floor":1.0,"turns":4.0},{"damage":2.0,"enemies":"2 Louse","floor":2.0,"turns":4.0},{"damage":6.0,"enemies":"Jaw Worm","floor":3.0,"turns":3.0},{"damage":2.0,"enemies":"Looter","floor":4.0,"turns":3.0},{"damage":21.0,"enemies":"Large Slime","floor":5.0,"turns":8.0},{"damage":10.0,"enemies":"Exordium Wildlife","floor":7.0,"turns":6.0},{"damage":13.0,"enemies":"Gremlin Nob","floor":10.0,"turns":5.0},{"damage":3,"enemies":"Lots of Slimes","floor":13,"turns":5},{"damage":0,"enemies":"Blue Slaver","floor":14,"turns":5},{"damage":9,"enemies":"The Guardian","floor":16,"turns":12},{"damage":6,"enemies":"Chosen","floor":18,"turns":4},{"damage":22,"enemies":"Gremlin Leader","floor":24,"turns":8},{"damage":6,"enemies":"Spheric Guardian","floor":27,"turns":3},{"damage":20,"enemies":"Cultist and Chosen","floor":28,"turns":5},{"damage":6,"enemies":"Shelled Parasite and Fungi","floor":31,"turns":4},{"damage":16,"enemies":"Collector","floor":33,"turns":6},{"damage":8,"enemies":"3 Shapes","floor":35,"turns":4},{"damage":22,"enemies":"2 Orb Walkers","floor":36,"turns":3},{"damage":6,"enemies":"Orb Walker","floor":37,"turns":3},{"damage":30,"enemies":"Maw","floor":38,"turns":5},{"damage":26,"enemies":"Giant Head","floor":40,"turns":5},{"damage":13,"enemies":"Reptomancer","floor":42,"turns":4},{"damage":11,"enemies":"Writhing Mass","floor":46,"turns":3},{"damage":6,"enemies":"Sphere and 2 Shapes","floor":48,"turns":1},{"damage":40,"enemies":"Donu and Deca","floor":50,"turns":7}],"seed_played":"-6325376892153956276","potions_obtained":[{"floor":2.0,"key":"Swift Potion"},{"floor":5.0,"key":"Block Potion"},{"floor":13,"key":"EssenceOfSteel"},{"floor":16,"key":"Block Potion"},{"floor":28,"key":"PowerPotion"},{"floor":33,"key":"PowerPotion"},{"floor":36,"key":"Weak Potion"},{"floor":40,"key":"Weak Potion"},{"floor":42,"key":"AttackPotion"}],"is_trial":false,"path_per_floor":["M","M","M","M","M","R","M","R","T","E","R","$","M","M","R","B",null,"M","?","$","?","?","R","E","R","T","M","M","$","R","M","R","B",null,"M","?","M","M","?","E","R","E","T","R","?","M","$","M","R","B",null],"character_chosen":"IRONCLAD","items_purchased":["Membership Card","Oddly Smooth Stone","Inflame","SteroidPotion","Toy Ornithopter","Fire Potion"],"campfire_rested":3,"item_purchase_floors":[20,20,29,47,47,47],"current_hp_per_floor":[80,80,80,80,65,65,61,61,61,54,54,54,57,63,63,60,80,80,65,65,65,65,65,49,49,49,49,35,35,60,60,60,50,85,83,67,70,49,49,32,57,53,53,53,53,51,51,54,79,62],"gold":193,"neow_bonus":"RANDOM_COMMON_RELIC","is_prod":false,"is_daily":false,"chose_seed":false,"campfire_upgraded":8,"win_rate":0,"timestamp":1554151921,"path_taken":["M","?","M","M","?","R","M","R","T","E","R","$","M","M","R","BOSS","M","?","$","?","?","R","E","R","T","M","M","$","R","M","R","BOSS","M","?","M","M","?","E","R","E","T","R","?","?","$","M","R","BOSS"],"build_version":"2019-01-23","purchased_purges":3,"victory":true,"max_hp_per_floor":[80,80,80,80,80,80,80,80,80,80,80,80,80,80,80,80,80,80,85,85,85,85,85,85,85,85,85,85,85,85,85,85,85,85,85,85,85,85,85,85,85,85,85,85,85,85,85,85,85,85],"card_choices":[{"not_picked":["True Grit","Combust"],"picked":"Armaments","floor":1.0},{"not_picked":["Iron Wave","Warcry"],"picked":"Shrug It Off","floor":2.0},{"not_picked":["Entrench","Wild Strike"],"picked":"Clothesline","floor":3.0},{"not_picked":["Cleave","True Grit"],"picked":"Ghostly Armor","floor":4.0},{"not_picked":["Bloodletting","Power Through","Warcry"],"picked":"SKIP","floor":5.0},{"not_picked":["Pommel Strike","Cleave"],"picked":"Flame Barrier","floor":7.0},{"not_picked":["Pommel Strike","Reckless Charge"],"picked":"Carnage","floor":10.0},{"not_picked":["Body Slam","True Grit","Rampage"],"picked":"SKIP","floor":13},{"not_picked":["Burning Pact","Warcry"],"picked":"Thunderclap","floor":14},{"not_picked":["Dark Embrace","Limit Break"],"picked":"Offering","floor":16},{"not_picked":["Twin Strike","Cleave"],"picked":"Spot Weakness","floor":18},{"not_picked":["Dual Wield","Power Through"],"picked":"Intimidate","floor":24},{"not_picked":["Twin Strike","Cleave+1"],"picked":"Heavy Blade","floor":27},{"not_picked":["Body Slam","Spot Weakness"],"picked":"Sword Boomerang","floor":28},{"not_picked":["Clothesline","Headbutt"],"picked":"Heavy Blade+1","floor":31},{"not_picked":["Barricade","Impervious"],"picked":"Double Tap","floor":33},{"not_picked":["Bloodletting","Sword Boomerang"],"picked":"Headbutt+1","floor":35},{"not_picked":["Shrug It Off+1","Disarm"],"picked":"Whirlwind+1","floor":36},{"not_picked":["Sword Boomerang+1","Clothesline+1","Second Wind+1"],"picked":"SKIP","floor":37},{"not_picked":["Second Wind+1","Reckless Charge+1","Burning Pact"],"picked":"SKIP","floor":38},{"not_picked":["Deep Breath","Madness"],"picked":"Mayhem","floor":39},{"not_picked":["Dropkick+1","Heavy Blade"],"picked":"Uppercut","floor":40},{"not_picked":["Anger","Feel No Pain+1","Power Through+1"],"picked":"SKIP","floor":42},{"not_picked":["Twin Strike+1","True Grit+1"],"picked":"Flame Barrier+1","floor":46},{"not_picked":["Dropkick+1","Body Slam+1","True Grit"],"picked":"SKIP","floor":48}],"player_experience":1154379,"relics_obtained":[{"floor":9.0,"key":"Omamori"},{"floor":10.0,"key":"Nunchaku"},{"floor":24,"key":"Bag of Preparation"},{"floor":26,"key":"Kunai"},{"floor":36,"key":"Magic Flower"},{"floor":40,"key":"MawBank"},{"floor":42,"key":"Happy Flower"},{"floor":43,"key":"Lantern"}],"event_choices":[{"damage_healed":0,"gold_gain":0,"player_choice":"Shed Blood","damage_taken":20,"max_hp_gain":5,"max_hp_loss":0,"event_name":"Forgotten Altar","floor":19,"gold_loss":0},{"damage_healed":0,"gold_gain":0,"player_choice":"Read","damage_taken":0,"max_hp_gain":0,"max_hp_loss":0,"event_name":"The Library","floor":21,"gold_loss":0,"cards_obtained":["Heavy Blade"]},{"damage_healed":0,"gold_gain":0,"player_choice":"Ignored","damage_taken":0,"max_hp_gain":0,"max_hp_loss":0,"event_name":"Vampires","floor":22,"gold_loss":0},{"damage_healed":0,"gold_gain":0,"player_choice":"Fight","damage_taken":0,"max_hp_gain":0,"max_hp_loss":0,"event_name":"Mysterious Sphere","floor":36,"gold_loss":0},{"damage_healed":0,"gold_gain":0,"player_choice":"Memory 1","damage_taken":0,"max_hp_gain":0,"max_hp_loss":0,"event_name":"SensoryStone","floor":39,"gold_loss":0},{"cards_removed":["Heavy Blade"],"damage_healed":0,"gold_gain":0,"player_choice":"Removed Attack","damage_taken":0,"max_hp_gain":0,"max_hp_loss":0,"event_name":"Falling","floor":45,"gold_loss":0}],"is_beta":false,"boss_relics":[{"not_picked":["Busted Crown","Runic Pyramid"],"picked":"Cursed Key"},{"not_picked":["Calling Bell","Astrolabe"],"picked":"Philosopher\u0027s Stone"}],"items_purged_floors":[12,29,47],"is_endless":false,"potions_floor_spawned":[2,5,13,16,18,28,33,36,40,42,48],"ascension_level":0}