{"gold_per_floor":[117,117,131,131,158,158,215,231,311,374,374,393,409,444,444,444],"floor_reached":16,"playtime":336,"items_purged":[],"score":270,"play_id":"ac27711e-5a05-4903-81e8-413c0a9248a9","local_time":"20190317001755","is_ascension_mode":true,"campfire_choices":[{"data":"Perfected Strike","floor":6,"key":"SMITH"},{"data":"Perfected Strike","floor":11,"key":"SMITH"},{"data":"Bash","floor":15,"key":"SMITH"}],"neow_cost":"NONE","seed_source_timestamp":94247382350925,"circlet_count":0,"master_deck":["AscendersBane","Strike_R","Strike_R","Strike_R","Strike_R","Strike_R","Defend_R","Defend_R","Defend_R","Bash+1","Perfected Strike+1","Perfected Strike+1","Battle Trance","Shrug It Off","Thunderclap"],"relics":["Burning Blood","NeowsBlessing","Omamori","Tiny Chest","Frozen Egg 2","PreservedInsect","Prayer Wheel"],"potions_floor_usage":[10,13,14],"damage_taken":[{"damage":0,"enemies":"2 Louse","floor":1,"turns":2},{"damage":0,"enemies":"Jaw Worm","floor":3,"turns":1},{"damage":0,"enemies":"Lagavulin","floor":7,"turns":1},{"damage":4,"enemies":"Small Slimes","floor":8,"turns":3},{"damage":43,"enemies":"3 Sentries","floor":10,"turns":8},{"damage":4,"enemies":"2 Fungi Beasts","floor":12,"turns":2},{"damage":0,"enemies":"Large Slime","floor":13,"turns":4},{"damage":2,"enemies":"3 Sentries","floor":14,"turns":4},{"damage":54,"enemies":"Hexaghost","floor":16,"turns":8}],"seed_played":"-4796588776994886446","potions_obtained":[{"floor":3,"key":"EssenceOfSteel"},{"floor":7,"key":"Poison Potion"},{"floor":13,"key":"Fruit Juice"}],"is_trial":false,"path_per_floor":["M","$","M","?","T","R","E","M","T","?","R","M","M","E","R","B"],"character_chosen":"IRONCLAD","items_purchased":[],"campfire_rested":0,"item_purchase_floors":[],"current_hp_per_floor":[74,74,75,68,68,68,74,75,75,38,38,40,46,55,55,1],"gold":444,"neow_bonus":"THREE_ENEMY_KILL","is_prod":false,"is_daily":false,"chose_seed":false,"campfire_upgraded":3,"win_rate":0,"timestamp":1552767475,"path_taken":["M","$","M","?","?","R","E","M","T","?","R","M","M","E","R","BOSS"],"build_version":"2019-01-23","purchased_purges":0,"victory":false,"max_hp_per_floor":[75,75,75,75,75,75,75,75,75,75,75,75,75,80,80,80],"card_choices":[{"not_picked":["Iron Wave","Intimidate"],"picked":"Perfected Strike","floor":1},{"not_picked":["Flex","Anger"],"picked":"Perfected Strike","floor":3},{"not_picked":["Fiend Fire","Pummel","Flex"],"picked":"SKIP","floor":7},{"not_picked":["Armaments","Hemokinesis"],"picked":"Battle Trance","floor":8},{"not_picked":["Warcry","Intimidate"],"picked":"Shrug It Off","floor":10},{"not_picked":["Body Slam","Bloodletting","Havoc"],"picked":"SKIP","floor":12},{"not_picked":["Hemokinesis","Havoc"],"picked":"Thunderclap","floor":13},{"not_picked":["Combust+1","Inflame+1","Iron Wave"],"picked":"SKIP","floor":14}],"player_experience":754881,"relics_obtained":[{"floor":5,"key":"Omamori"},{"floor":7,"key":"Tiny Chest"},{"floor":9,"key":"Frozen Egg 2"},{"floor":10,"key":"PreservedInsect"},{"floor":14,"key":"Prayer Wheel"}],"event_choices":[{"cards_removed":["Defend_R"],"damage_healed":0,"gold_gain":0,"player_choice":"Card Removal","damage_taken":7,"max_hp_gain":0,"max_hp_loss":0,"event_name":"Golden Wing","floor":4,"gold_loss":0},{"damage_healed":0,"gold_gain":0,"player_choice":"Searched \u00272\u0027 times","damage_taken":0,"max_hp_gain":0,"max_hp_loss":0,"event_name":"Dead Adventurer","floor":10,"gold_loss":0}],"is_beta":false,"boss_relics":[],"items_purged_floors":[],"is_endless":false,"potions_floor_spawned":[3,7,13],"killed_by":"Hexaghost","ascension_level":20}