{"path_per_floor":["M","?","M","M","M","R","M","?","T","$","M","E","$","M","R","B",null,"M","M","$","M"],"character_chosen":"DEFECT","items_purchased":["Static Discharge","Ball Lightning","Electrodynamics"],"gold_per_floor":[114,114,129,144,159,159,174,174,204,16,31,61,61,76,76,176,176,191,206,131,146,146],"floor_reached":22,"campfire_rested":2,"playtime":1211,"item_purchase_floors":[10,10,20],"current_hp_per_floor":[60,60,60,60,32,54,36,85,85,85,75,59,59,45,70,54,85,25,25,25,16,0],"items_purged":["Dualcast"],"gold":146,"score":190,"play_id":"80662d48-cb4b-467c-9626-97a5594bc08a","local_time":"20180618180447","daily_mods":["Allstar","Uncertain Future","Lethality"],"is_prod":false,"is_daily":true,"chose_seed":false,"is_ascension_mode":false,"campfire_upgraded":0,"win_rate":0.0,"timestamp":1529359487,"campfire_choices":[{"floor":6,"key":"REST"},{"floor":15,"key":"REST"}],"path_taken":["M","?","M","M","M","R","M","?","T","$","M","E","?","M","R","BOSS","M","M","$","M","M"],"build_version":"2018-06-14v2","seed_source_timestamp":0,"purchased_purges":1,"victory":false,"master_deck":["Strike_B","Strike_B","Strike_B","Strike_B","Defend_B","Defend_B","Defend_B","Defend_B","Zap+1","Dark Shackles","Thinking Ahead","Finesse","Dramatic Entrance","Ball Lightning","Streamline","Tempest","Ball Lightning","Doom and Gloom","Static Discharge","Ball Lightning","Machine Learning","Seek","Conserve Battery","Streamline","Thunder Strike","Rebound","Steam+1","Electrodynamics"],"max_hp_per_floor":[75,75,75,75,75,75,75,85,85,85,85,85,85,85,85,85,85,85,85,85,85,85],"special_seed":17700,"relics":["Cracked Core","Tiny Chest","Dream Catcher","Fusion Hammer"],"card_choices":[{"not_picked":["Streamline","Turbo"],"picked":"Ball Lightning","floor":1.0},{"not_picked":["Coolheaded","Hologram"],"picked":"Streamline","floor":3},{"not_picked":["Conserve Battery","Double Energy"],"picked":"Tempest","floor":4},{"not_picked":["Rip and Tear","Beam Cell"],"picked":"Ball Lightning","floor":5},{"not_picked":["Undo","Reprogram"],"picked":"Doom and Gloom","floor":7},{"not_picked":["Gash","Sweeping Beam"],"picked":"Machine Learning","floor":11},{"not_picked":["Streamline","Fusion"],"picked":"Seek","floor":12},{"not_picked":["Reinforced Body","Darkness"],"picked":"Conserve Battery","floor":14},{"not_picked":["Hologram","Self Repair"],"picked":"Streamline","floor":15},{"not_picked":["Machine Learning","Rainbow"],"picked":"Thunder Strike","floor":16},{"not_picked":["Self Repair","Doom and Gloom"],"picked":"Rebound","floor":18},{"not_picked":["Steam Power+1","Defragment"],"picked":"Steam+1","floor":19},{"not_picked":["Rip and Tear","Go for the Eyes+1","Leap+1"],"picked":"SKIP","floor":21}],"player_experience":103909,"potions_floor_usage":[19,22,22],"damage_taken":[{"damage":15.0,"enemies":"2 Louse","floor":1.0,"turns":2.0},{"damage":0,"enemies":"Cultist","floor":3,"turns":2},{"damage":0,"enemies":"Small Slimes","floor":4,"turns":2},{"damage":28,"enemies":"3 Louse","floor":5,"turns":2},{"damage":18,"enemies":"Gremlin Gang","floor":7,"turns":2},{"damage":10,"enemies":"Blue Slaver","floor":11,"turns":2},{"damage":16,"enemies":"Gremlin Nob","floor":12,"turns":3},{"damage":14,"enemies":"Red Slaver","floor":14,"turns":2},{"damage":16,"enemies":"Slime Boss","floor":16,"turns":7},{"damage":60,"enemies":"3 Byrds","floor":18,"turns":3},{"damage":0,"enemies":"Chosen","floor":19,"turns":2},{"damage":9,"enemies":"3 Cultists","floor":21,"turns":3},{"damage":16,"enemies":"Centurion and Healer","floor":22,"turns":3}],"relics_obtained":[{"floor":9,"key":"Tiny Chest"},{"floor":12,"key":"Dream Catcher"}],"event_choices":[{"event_name":"Upgrade Shrine","player_choice":"Upgraded","floor":2,"damage_taken":0},{"event_name":"Bonfire Elementals","player_choice":"RARE","floor":8,"damage_taken":0}],"boss_relics":[{"not_picked":["Empty Cage","White Beast Statue"],"picked":"Fusion Hammer"}],"items_purged_floors":[10],"is_endless":false,"potions_floor_spawned":[1,4,11,12,16,18],"seed_played":"-1606100397584430063","killed_by":"Centurion and Healer","ascension_level":0,"potions_obtained":[{"floor":1.0,"key":"Fire Potion"},{"floor":4,"key":"EssenceOfSteel"},{"floor":11,"key":"Dexterity Potion"}],"is_trial":false}