{"gold_per_floor":[112,43,55,1,1,1,1,11,36,48,48,62,79,79,79,177,177,189,114,19,30,43,43,58,58,58,58,58,69,88,98,98,197,247,259,21,21,41,54,54,65,92,169,188,204,204,204,204,204,204],"floor_reached":50,"playtime":3139,"items_purged":["Strike_B"],"score":563,"play_id":"6959f834-a478-4868-9f3f-f9cc151cd1f5","local_time":"20190411211707","is_ascension_mode":true,"campfire_choices":[{"floor":6,"key":"REST"},{"data":"Genetic Algorithm","floor":11,"key":"SMITH"},{"data":"Scrape","floor":15,"key":"SMITH"},{"floor":23,"key":"REST"},{"floor":27,"key":"REST"},{"floor":32,"key":"REST"},{"floor":40,"key":"REST"},{"floor":46,"key":"REST"},{"floor":49,"key":"REST"}],"neow_cost":"PERCENT_DAMAGE","seed_source_timestamp":95656037209201,"circlet_count":0,"master_deck":["Defend_B+1","Defend_B","Zap+1","Dualcast","Sweeping Beam+1","Lockon","Gash","Self Repair","Gash","Leap","Genetic Algorithm+1","Conserve Battery","Scrape+1","Reinforced Body","Echo Form","Go for the Eyes","Gash","Conserve Battery","Sweeping Beam+1","Scrape+1","Coolheaded+1","Flash of Steel","Go for the Eyes","White Noise","Leap+1"],"relics":["Cracked Core","Strawberry","Happy Flower","Busted Crown","Calipers","Tiny House","Centennial Puzzle","Orichalcum","Bottled Tornado","Ancient Tea Set"],"potions_floor_usage":[12,16,29,31,35,42,42],"damage_taken":[{"damage":7,"enemies":"Jaw Worm","floor":1,"turns":3},{"damage":15,"enemies":"Small Slimes","floor":3,"turns":3},{"damage":2,"enemies":"Cultist","floor":8,"turns":4},{"damage":4,"enemies":"Blue Slaver","floor":10,"turns":3},{"damage":9,"enemies":"Large Slime","floor":12,"turns":6},{"damage":2,"enemies":"Looter","floor":13,"turns":3},{"damage":8,"enemies":"The Guardian","floor":16,"turns":12},{"damage":0,"enemies":"Spheric Guardian","floor":18,"turns":3},{"damage":50,"enemies":"3 Byrds","floor":21,"turns":6},{"damage":39,"enemies":"3 Cultists","floor":22,"turns":6},{"damage":33,"enemies":"Snake Plant","floor":24,"turns":6},{"damage":0,"enemies":"Centurion and Healer","floor":29,"turns":9},{"damage":9,"enemies":"Snecko","floor":30,"turns":6},{"damage":9,"enemies":"Chosen and Byrds","floor":31,"turns":8},{"damage":43,"enemies":"Champ","floor":33,"turns":10},{"damage":59,"enemies":"3 Darklings","floor":35,"turns":6},{"damage":11,"enemies":"Orb Walker","floor":38,"turns":4},{"damage":15,"enemies":"3 Darklings","floor":39,"turns":3},{"damage":23,"enemies":"Sphere and 2 Shapes","floor":41,"turns":5},{"damage":16,"enemies":"Nemesis","floor":42,"turns":9},{"damage":19,"enemies":"Jaw Worm Horde","floor":44,"turns":3},{"damage":7,"enemies":"Spire Growth","floor":45,"turns":5},{"damage":96,"enemies":"Time Eater","floor":50,"turns":14}],"seed_played":"8472292282326121218","potions_obtained":[{"floor":8,"key":"Energy Potion"},{"floor":12,"key":"Fruit Juice"},{"floor":16,"key":"SkillPotion"},{"floor":18,"key":"FocusPotion"},{"floor":29,"key":"Block Potion"},{"floor":31,"key":"AttackPotion"},{"floor":33,"key":"Fire Potion"},{"floor":34,"key":"Weak Potion"},{"floor":35,"key":"Poison Potion"}],"is_trial":false,"path_per_floor":["M","$","M","$","?","R","T","M","T","M","R","M","M","?","R","B",null,"M","$","$","M","M","R","M","?","T","R","?","M","M","M","R","B",null,"M","$","?","M","M","R","M","E","T","M","M","R","?","?","R","B"],"character_chosen":"DEFECT","items_purchased":["Self Repair","Leap","Gash","Conserve Battery","Centennial Puzzle","Flash of Steel"],"campfire_rested":7,"item_purchase_floors":[2,4,20,20,36,36],"current_hp_per_floor":[47,47,39,39,24,46,53,58,58,61,61,64,69,69,69,68,87,87,87,87,44,12,38,19,19,19,45,28,35,33,38,65,29,97,45,45,45,41,33,62,46,44,44,25,25,54,54,54,83,0],"gold":204,"neow_bonus":"TRANSFORM_TWO_CARDS","is_prod":false,"is_daily":false,"chose_seed":false,"campfire_upgraded":2,"win_rate":0,"timestamp":1555031827,"path_taken":["M","$","M","$","?","R","?","M","T","?","R","M","M","?","R","BOSS","M","?","$","M","M","R","M","?","T","R","?","M","M","M","R","BOSS","M","$","?","M","?","R","M","E","T","M","M","R","?","?","R","BOSS"],"build_version":"2019-01-23","purchased_purges":1,"victory":false,"max_hp_per_floor":[75,75,75,75,75,75,82,82,82,82,82,87,87,87,87,87,87,87,87,87,87,87,87,87,87,87,87,92,92,92,92,92,92,97,97,97,97,97,97,97,97,97,97,97,97,97,97,97,97,97],"card_choices":[{"not_picked":["Turbo","Consume"],"picked":"Gash","floor":1},{"not_picked":["Steam Power","Blizzard"],"picked":"Gash","floor":3},{"not_picked":["Hello World","Turbo","Rebound"],"picked":"SKIP","floor":8},{"not_picked":["Leap","Undo"],"picked":"Genetic Algorithm","floor":10},{"not_picked":["Darkness","Beam Cell"],"picked":"Conserve Battery","floor":12},{"not_picked":["Force Field","Defragment"],"picked":"Scrape","floor":13},{"not_picked":["Meteor Strike","Amplify"],"picked":"Echo Form","floor":16},{"not_picked":[],"picked":"Go for the Eyes","floor":18},{"not_picked":["Coolheaded"],"picked":"SKIP","floor":21},{"not_picked":[],"picked":"Sweeping Beam+1","floor":22},{"not_picked":["Loop"],"picked":"SKIP","floor":24},{"not_picked":["Cold Snap+1"],"picked":"SKIP","floor":29},{"not_picked":[],"picked":"Scrape+1","floor":30},{"not_picked":["Steam Power"],"picked":"SKIP","floor":31},{"not_picked":[],"picked":"Coolheaded+1","floor":35},{"not_picked":[],"picked":"Go for the Eyes","floor":38},{"not_picked":[],"picked":"White Noise","floor":39},{"not_picked":["Barrage"],"picked":"SKIP","floor":41},{"not_picked":["Heatsinks"],"picked":"SKIP","floor":42},{"not_picked":[],"picked":"Leap+1","floor":44},{"not_picked":["Compile Driver+1"],"picked":"SKIP","floor":45}],"player_experience":239366,"relics_obtained":[{"floor":7,"key":"Strawberry"},{"floor":9,"key":"Happy Flower"},{"floor":26,"key":"Calipers"},{"floor":42,"key":"Orichalcum"},{"floor":43,"key":"Bottled Tornado"}],"event_choices":[{"damage_healed":0,"gold_gain":0,"player_choice":"Entered Light","damage_taken":15,"max_hp_gain":0,"max_hp_loss":0,"event_name":"Shining Light","floor":5,"gold_loss":0,"cards_upgraded":["Sweeping Beam","Zap"]},{"damage_healed":0,"gold_gain":0,"cards_transformed":["Strike_B"],"player_choice":"Transformed","damage_taken":0,"max_hp_gain":0,"max_hp_loss":0,"event_name":"Transmorgrifier","floor":14,"gold_loss":0,"cards_obtained":["Reinforced Body"]},{"cards_removed":["Defend_B"],"damage_healed":0,"gold_gain":0,"player_choice":"Elegance","damage_taken":0,"max_hp_gain":0,"max_hp_loss":0,"event_name":"Back to Basics","floor":25,"gold_loss":0},{"damage_healed":0,"gold_gain":0,"player_choice":"Shed Blood","damage_taken":22,"max_hp_gain":5,"max_hp_loss":0,"event_name":"Forgotten Altar","floor":28,"gold_loss":0},{"cards_removed":["Defend_B"],"damage_healed":0,"gold_gain":0,"player_choice":"Purged","damage_taken":0,"max_hp_gain":0,"max_hp_loss":0,"event_name":"Purifier","floor":37,"gold_loss":0},{"damage_healed":0,"gold_gain":0,"player_choice":"Ignored","damage_taken":0,"max_hp_gain":0,"max_hp_loss":0,"event_name":"Mysterious Sphere","floor":47,"gold_loss":0},{"damage_healed":0,"gold_gain":0,"player_choice":"Gave Potion","damage_taken":0,"relics_obtained":["Ancient Tea Set"],"max_hp_gain":0,"max_hp_loss":0,"event_name":"WeMeetAgain","floor":48,"gold_loss":0}],"is_beta":false,"boss_relics":[{"not_picked":["Coffee Dripper","Pandora\u0027s Box"],"picked":"Busted Crown"},{"not_picked":["Astrolabe","Nuclear Battery"],"picked":"Tiny House"}],"items_purged_floors":[19],"is_endless":false,"potions_floor_spawned":[8,12,16,18,29,31,33,35,41],"killed_by":"Time Eater","ascension_level":3}