{"gold_per_floor":[118,118,133,29,29,29,69,94,94,94,110,141,161,185,185,278,278,299,338,362,362,378,378,397,397,397,397,440,463,484,498,498,498],"floor_reached":33,"playtime":2092,"items_purged":[],"score":612,"play_id":"ded29c9f-cb99-4565-82de-e0c9a9781b72","local_time":"20190102024513","is_ascension_mode":true,"campfire_choices":[{"data":"Blood for Blood","floor":6.0,"key":"SMITH"},{"data":"Spot Weakness","floor":10.0,"key":"SMITH"},{"data":"Armaments","floor":15.0,"key":"SMITH"},{"data":"True Grit","floor":23.0,"key":"SMITH"},{"data":"Offering","floor":25.0,"key":"SMITH"},{"data":"Pommel Strike","floor":27.0,"key":"SMITH"},{"floor":32,"key":"REST"}],"neow_cost":"NONE","seed_source_timestamp":5618763102786400,"circlet_count":0,"master_deck":["AscendersBane","Strike_R","Strike_R","Strike_R","Strike_R","Strike_R","Defend_R","Defend_R","Defend_R","Defend_R","Bash","Blood for Blood+1","Iron Wave","Headbutt","Disarm","Clash","Spot Weakness+1","Pommel Strike+1","True Grit+1","Shrug It Off","Armaments+1","Offering+1","Clash","Iron Wave","Headbutt+1","Ghostly Armor","Battle Trance"],"special_seed":0,"relics":["Burning Blood","NeowsBlessing","Golden Idol","Unceasing Top","Shuriken","Singing Bowl","Busted Crown","Red Mask","Art of War","Pen Nib","Letter Opener"],"potions_floor_usage":[],"damage_taken":[{"damage":0.0,"enemies":"Jaw Worm","floor":1.0,"turns":1.0},{"damage":0.0,"enemies":"2 Louse","floor":3.0,"turns":1.0},{"damage":0.0,"enemies":"Lagavulin","floor":7.0,"turns":1.0},{"damage":6.0,"enemies":"Cultist","floor":8.0,"turns":3.0},{"damage":2.0,"enemies":"Lots of Slimes","floor":11.0,"turns":3.0},{"damage":9.0,"enemies":"3 Sentries","floor":12.0,"turns":4.0},{"damage":7.0,"enemies":"Large Slime","floor":13.0,"turns":5.0},{"damage":1.0,"enemies":"Red Slaver","floor":14.0,"turns":4.0},{"damage":47.0,"enemies":"Slime Boss","floor":16.0,"turns":10.0},{"damage":27.0,"enemies":"3 Byrds","floor":18.0,"turns":5.0},{"damage":10.0,"enemies":"Masked Bandits","floor":19.0,"turns":3.0},{"damage":12.0,"enemies":"Spheric Guardian","floor":20.0,"turns":3.0},{"damage":5.0,"enemies":"Snake Plant","floor":22.0,"turns":4.0},{"damage":6.0,"enemies":"Centurion and Healer","floor":24.0,"turns":4.0},{"damage":48.0,"enemies":"Slavers","floor":28.0,"turns":6.0},{"damage":6.0,"enemies":"3 Cultists","floor":29.0,"turns":5.0},{"damage":6.0,"enemies":"Shelled Parasite and Fungi","floor":30.0,"turns":5.0},{"damage":11,"enemies":"Snecko","floor":31,"turns":5},{"damage":47,"enemies":"Champ","floor":33,"turns":5}],"seed_played":"6461067965134034347","potions_obtained":[{"floor":3.0,"key":"Explosive Potion"},{"floor":13.0,"key":"SpeedPotion"},{"floor":16.0,"key":"Energy Potion"},{"floor":22.0,"key":"Regen Potion"},{"floor":24.0,"key":"Regen Potion"},{"floor":29.0,"key":"Fire Potion"}],"is_trial":false,"path_per_floor":["M","?","M","$","?","R","E","M","T","R","M","E","M","M","R","B",null,"M","?","M","T","M","R","M","R","T","R","E","M","M","M","R","B"],"character_chosen":"IRONCLAD","items_purchased":["Headbutt","Disarm"],"campfire_rested":1,"item_purchase_floors":[4,4],"current_hp_per_floor":[74,48,54,54,54,54,60,60,60,60,64,61,60,65,65,24,62,41,37,31,31,32,32,46,46,46,46,21,21,23,20,44,0],"gold":498,"neow_bonus":"THREE_ENEMY_KILL","is_prod":false,"is_daily":false,"chose_seed":false,"campfire_upgraded":6,"win_rate":0,"timestamp":1546425913,"path_taken":["M","?","M","$","?","R","E","M","T","R","M","E","M","M","R","BOSS","M","?","M","?","M","R","M","R","T","R","E","M","M","M","R","BOSS"],"build_version":"2019-01-01v2","purchased_purges":0,"victory":false,"max_hp_per_floor":[75,75,75,75,75,75,75,75,75,75,75,75,75,75,75,75,75,75,75,75,75,75,75,77,77,77,77,79,79,81,83,83,83],"card_choices":[{"not_picked":["Flex","Fire Breathing"],"picked":"Blood for Blood","floor":1.0},{"not_picked":["Infernal Blade","Heavy Blade"],"picked":"Iron Wave","floor":3.0},{"not_picked":["Entrench","Fiend Fire"],"picked":"Clash","floor":7.0},{"not_picked":["Pommel Strike","Armaments"],"picked":"Spot Weakness","floor":8.0},{"not_picked":["Headbutt","Body Slam"],"picked":"Pommel Strike","floor":11.0},{"not_picked":["Sever Soul","Barricade"],"picked":"True Grit","floor":12.0},{"not_picked":["Armaments","Infernal Blade"],"picked":"Shrug It Off","floor":13.0},{"not_picked":["Warcry","Headbutt"],"picked":"Armaments","floor":14.0},{"not_picked":["Exhume","Bludgeon"],"picked":"Offering","floor":16.0},{"not_picked":[],"picked":"Clash","floor":18.0},{"not_picked":[],"picked":"Iron Wave","floor":19.0},{"not_picked":[],"picked":"Headbutt+1","floor":20.0},{"not_picked":[],"picked":"Ghostly Armor","floor":22.0},{"not_picked":["Second Wind"],"picked":"Singing Bowl","floor":24.0},{"not_picked":["Perfected Strike+1"],"picked":"Singing Bowl","floor":28.0},{"not_picked":[],"picked":"Battle Trance","floor":29.0},{"not_picked":["Anger"],"picked":"Singing Bowl","floor":30.0},{"not_picked":["Seeing Red"],"picked":"Singing Bowl","floor":31}],"player_experience":3180836,"relics_obtained":[{"floor":7.0,"key":"Unceasing Top"},{"floor":9.0,"key":"Shuriken"},{"floor":12.0,"key":"Singing Bowl"},{"floor":19.0,"key":"Red Mask"},{"floor":21.0,"key":"Art of War"},{"floor":26.0,"key":"Pen Nib"},{"floor":28.0,"key":"Letter Opener"}],"event_choices":[{"damage_healed":0.0,"max_hp_gain":0.0,"max_hp_loss":0.0,"gold_gain":0.0,"event_name":"Golden Idol","player_choice":"Take Damage","floor":2.0,"gold_loss":0.0,"damage_taken":26.0,"relics_obtained":["Golden Idol"]},{"damage_healed":0.0,"max_hp_gain":0.0,"max_hp_loss":0.0,"gold_gain":0.0,"event_name":"Liars Game","player_choice":"Ignored","floor":5.0,"gold_loss":0.0,"damage_taken":0.0},{"damage_healed":0.0,"max_hp_gain":0.0,"max_hp_loss":0.0,"gold_gain":0.0,"event_name":"Masked Bandits","player_choice":"Fought Bandits","floor":19.0,"gold_loss":0.0,"damage_taken":0.0}],"is_beta":true,"boss_relics":[{"not_picked":["Astrolabe","White Beast Statue"],"picked":"Busted Crown"}],"items_purged_floors":[],"is_endless":false,"potions_floor_spawned":[3,13,16,18,22,24,29],"killed_by":"Champ","ascension_level":20}