{"gold_per_floor":[118,43,43,43,43,43,59,59,59,91,91,69,69,101,101,101],"floor_reached":16,"playtime":462,"items_purged":["Shame"],"score":119,"play_id":"2352fc43-e845-45ce-9f27-6ad99633b029","local_time":"20190314170346","is_ascension_mode":true,"campfire_choices":[{"data":"Bash","floor":6,"key":"SMITH"},{"data":"Defend_R","floor":8,"key":"SMITH"},{"floor":11,"key":"REST"},{"floor":15,"key":"REST"}],"neow_cost":"NONE","seed_source_timestamp":75222758242087,"circlet_count":0,"master_deck":["Strike_R","Strike_R","Strike_R","Strike_R","Strike_R","Defend_R","Defend_R","Defend_R","Defend_R+1","Bash+1","Shame","Armaments"],"relics":["Calling Bell","Centennial Puzzle","Singing Bowl","Ice Cream","Ginger","Letter Opener","Kunai","Happy Flower","Spirit Poop","Anchor"],"potions_floor_usage":[14],"damage_taken":[{"damage":21,"enemies":"Small Slimes","floor":1,"turns":4},{"damage":7,"enemies":"Jaw Worm","floor":7,"turns":3},{"damage":58,"enemies":"3 Sentries","floor":10,"turns":12},{"damage":24,"enemies":"Gremlin Nob","floor":14,"turns":4},{"damage":50,"enemies":"Slime Boss","floor":16,"turns":11}],"seed_played":"-2169679928453847905","potions_obtained":[{"floor":10,"key":"BloodPotion"}],"is_trial":false,"path_per_floor":["M","$","?","?","T","R","M","R","T","E","R","$","?","E","R","B"],"character_chosen":"IRONCLAD","items_purchased":["Armaments"],"campfire_rested":2,"item_purchase_floors":[12],"current_hp_per_floor":[61,61,82,75,75,75,70,70,70,14,39,39,39,25,50,0],"gold":101,"neow_bonus":"BOSS_RELIC","is_prod":false,"is_daily":false,"chose_seed":false,"campfire_upgraded":2,"win_rate":0,"timestamp":1552597426,"path_taken":["M","$","?","?","?","R","M","R","T","E","R","$","?","E","R","BOSS"],"build_version":"2019-01-23","purchased_purges":1,"victory":false,"max_hp_per_floor":[82,82,82,82,82,82,84,84,84,86,86,86,83,85,85,85],"card_choices":[{"not_picked":["Cleave","Warcry","Uppercut"],"picked":"Singing Bowl","floor":1},{"not_picked":["Carnage","Clash","Seeing Red"],"picked":"Singing Bowl","floor":7},{"not_picked":["Power Through","Sword Boomerang","Perfected Strike"],"picked":"Singing Bowl","floor":10},{"not_picked":["Brutality","Perfected Strike","Flex"],"picked":"Singing Bowl","floor":14}],"player_experience":140261,"relics_obtained":[{"floor":0,"key":"Centennial Puzzle"},{"floor":0,"key":"Singing Bowl"},{"floor":0,"key":"Ice Cream"},{"floor":5,"key":"Letter Opener"},{"floor":9,"key":"Kunai"},{"floor":10,"key":"Happy Flower"},{"floor":14,"key":"Anchor"}],"event_choices":[{"damage_healed":27,"gold_gain":0,"player_choice":"Banana","damage_taken":0,"max_hp_gain":0,"max_hp_loss":0,"event_name":"Big Fish","floor":3,"gold_loss":0},{"damage_healed":0,"gold_gain":0,"player_choice":"Success","damage_taken":7,"relics_obtained":["Ginger"],"max_hp_gain":0,"max_hp_loss":0,"event_name":"Scrap Ooze","floor":4,"gold_loss":0},{"cards_removed":["Parasite"],"damage_healed":0,"gold_gain":0,"player_choice":"Offered Curse","damage_taken":0,"relics_obtained":["Spirit Poop"],"max_hp_gain":0,"max_hp_loss":0,"event_name":"Bonfire Elementals","floor":13,"gold_loss":0}],"is_beta":false,"boss_relics":[],"items_purged_floors":[2],"is_endless":false,"potions_floor_spawned":[10],"killed_by":"Slime Boss","ascension_level":3}