{"gold_per_floor":[109,109,109,184,184,224,224,267,294,294,294],"floor_reached":11,"playtime":126,"items_purged":[],"score":222,"play_id":"d43347bf-cadd-438f-acc9-0963ef4b491b","local_time":"20190315011417","is_ascension_mode":true,"campfire_choices":[{"data":"Thunderclap","floor":7,"key":"SMITH"},{"data":"Pommel Strike","floor":10,"key":"SMITH"}],"neow_cost":"NONE","seed_source_timestamp":224545290179820,"circlet_count":0,"master_deck":["AscendersBane","Strike_R","Strike_R","Strike_R","Strike_R","Strike_R","Defend_R","Defend_R","Defend_R","Bash","Thunderclap+1","Pommel Strike+1"],"relics":["Burning Blood","NeowsBlessing","Golden Idol","Ice Cream","Paper Frog","Art of War"],"potions_floor_usage":[11],"damage_taken":[{"damage":0,"enemies":"Small Slimes","floor":1,"turns":1},{"damage":0,"enemies":"3 Sentries","floor":6,"turns":2},{"damage":0,"enemies":"Gremlin Nob","floor":8,"turns":1},{"damage":62,"enemies":"Lagavulin","floor":11,"turns":6}],"seed_played":"777228318156887087","potions_obtained":[{"floor":1,"key":"LiquidBronze"}],"is_trial":false,"path_per_floor":["M","?","?","?","?","E","R","E","T","R","E"],"character_chosen":"IRONCLAD","items_purchased":[],"campfire_rested":0,"item_purchase_floors":[],"current_hp_per_floor":[74,67,72,61,33,39,39,45,45,45,0],"gold":294,"neow_bonus":"THREE_ENEMY_KILL","is_prod":false,"is_daily":false,"chose_seed":false,"campfire_upgraded":2,"win_rate":0,"timestamp":1552598057,"path_taken":["M","?","?","?","?","E","R","E","T","R","E"],"build_version":"2019-01-23","purchased_purges":0,"victory":false,"max_hp_per_floor":[75,75,80,80,80,80,80,80,80,80,80],"card_choices":[{"not_picked":["Battle Trance","Clothesline","Shockwave"],"picked":"SKIP","floor":1},{"not_picked":["Flex","Feel No Pain"],"picked":"Thunderclap","floor":6},{"not_picked":["Sword Boomerang","Warcry"],"picked":"Pommel Strike","floor":8}],"player_experience":719798,"relics_obtained":[{"floor":6,"key":"Ice Cream"},{"floor":8,"key":"Paper Frog"},{"floor":9,"key":"Art of War"}],"event_choices":[{"cards_removed":["Defend_R"],"damage_healed":0,"gold_gain":0,"player_choice":"Card Removal","damage_taken":7,"max_hp_gain":0,"max_hp_loss":0,"event_name":"Golden Wing","floor":2,"gold_loss":0},{"damage_healed":0,"gold_gain":0,"player_choice":"Donut","damage_taken":0,"max_hp_gain":5,"max_hp_loss":0,"event_name":"Big Fish","floor":3,"gold_loss":0},{"damage_healed":0,"gold_gain":75,"player_choice":"Gather Gold","damage_taken":11,"max_hp_gain":0,"max_hp_loss":0,"event_name":"World of Goop","floor":4,"gold_loss":0},{"damage_healed":0,"gold_gain":0,"player_choice":"Take Damage","damage_taken":28,"relics_obtained":["Golden Idol"],"max_hp_gain":0,"max_hp_loss":0,"event_name":"Golden Idol","floor":5,"gold_loss":0}],"is_beta":false,"boss_relics":[],"items_purged_floors":[],"is_endless":false,"potions_floor_spawned":[1],"killed_by":"Lagavulin","ascension_level":15}