{"gold_per_floor":[112,187,187,210,235,235,260,8,32,57,57,22,22,22,22,148,148,163,163,262,285,298,298,313,313,362,362,372,383,383,397,397,494,494,511,530,530,545,555,555,572,572,602,602,602,602,318,318,318,318],"floor_reached":50,"playtime":2423,"items_purged":["Strike_R","Sword Boomerang"],"score":434,"play_id":"81933902-4b02-4128-9163-2a5c82cc5b67","local_time":"20180625191200","is_ascension_mode":false,"campfire_choices":[{"floor":6,"key":"REST"},{"data":"Barricade","floor":11,"key":"SMITH"},{"data":"Inflame","floor":13,"key":"SMITH"},{"data":"Battle Trance","floor":15,"key":"SMITH"},{"data":"Flex","floor":23,"key":"SMITH"},{"data":"Wild Strike","floor":25,"key":"SMITH"},{"floor":30,"key":"REST"},{"data":"Pommel Strike","floor":32,"key":"SMITH"},{"floor":40,"key":"REST"},{"floor":42,"key":"REST"},{"data":"Madness","floor":44,"key":"SMITH"},{"data":"Madness","floor":46,"key":"SMITH"},{"data":"Apotheosis","floor":49,"key":"SMITH"}],"neow_cost":"NONE","seed_source_timestamp":300074023986500,"circlet_count":0,"master_deck":["Barricade+1","Pommel Strike+1","Inflame+1","Battle Trance+1","Offering","Cleave","Headbutt","Shrug It Off","Wild Strike+1","Flex+1","Shrug It Off+1","Madness+1","Madness+1","Inflame+1","Apotheosis+1","Doubt"],"special_seed":17707,"relics":["Burning Blood","Bloody Idol","Pen Nib","Pandora\u0027s Box","Potion Belt","Empty Cage","Tiny Chest"],"potions_floor_usage":[7,10,16,16,28,33,33,33,38,38,50,50,50],"damage_taken":[{"damage":3,"enemies":"Small Slimes","floor":1,"turns":3},{"damage":13,"enemies":"Jaw Worm","floor":4,"turns":6},{"damage":1,"enemies":"Cultist","floor":5,"turns":4},{"damage":15,"enemies":"2 Fungi Beasts","floor":7,"turns":6},{"damage":14,"enemies":"Blue Slaver","floor":10,"turns":3},{"damage":67,"enemies":"Slime Boss","floor":16,"turns":16},{"damage":15,"enemies":"Chosen","floor":18,"turns":3},{"damage":4,"enemies":"3 Byrds","floor":21,"turns":3},{"damage":10,"enemies":"3 Cultists","floor":22,"turns":3},{"damage":4,"enemies":"Snake Plant","floor":24,"turns":2},{"damage":14,"enemies":"Cultist and Chosen","floor":28,"turns":4},{"damage":19,"enemies":"Snecko","floor":29,"turns":3},{"damage":4,"enemies":"Sentry and Sphere","floor":31,"turns":1},{"damage":18,"enemies":"Champ","floor":33,"turns":5},{"damage":14,"enemies":"Orb Walker","floor":35,"turns":2},{"damage":36,"enemies":"3 Darklings","floor":36,"turns":3},{"damage":10,"enemies":"Sphere and 2 Shapes","floor":38,"turns":3},{"damage":4,"enemies":"Maw","floor":39,"turns":7},{"damage":49,"enemies":"4 Shapes","floor":41,"turns":4},{"damage":104,"enemies":"Time Eater","floor":50,"turns":6}],"seed_played":"2423010035274115461","potions_obtained":[{"floor":5,"key":"Regen Potion"},{"floor":7,"key":"EntropicBrew"},{"floor":16,"key":"Energy Potion"},{"floor":22,"key":"PowerPotion"},{"floor":28,"key":"Ancient Potion"},{"floor":29,"key":"Fire Potion"},{"floor":33,"key":"EssenceOfSteel"},{"floor":35,"key":"Strength Potion"},{"floor":36,"key":"Energy Potion"},{"floor":38,"key":"Block Potion"}],"is_trial":false,"path_per_floor":["M","?","?","M","M","R","M","$","T","M","R","?","R","?","R","B",null,"M","?","?","M","M","R","M","R","T","?","M","M","R","M","R","B",null,"M","M","?","M","M","R","M","R","T","R","?","R","$","?","R"],"character_chosen":"IRONCLAD","items_purchased":["Inflame","Dramatic Entrance","Apotheosis"],"campfire_rested":4,"item_purchase_floors":[8,8,47],"current_hp_per_floor":[80,69,49,42,47,71,77,77,77,69,69,80,80,80,80,19,80,71,71,71,73,69,69,71,71,71,71,68,60,80,80,80,73,80,77,52,42,43,50,74,36,60,65,65,65,65,65,80,80,0],"gold":318,"neow_bonus":"ONE_RANDOM_RARE_CARD","is_prod":false,"is_daily":false,"chose_seed":false,"campfire_upgraded":9,"win_rate":0.0,"timestamp":1529968320,"path_taken":["M","?","?","M","M","R","M","?","T","M","R","?","R","?","R","BOSS","M","?","?","?","M","R","M","R","T","?","M","?","R","M","R","BOSS","M","M","?","M","M","R","M","R","T","R","?","R","?","?","R","BOSS"],"build_version":"2018-06-21v2","purchased_purges":2,"victory":false,"max_hp_per_floor":[80,80,80,80,80,80,80,80,80,80,80,80,80,80,80,80,80,80,80,80,80,80,80,80,80,80,80,80,80,80,80,80,80,80,80,80,80,80,80,80,80,80,80,80,80,80,80,80,80,80],"card_choices":[{"not_picked":["Headbutt","Flame Barrier"],"picked":"Pommel Strike","floor":1},{"not_picked":["Heavy Blade","Havoc","Corruption"],"picked":"SKIP","floor":4},{"not_picked":["Heavy Blade","Spot Weakness","Cleave"],"picked":"SKIP","floor":5},{"not_picked":["Battle Trance","Dual Wield","Brutality"],"picked":"SKIP","floor":7},{"not_picked":["Sentinel","Entrench","Havoc"],"picked":"SKIP","floor":10},{"not_picked":["Impervious","Berserk"],"picked":"Offering","floor":16},{"not_picked":["Warcry","Uppercut","Thunderclap"],"picked":"SKIP","floor":18},{"not_picked":["Iron Wave","Clash","Body Slam+1"],"picked":"SKIP","floor":21},{"not_picked":["Flex","Iron Wave","Flame Barrier"],"picked":"SKIP","floor":22},{"not_picked":["Warcry","Intimidate"],"picked":"Shrug It Off+1","floor":24},{"not_picked":["Bloodletting","Intimidate","Warcry+1"],"picked":"SKIP","floor":28},{"not_picked":["Iron Wave+1","Sever Soul","Metallicize"],"picked":"SKIP","floor":29},{"not_picked":["Shockwave+1","Metallicize","Rage+1"],"picked":"SKIP","floor":31},{"not_picked":["Metallicize","Warcry+1","Evolve"],"picked":"SKIP","floor":35},{"not_picked":["Body Slam","Shrug It Off+1","Anger"],"picked":"SKIP","floor":36},{"not_picked":["True Grit+1","Juggernaut","Havoc+1"],"picked":"SKIP","floor":38},{"not_picked":["Havoc","Inflame+1","Body Slam"],"picked":"SKIP","floor":39},{"not_picked":["Spot Weakness+1","Warcry+1","Flex+1"],"picked":"SKIP","floor":41}],"player_experience":172923,"relics_obtained":[{"floor":9,"key":"Pen Nib"},{"floor":26,"key":"Potion Belt"},{"floor":43,"key":"Tiny Chest"}],"event_choices":[{"event_name":"World of Goop","player_choice":"Gather Gold","floor":2,"damage_taken":0},{"event_name":"Golden Idol","player_choice":"Take Damage","floor":3,"damage_taken":0},{"event_name":"The Cleric","player_choice":"Healed","floor":12,"damage_taken":0},{"event_name":"Transmorgrifier","player_choice":"Transform","floor":14,"damage_taken":0},{"event_name":"Back to Basics","player_choice":"Elegance","floor":19,"damage_taken":0},{"event_name":"Nest","player_choice":"Stole From Cult","floor":20,"damage_taken":0},{"event_name":"Forgotten Altar","player_choice":"Gave Idol","floor":27,"damage_taken":0},{"event_name":"Winding Halls","player_choice":"Embrace Madness","floor":37,"damage_taken":0},{"event_name":"Duplicator","player_choice":"One dupe","floor":45,"damage_taken":0},{"event_name":"MindBloom","player_choice":"Heal","floor":48,"damage_taken":0}],"boss_relics":[{"not_picked":["Fusion Hammer","Velvet Choker"],"picked":"Pandora\u0027s Box"},{"not_picked":["Astrolabe","Calling Bell"],"picked":"Empty Cage"}],"items_purged_floors":[8,47],"is_endless":false,"potions_floor_spawned":[5,7,16,22,28,29,33,35,36,38],"killed_by":"Time Eater","ascension_level":0}