{"gold_per_floor":[14,30,30,30,30,54,54,78,108,108,108,33,68,93,93,93],"floor_reached":16,"playtime":473,"items_purged":["Defend_B"],"score":100,"play_id":"5b69342b-0a0f-46f5-9cb0-e3fb8c2541b7","local_time":"20180707200031","is_ascension_mode":false,"campfire_choices":[{"floor":7,"key":"REST"},{"floor":11,"key":"REST"},{"floor":15,"key":"REST"}],"neow_cost":"NO_GOLD","seed_source_timestamp":293333828268958,"circlet_count":0,"master_deck":["Strike_B","Strike_B","Strike_B","Defend_B","Defend_B","Defend_B","Zap","Dualcast","Hologram","Doom and Gloom"],"relics":["Cracked Core","Golden Idol","Tiny Chest","Centennial Puzzle","Bottled Lightning"],"potions_floor_usage":[16,16,16],"damage_taken":[{"damage":1,"enemies":"Cultist","floor":1,"turns":4},{"damage":5,"enemies":"Small Slimes","floor":2,"turns":3},{"damage":9,"enemies":"Jaw Worm","floor":6,"turns":4},{"damage":35,"enemies":"Exordium Thugs","floor":8,"turns":5},{"damage":44,"enemies":"Lagavulin","floor":13,"turns":6},{"damage":8,"enemies":"2 Fungi Beasts","floor":14,"turns":3},{"damage":58,"enemies":"Hexaghost","floor":16,"turns":9}],"seed_played":"-1248969047733951800","potions_obtained":[{"floor":1,"key":"Regen Potion"},{"floor":6,"key":"SkillPotion"},{"floor":13,"key":"Dexterity Potion"}],"is_trial":false,"path_per_floor":["M","M","$","?","?","M","R","M","T","T","R","$","E","M","R"],"character_chosen":"DEFECT","items_purchased":[],"campfire_rested":3,"item_purchase_floors":[],"current_hp_per_floor":[88,83,83,61,61,52,78,43,43,43,69,69,25,17,43,0],"gold":93,"neow_bonus":"TWENTY_PERCENT_HP_BONUS","is_prod":false,"is_daily":false,"chose_seed":false,"campfire_upgraded":0,"win_rate":0.0,"timestamp":1531008031,"path_taken":["M","?","$","?","?","M","R","M","T","?","R","$","E","M","R","BOSS"],"build_version":"2018-07-05","purchased_purges":1,"victory":false,"max_hp_per_floor":[89,89,89,89,89,89,89,89,89,89,89,89,89,89,89,89],"card_choices":[{"not_picked":["Recycle","Sweeping Beam","Steam Power"],"picked":"SKIP","floor":1},{"not_picked":["Skim","Rip and Tear","Cold Snap"],"picked":"SKIP","floor":2},{"not_picked":["Go for the Eyes","Redo"],"picked":"Hologram","floor":6},{"not_picked":["Turbo","Reprogram","Aggregate"],"picked":"SKIP","floor":8},{"not_picked":["Reprogram","Aggregate"],"picked":"Doom and Gloom","floor":13},{"not_picked":["Sweeping Beam","Steam","Beam Cell"],"picked":"SKIP","floor":14}],"player_experience":210317,"relics_obtained":[{"floor":9,"key":"Tiny Chest"},{"floor":10,"key":"Centennial Puzzle"},{"floor":13,"key":"Bottled Lightning"}],"event_choices":[{"event_name":"Golden Idol","player_choice":"Take Damage","floor":4,"damage_taken":0},{"event_name":"Living Wall","player_choice":"Forget","floor":5,"damage_taken":0}],"boss_relics":[],"items_purged_floors":[12],"is_endless":false,"potions_floor_spawned":[1,6,13,14],"killed_by":"Hexaghost","ascension_level":0}