{"gold_per_floor":[113,113,40,40,56,83,95,95,95,95,95,24,24,34,34,139,139,154,182,182,202,127,127,145,145,194,194,194,205,237,253,253,349,349,365,365,465,483,495,495,508,508,508,508,80,93,107,329,329,329],"floor_reached":51,"playtime":1192,"items_purged":["Defend_R"],"score":765,"play_id":"0efdb712-2f36-4d0d-a6e7-f0d63f28d88c","local_time":"20190415201511","is_ascension_mode":false,"campfire_choices":[{"data":"Whirlwind","floor":8,"key":"SMITH"},{"data":"Armaments","floor":11,"key":"SMITH"},{"data":"Uppercut","floor":13,"key":"SMITH"},{"data":"Bash","floor":15,"key":"SMITH"},{"data":"Flex","floor":23,"key":"SMITH"},{"data":"Clash","floor":27,"key":"SMITH"},{"floor":32,"key":"DIG"},{"floor":40,"key":"DIG"},{"floor":42,"key":"DIG"},{"floor":44,"key":"DIG"},{"floor":49,"key":"DIG"}],"neow_cost":"NONE","seed_source_timestamp":22200317305059,"circlet_count":0,"master_deck":["Strike_R","Strike_R","Strike_R","Strike_R","Defend_R+1","Defend_R+1","Defend_R","Bash+1","Whirlwind+1","Thunderclap","Flex+1","Uppercut+1","Clash+1","Sword Boomerang+1","Clash","Uppercut+1","Clash+1","Spot Weakness+1","Whirlwind+1","Infernal Blade+1"],"relics":["Burning Blood","NeowsBlessing","Pear","Darkstone Periapt","Happy Flower","Mummified Hand","Busted Crown","Red Mask","Red Skull","Blood Vial","Shovel","Potion Belt","Fusion Hammer","Torii","Bag of Preparation","War Paint","Toxic Egg 2","Gremlin Horn","DollysMirror","Dodecahedron"],"potions_floor_usage":[30,30,33,50,50,50,50,50,50,50,50,50,50],"damage_taken":[{"damage":0,"enemies":"Jaw Worm","floor":1,"turns":1},{"damage":0,"enemies":"Cultist","floor":5,"turns":1},{"damage":0,"enemies":"Lagavulin","floor":6,"turns":1},{"damage":0,"enemies":"2 Louse","floor":7,"turns":1},{"damage":8,"enemies":"Red Slaver","floor":14,"turns":4},{"damage":53,"enemies":"Hexaghost","floor":16,"turns":11},{"damage":0,"enemies":"3 Byrds","floor":18,"turns":3},{"damage":1,"enemies":"Masked Bandits","floor":19,"turns":3},{"damage":0,"enemies":"Chosen","floor":21,"turns":3},{"damage":6,"enemies":"Snake Plant","floor":24,"turns":3},{"damage":1,"enemies":"Chosen and Byrds","floor":29,"turns":3},{"damage":14,"enemies":"Gremlin Leader","floor":30,"turns":4},{"damage":0,"enemies":"3 Cultists","floor":31,"turns":2},{"damage":87,"enemies":"Champ","floor":33,"turns":8},{"damage":13,"enemies":"3 Darklings","floor":35,"turns":3},{"damage":0,"enemies":"Mind Bloom Boss Battle","floor":37,"turns":3},{"damage":7,"enemies":"3 Shapes","floor":38,"turns":5},{"damage":13,"enemies":"Transient","floor":39,"turns":5},{"damage":14,"enemies":"Jaw Worm Horde","floor":41,"turns":3},{"damage":0,"enemies":"3 Darklings","floor":46,"turns":2},{"damage":26,"enemies":"Spire Growth","floor":47,"turns":3},{"damage":26,"enemies":"Awakened One","floor":50,"turns":3}],"seed_played":"-2925479761136571880","potions_obtained":[{"floor":6,"key":"Strength Potion"},{"floor":16,"key":"BloodPotion"},{"floor":19,"key":"SteroidPotion"},{"floor":31,"key":"Regen Potion"},{"floor":33,"key":"SteroidPotion"},{"floor":37,"key":"SneckoOil"},{"floor":39,"key":"EntropicBrew"}],"is_trial":false,"path_per_floor":["M","?","$","T","M","E","M","R","T","?","R","$","R","M","R","B",null,"M","?","?","M","$","R","M","?","T","R","T","M","E","M","R","B",null,"M","?","?","M","M","R","M","R","T","R","$","M","M","?","R","B",null],"character_chosen":"IRONCLAD","items_purchased":["Whirlwind","Uppercut","Spot Weakness+1","LiquidBronze","LiquidBronze","DollysMirror"],"campfire_rested":0,"item_purchase_floors":[3,12,45,45,45,45],"current_hp_per_floor":[80,90,90,90,90,90,90,90,90,90,90,90,90,88,88,41,90,90,90,90,90,90,90,90,90,90,90,90,90,90,90,90,9,90,83,83,90,89,83,83,77,77,77,77,77,85,67,67,67,58],"gold":329,"neow_bonus":"THREE_ENEMY_KILL","is_prod":false,"is_daily":false,"chose_seed":false,"campfire_upgraded":6,"win_rate":0,"timestamp":1555380911,"path_taken":["M","?","?","?","M","E","M","R","T","?","R","$","R","?","R","BOSS","M","?","?","?","$","R","M","?","T","R","?","?","E","M","R","BOSS","M","?","?","?","M","R","M","R","T","R","$","M","M","?","R","BOSS"],"build_version":"2019-01-23","purchased_purges":1,"victory":true,"max_hp_per_floor":[80,90,90,90,90,90,90,90,90,90,90,90,90,90,90,90,90,90,90,90,90,90,90,90,90,90,90,90,90,90,90,90,90,90,90,90,90,90,90,90,90,90,90,90,90,90,90,90,90,90],"card_choices":[{"not_picked":["Perfected Strike","Dual Wield"],"picked":"Sword Boomerang","floor":1},{"not_picked":["Havoc","Clothesline"],"picked":"Thunderclap","floor":5},{"not_picked":["Body Slam","Reckless Charge"],"picked":"Armaments","floor":6},{"not_picked":["Brutality","Thunderclap"],"picked":"Flex","floor":7},{"not_picked":["Iron Wave","Pommel Strike"],"picked":"Clash","floor":14},{"not_picked":["Evolve"],"picked":"SKIP","floor":18},{"not_picked":[],"picked":"Sword Boomerang+1","floor":19},{"not_picked":["Warcry+1"],"picked":"SKIP","floor":21},{"not_picked":["Bloodletting"],"picked":"SKIP","floor":24},{"not_picked":["Pommel Strike"],"picked":"SKIP","floor":29},{"not_picked":["Anger"],"picked":"SKIP","floor":30},{"not_picked":["Shockwave"],"picked":"SKIP","floor":31},{"not_picked":["Shockwave"],"picked":"SKIP","floor":31},{"not_picked":[],"picked":"Uppercut+1","floor":35},{"not_picked":["Warcry+1"],"picked":"SKIP","floor":38},{"not_picked":[],"picked":"Clash+1","floor":39},{"not_picked":["Reckless Charge+1"],"picked":"SKIP","floor":41},{"not_picked":["Combust+1"],"picked":"SKIP","floor":46},{"not_picked":[],"picked":"Infernal Blade+1","floor":47}],"player_experience":1222060,"relics_obtained":[{"floor":4,"key":"Darkstone Periapt"},{"floor":6,"key":"Happy Flower"},{"floor":9,"key":"Mummified Hand"},{"floor":19,"key":"Red Mask"},{"floor":26,"key":"Red Skull"},{"floor":28,"key":"Blood Vial"},{"floor":30,"key":"Shovel"},{"floor":32,"key":"Potion Belt"},{"floor":37,"key":"Torii"},{"floor":40,"key":"Bag of Preparation"},{"floor":42,"key":"War Paint"},{"floor":43,"key":"Toxic Egg 2"},{"floor":44,"key":"Gremlin Horn"},{"floor":49,"key":"Dodecahedron"}],"event_choices":[{"cards_removed":["Sword Boomerang"],"damage_healed":0,"gold_gain":0,"player_choice":"Gave Card","damage_taken":0,"relics_obtained":["Pear"],"max_hp_gain":0,"max_hp_loss":0,"event_name":"WeMeetAgain","floor":2,"gold_loss":0},{"cards_removed":["Strike_R"],"damage_healed":0,"gold_gain":0,"player_choice":"Purged","damage_taken":0,"max_hp_gain":0,"max_hp_loss":0,"event_name":"Purifier","floor":10,"gold_loss":0},{"damage_healed":0,"gold_gain":0,"player_choice":"Fought Bandits","damage_taken":0,"max_hp_gain":0,"max_hp_loss":0,"event_name":"Masked Bandits","floor":19,"gold_loss":0},{"damage_healed":0,"gold_gain":0,"player_choice":"Ignored","damage_taken":0,"max_hp_gain":0,"max_hp_loss":0,"event_name":"NoteForYourself","floor":20,"gold_loss":0},{"damage_healed":0,"gold_gain":0,"player_choice":"Read","damage_taken":0,"max_hp_gain":0,"max_hp_loss":0,"event_name":"The Library","floor":25,"gold_loss":0,"cards_obtained":["Clash"]},{"cards_removed":["Armaments"],"damage_healed":0,"gold_gain":0,"player_choice":"Removed Skill","damage_taken":0,"max_hp_gain":0,"max_hp_loss":0,"event_name":"Falling","floor":36,"gold_loss":0},{"damage_healed":0,"gold_gain":0,"player_choice":"Fight","damage_taken":0,"max_hp_gain":0,"max_hp_loss":0,"event_name":"MindBloom","floor":37,"gold_loss":0},{"damage_healed":0,"gold_gain":222,"player_choice":"Wore Mask","damage_taken":0,"max_hp_gain":0,"max_hp_loss":0,"event_name":"Tomb of Lord Red Mask","floor":48,"gold_loss":0}],"is_beta":false,"boss_relics":[{"not_picked":["Snecko Eye","Eternal Feather"],"picked":"Busted Crown"},{"not_picked":["Empty Cage","Sozu"],"picked":"Fusion Hammer"}],"items_purged_floors":[22],"is_endless":false,"potions_floor_spawned":[6,16,19,21,29,31,33,37,39],"ascension_level":0}