{"gold_per_floor":[112,112,33,46,46,46,59,73,73,103,117,117,128,68,68,170,170,185,204,129,44,59,59,59],"floor_reached":24,"playtime":2868,"items_purged":["Defend_B"],"score":188,"play_id":"8c66560e-84a9-46e5-a67b-16f9c6e0570c","local_time":"20180717183546","is_ascension_mode":false,"campfire_choices":[{"data":"Zap","floor":6,"key":"SMITH"},{"data":"Defragment","floor":15,"key":"SMITH"},{"data":"Tempest","floor":23,"key":"SMITH"}],"neow_cost":"NONE","seed_source_timestamp":40266917445333,"circlet_count":0,"master_deck":["Defend_B","Defend_B","Defend_B","Zap+1","Dualcast","Hologram","Defragment+1","Defragment","Tempest+1","Biased Cognition","Creative AI+1"],"relics":["Coffee Dripper","The Courier","Frozen Egg 2","Empty Cage","Bird Faced Urn"],"potions_floor_usage":[16,16],"damage_taken":[{"damage":3,"enemies":"Jaw Worm","floor":1,"turns":4},{"damage":9,"enemies":"Small Slimes","floor":4,"turns":4},{"damage":1,"enemies":"2 Louse","floor":7,"turns":2},{"damage":2,"enemies":"Large Slime","floor":8,"turns":4},{"damage":11,"enemies":"2 Fungi Beasts","floor":11,"turns":3},{"damage":9,"enemies":"3 Louse","floor":13,"turns":3},{"damage":22,"enemies":"Hexaghost","floor":16,"turns":8},{"damage":32,"enemies":"Shell Parasite","floor":18,"turns":4},{"damage":11,"enemies":"Spheric Guardian","floor":19,"turns":4},{"damage":15,"enemies":"Centurion and Healer","floor":22,"turns":5},{"damage":43,"enemies":"Slaver and Parasite","floor":24,"turns":2}],"seed_played":"7834204074062874704","potions_obtained":[{"floor":7,"key":"Dexterity Potion"},{"floor":11,"key":"FearPotion"},{"floor":18,"key":"Swift Potion"}],"is_trial":false,"path_per_floor":["M","?","$","M","?","R","M","M","T","?","M","?","M","$","R","B",null,"M","M","?","?","M","R"],"character_chosen":"DEFECT","items_purchased":["Defragment"],"campfire_rested":0,"item_purchase_floors":[3],"current_hp_per_floor":[72,65,65,56,56,56,55,53,53,53,42,39,30,30,30,8,75,43,32,32,32,33,33,0],"gold":59,"neow_bonus":"BOSS_RELIC","is_prod":false,"is_daily":false,"chose_seed":false,"campfire_upgraded":3,"win_rate":0.0,"timestamp":1531866946,"path_taken":["M","?","$","M","?","R","M","M","T","?","?","?","M","$","R","BOSS","M","M","?","?","M","R","M"],"build_version":"2018-07-12","purchased_purges":1,"victory":false,"max_hp_per_floor":[75,75,75,75,75,75,75,75,75,75,75,75,75,75,75,75,75,75,75,75,75,75,75,75],"card_choices":[{"not_picked":["Turbo","Go for the Eyes"],"picked":"Hologram","floor":1},{"not_picked":["Chill","Lockon"],"picked":"Defragment","floor":4},{"not_picked":["Rebound","Turbo"],"picked":"Tempest","floor":7},{"not_picked":["Leap","Capacitor"],"picked":"Biased Cognition","floor":8},{"not_picked":["Heatsinks","Hologram","Static Discharge"],"picked":"SKIP","floor":11},{"not_picked":["Hello World+1","Recycle","Turbo"],"picked":"SKIP","floor":13},{"not_picked":["Fission","Reboot"],"picked":"Creative AI+1","floor":16},{"not_picked":["Consume","Coolheaded","Compile Driver"],"picked":"SKIP","floor":18},{"not_picked":["Redo","Rebound","Aggregate"],"picked":"SKIP","floor":19},{"not_picked":["BootSequence","Beam Cell","Capacitor+1"],"picked":"SKIP","floor":22}],"player_experience":263276,"relics_obtained":[{"floor":9,"key":"The Courier"}],"event_choices":[{"event_name":"Golden Wing","player_choice":"Card Removal","floor":2,"damage_taken":0},{"event_name":"Liars Game","player_choice":"disagreed","floor":5,"damage_taken":0},{"event_name":"Dead Adventurer","player_choice":"Searched \u00272\u0027 times","floor":10,"damage_taken":0},{"event_name":"Scrap Ooze","player_choice":"success","floor":12,"damage_taken":3},{"event_name":"Beggar","player_choice":"Gave Gold","floor":20,"damage_taken":0},{"event_name":"Addict","player_choice":"Obtained Relic","floor":21,"damage_taken":0}],"boss_relics":[{"not_picked":["White Beast Statue","Fusion Hammer"],"picked":"Empty Cage"}],"items_purged_floors":[14],"is_endless":false,"potions_floor_spawned":[7,11,18],"killed_by":"Slaver and Parasite","ascension_level":0}