{"gold_per_floor":[10,85,85,104,114,114,125,57,57,57,84,84,94,112,112,209,259,273,289,302,302,39,39,73,73,73,91,91,91,107,124,124,124],"floor_reached":33,"playtime":1658,"items_purged":["Decay"],"score":294,"play_id":"eb36f518-c5ab-40a4-8be2-41488c24730a","local_time":"20190410205012","is_ascension_mode":false,"campfire_choices":[{"data":"Uppercut","floor":6,"key":"SMITH"},{"data":"Flame Barrier","floor":10,"key":"SMITH"},{"data":"Intimidate","floor":12,"key":"SMITH"},{"data":"Clothesline","floor":15,"key":"SMITH"},{"data":"Immolate","floor":23,"key":"SMITH"},{"data":"RitualDagger","floor":29,"key":"SMITH"},{"data":"Immolate","floor":32,"key":"SMITH"}],"neow_cost":"NO_GOLD","seed_source_timestamp":6060933266693,"circlet_count":0,"master_deck":["Strike_R","Strike_R","Strike_R","Strike_R","Strike_R","Defend_R+1","Defend_R","Defend_R","Defend_R","Bash","Immolate+1","Clothesline+1","Flame Barrier+1","Uppercut+1","Intimidate+1","Ghostly Armor","Headbutt","Evolve","Shockwave","Immolate+1","Power Through+1","Warcry","Metallicize","Immolate+1","Warcry","Flex","Warcry","RitualDagger+1","Wild Strike+1","Iron Wave"],"relics":["Burning Blood","Mummified Hand","Gremlin Horn","Mango","Nloth\u0027s Gift","Incense Burner"],"potions_floor_usage":[14,18,19,20,33,33,33],"damage_taken":[{"damage":0,"enemies":"2 Louse","floor":1,"turns":1},{"damage":0,"enemies":"Small Slimes","floor":4,"turns":2},{"damage":0,"enemies":"Cultist","floor":5,"turns":3},{"damage":0,"enemies":"3 Louse","floor":7,"turns":3},{"damage":10,"enemies":"Gremlin Nob","floor":11,"turns":3},{"damage":8,"enemies":"Red Slaver","floor":13,"turns":3},{"damage":0,"enemies":"2 Fungi Beasts","floor":14,"turns":2},{"damage":40,"enemies":"Slime Boss","floor":16,"turns":10},{"damage":7,"enemies":"Shell Parasite","floor":18,"turns":8},{"damage":7,"enemies":"3 Byrds","floor":19,"turns":4},{"damage":0,"enemies":"Cultist and Chosen","floor":20,"turns":5},{"damage":35,"enemies":"Slavers","floor":24,"turns":3},{"damage":8,"enemies":"Snecko","floor":27,"turns":6},{"damage":12,"enemies":"Snake Plant","floor":30,"turns":4},{"damage":0,"enemies":"Sentry and Sphere","floor":31,"turns":3},{"damage":69,"enemies":"Champ","floor":33,"turns":14}],"seed_played":"-4743589177574197138","potions_obtained":[{"floor":4,"key":"Explosive Potion"},{"floor":14,"key":"Poison Potion"},{"floor":16,"key":"Weak Potion"},{"floor":17,"key":"SpeedPotion"},{"floor":27,"key":"GamblersBrew"},{"floor":30,"key":"Block Potion"},{"floor":31,"key":"SkillPotion"}],"is_trial":false,"path_per_floor":["M","?","?","M","M","R","M","$","T","R","E","R","M","M","R","B",null,"M","M","M","?","$","R","E","?","T","M","?","R","M","M","R","B"],"character_chosen":"IRONCLAD","items_purchased":["Ghostly Armor","Metallicize","Immolate","Warcry"],"campfire_rested":0,"item_purchase_floors":[8,22,22,22],"current_hp_per_floor":[80,69,69,75,80,80,80,80,80,80,76,76,74,80,80,46,85,84,83,85,85,85,85,70,70,70,68,62,62,56,62,62,0],"gold":124,"neow_bonus":"THREE_RARE_CARDS","is_prod":false,"is_daily":false,"chose_seed":false,"campfire_upgraded":7,"win_rate":0,"timestamp":1554951012,"path_taken":["M","?","?","M","M","R","M","$","T","R","E","R","?","M","R","BOSS","M","M","M","?","$","R","E","?","T","?","?","R","M","M","R","BOSS"],"build_version":"2019-01-23","purchased_purges":1,"victory":false,"max_hp_per_floor":[80,80,80,80,80,80,80,80,80,80,80,80,80,80,80,80,85,85,85,85,85,85,85,99,99,99,99,99,99,99,99,99,99],"card_choices":[{"not_picked":["Brutality","Bludgeon"],"picked":"Immolate","floor":0},{"not_picked":["Pommel Strike","Warcry"],"picked":"Clothesline","floor":1},{"not_picked":["Inflame","Clothesline"],"picked":"Flame Barrier","floor":4},{"not_picked":["Thunderclap","Headbutt"],"picked":"Uppercut","floor":5},{"not_picked":["Bloodletting","Iron Wave"],"picked":"Intimidate","floor":7},{"not_picked":["Uppercut","Havoc"],"picked":"Headbutt","floor":11},{"not_picked":["Anger","Havoc"],"picked":"Evolve","floor":13},{"not_picked":["Power Through","Battle Trance"],"picked":"Shockwave","floor":14},{"not_picked":["Limit Break","Barricade"],"picked":"Immolate","floor":16},{"not_picked":["Burning Pact+1","Dual Wield+1"],"picked":"Power Through+1","floor":18},{"not_picked":["Cleave+1","Infernal Blade"],"picked":"Warcry","floor":19},{"not_picked":["Twin Strike","Carnage+1","Blood for Blood+1"],"picked":"SKIP","floor":20},{"not_picked":["Cleave","Searing Blow"],"picked":"Flex","floor":24},{"not_picked":["Body Slam","Anger+1"],"picked":"Warcry","floor":27},{"not_picked":["Blood for Blood+1","Havoc"],"picked":"Wild Strike+1","floor":30},{"not_picked":["Burning Pact","Heavy Blade"],"picked":"Iron Wave","floor":31}],"player_experience":1183878,"relics_obtained":[{"floor":9,"key":"Mummified Hand"},{"floor":11,"key":"Gremlin Horn"},{"floor":24,"key":"Mango"},{"floor":26,"key":"Incense Burner"}],"event_choices":[{"damage_healed":0,"gold_gain":75,"player_choice":"Gather Gold","damage_taken":11,"max_hp_gain":0,"max_hp_loss":0,"event_name":"World of Goop","floor":2,"gold_loss":0},{"damage_healed":0,"gold_gain":0,"player_choice":"Upgraded","damage_taken":0,"max_hp_gain":0,"max_hp_loss":0,"event_name":"Upgrade Shrine","floor":3,"gold_loss":0,"cards_upgraded":["Immolate"]},{"damage_healed":0,"gold_gain":0,"player_choice":"Smashed Altar","damage_taken":0,"max_hp_gain":0,"max_hp_loss":0,"event_name":"Forgotten Altar","floor":21,"gold_loss":0,"cards_obtained":["Decay"]},{"damage_healed":0,"gold_gain":0,"player_choice":"Traded Relic","damage_taken":0,"relics_obtained":["Nloth\u0027s Gift"],"max_hp_gain":0,"max_hp_loss":0,"event_name":"N\u0027loth","floor":25,"relics_lost":["Tiny House"],"gold_loss":0},{"damage_healed":0,"gold_gain":0,"player_choice":"Joined the Cult","damage_taken":6,"max_hp_gain":0,"max_hp_loss":0,"event_name":"Nest","floor":28,"gold_loss":0,"cards_obtained":["RitualDagger"]}],"is_beta":false,"boss_relics":[{"not_picked":["Lizard Tail","Fusion Hammer"],"picked":"Tiny House"}],"items_purged_floors":[22],"is_endless":false,"potions_floor_spawned":[4,14,16,27,30,31],"killed_by":"Champ","ascension_level":0}