{"gold_per_floor":[111,211,13,28,40,40,59,10,10,29,102,177,204,204,204,204],"floor_reached":16,"playtime":391,"items_purged":[],"score":105,"play_id":"d6aa67ea-6b50-4ffb-902c-d056d973bd00","local_time":"20190412232457","is_ascension_mode":true,"campfire_choices":[{"data":"Dagger Spray","floor":6,"key":"SMITH"},{"floor":15,"key":"REST"}],"neow_cost":"NONE","seed_source_timestamp":260811875176182,"circlet_count":0,"master_deck":["Defend_G","Defend_G","Defend_G","Defend_G","Defend_G","Strike_G","Strike_G","Strike_G","Strike_G","Strike_G","Survivor","Neutralize","Dagger Spray+1","Quick Slash","Footwork","Caltrops","Accuracy","Quick Slash","Cloak And Dagger"],"relics":["Ring of the Snake","NeowsBlessing","Strawberry","FossilizedHelix","Molten Egg 2","Nunchaku","Potion Belt"],"potions_floor_usage":[],"damage_taken":[{"damage":0,"enemies":"Small Slimes","floor":1,"turns":1},{"damage":0,"enemies":"Cultist","floor":4,"turns":1},{"damage":0,"enemies":"Jaw Worm","floor":5,"turns":1},{"damage":5,"enemies":"Large Slime","floor":7,"turns":9},{"damage":0,"enemies":"Exordium Thugs","floor":10,"turns":4},{"damage":34,"enemies":"Lagavulin","floor":13,"turns":8},{"damage":50,"enemies":"The Guardian","floor":16,"turns":10}],"seed_played":"-6686602326697289443","potions_obtained":[{"floor":5,"key":"Swift Potion"},{"floor":7,"key":"Dexterity Potion"}],"is_trial":false,"path_per_floor":["M","?","$","M","M","R","M","$","T","M","T","?","E","?","R","B"],"character_chosen":"THE_SILENT","items_purchased":["Strawberry","Quick Slash","Quick Slash"],"campfire_rested":1,"item_purchase_floors":[3,3,8],"current_hp_per_floor":[70,70,77,77,77,77,72,72,72,72,72,61,27,27,50,0],"gold":204,"neow_bonus":"THREE_ENEMY_KILL","is_prod":false,"is_daily":false,"chose_seed":false,"campfire_upgraded":1,"win_rate":0,"timestamp":1555125897,"path_taken":["M","?","$","?","M","R","M","$","T","M","?","?","E","?","R","BOSS"],"build_version":"2019-01-23","purchased_purges":0,"victory":false,"max_hp_per_floor":[70,70,77,77,77,77,77,77,77,77,77,77,77,77,77,77],"card_choices":[{"not_picked":["Deadly Poison","Dagger Throw"],"picked":"Dagger Spray","floor":1},{"not_picked":["Outmaneuver","Deflect"],"picked":"Footwork","floor":4},{"not_picked":["Reflex","PiercingWail"],"picked":"Caltrops","floor":5},{"not_picked":["Quick Slash","Malaise"],"picked":"Accuracy","floor":7},{"not_picked":["Deflect","Dodge and Roll","Prepared"],"picked":"SKIP","floor":10},{"not_picked":["Terror","Bane+1"],"picked":"Cloak And Dagger","floor":13}],"player_experience":485367,"relics_obtained":[{"floor":9,"key":"FossilizedHelix"},{"floor":11,"key":"Molten Egg 2"},{"floor":13,"key":"Nunchaku"}],"event_choices":[{"damage_healed":0,"gold_gain":100,"player_choice":"Pray","damage_taken":0,"max_hp_gain":0,"max_hp_loss":0,"event_name":"Golden Shrine","floor":2,"gold_loss":0},{"damage_healed":0,"gold_gain":75,"player_choice":"Gather Gold","damage_taken":11,"max_hp_gain":0,"max_hp_loss":0,"event_name":"World of Goop","floor":12,"gold_loss":0},{"damage_healed":0,"gold_gain":0,"player_choice":"Gave Potion","damage_taken":0,"relics_obtained":["Potion Belt"],"max_hp_gain":0,"max_hp_loss":0,"event_name":"WeMeetAgain","floor":14,"gold_loss":0}],"is_beta":false,"boss_relics":[],"items_purged_floors":[],"is_endless":false,"potions_floor_spawned":[5,7],"killed_by":"The Guardian","ascension_level":1}