{"gold_per_floor":[213,213,228,248,248,248,278,278,357,357,373,389,389,10,10,105,105,116,116,116,134,34,34,65,65,139,165,8,34,34,50,50,146,146,164,210,210,222,234,234,252,252,303,303,323,342,342,145,145,145],"floor_reached":51,"playtime":3303,"items_purged":["Strike_R","Strike_R","Normality"],"score":746,"play_id":"c13a856d-324c-46e8-aaa6-e0fe96520410","local_time":"20190312191007","is_ascension_mode":true,"campfire_choices":[{"data":"Bash","floor":6.0,"key":"SMITH"},{"data":"Evolve","floor":8,"key":"SMITH"},{"data":"Offering","floor":10,"key":"SMITH"},{"floor":15,"key":"REST"},{"floor":23,"key":"REST"},{"data":"True Grit","floor":25,"key":"SMITH"},{"floor":30,"key":"REST"},{"floor":32,"key":"REST"},{"floor":40,"key":"REST"},{"floor":42,"key":"REST"},{"floor":44,"key":"DIG"},{"floor":49,"key":"DIG"}],"neow_cost":"NONE","seed_source_timestamp":0,"circlet_count":0,"master_deck":["Strike_R","Strike_R","Defend_R","Defend_R","Defend_R+1","Defend_R","Bash+1","Whirlwind+1","Evolve+1","Offering+1","Clothesline","Inflame","Reckless Charge","Immolate","True Grit+1","Parasite","Writhe","Wild Strike","Impervious","Inflame","Madness","Madness","Blood for Blood+1","Thunderclap","Metallicize+1","Shrug It Off","Doubt"],"special_seed":0,"relics":["Burning Blood","Red Skull","Du-Vu Doll","Sundial","Bag of Preparation","Cursed Key","Enchiridion","Shovel","Pear","Smiling Mask","PreservedInsect","Vajra","Mark of Pain","Magic Flower","Regal Pillow","Darkstone Periapt","Pen Nib","Anchor"],"potions_floor_usage":[33,50,50,50],"damage_taken":[{"damage":2.0,"enemies":"2 Louse","floor":1.0,"turns":4.0},{"damage":0.0,"enemies":"Jaw Worm","floor":3.0,"turns":4.0},{"damage":12.0,"enemies":"Small Slimes","floor":4.0,"turns":2.0},{"damage":14.0,"enemies":"Gremlin Nob","floor":7.0,"turns":3.0},{"damage":12,"enemies":"Looter","floor":11,"turns":3},{"damage":7,"enemies":"Blue Slaver","floor":12,"turns":4},{"damage":26,"enemies":"Hexaghost","floor":16,"turns":9},{"damage":6,"enemies":"Spheric Guardian","floor":18,"turns":3},{"damage":13,"enemies":"2 Thieves","floor":21,"turns":2},{"damage":22,"enemies":"Gremlin Leader","floor":24,"turns":4},{"damage":41,"enemies":"Slavers","floor":27,"turns":4},{"damage":8,"enemies":"Centurion and Healer","floor":31,"turns":4},{"damage":40,"enemies":"Collector","floor":33,"turns":8},{"damage":10,"enemies":"3 Shapes","floor":35,"turns":3},{"damage":47,"enemies":"2 Orb Walkers","floor":36,"turns":4},{"damage":11,"enemies":"Orb Walker","floor":38,"turns":3},{"damage":24,"enemies":"Sphere and 2 Shapes","floor":39,"turns":4},{"damage":17,"enemies":"Writhing Mass","floor":41,"turns":4},{"damage":8,"enemies":"Jaw Worm Horde","floor":45,"turns":4},{"damage":28,"enemies":"4 Shapes","floor":46,"turns":3},{"damage":80,"enemies":"Time Eater","floor":50,"turns":10}],"seed_played":"3395869594044776123","potions_obtained":[{"floor":4.0,"key":"Swift Potion"},{"floor":12,"key":"BloodPotion"},{"floor":16,"key":"FearPotion"},{"floor":24,"key":"Energy Potion"},{"floor":27,"key":"EssenceOfSteel"},{"floor":33,"key":"FearPotion"},{"floor":36,"key":"AttackPotion"},{"floor":38,"key":"LiquidBronze"}],"is_trial":false,"path_per_floor":["M","?","M","M","T","R","E","R","T","R","M","M","?","$","R","B",null,"M","?","?","M","$","R","E","R","T","E","$","T","R","M","R","B",null,"M","?","?","M","M","R","M","R","T","R","M","M","?","$","R","B",null],"character_chosen":"IRONCLAD","items_purchased":["Inflame","Reckless Charge","Bag of Preparation","PreservedInsect","Pen Nib"],"campfire_rested":6,"item_purchase_floors":[14,14,14,28,48],"current_hp_per_floor":[80,64,70,64,64,64,56,56,56,56,50,49,49,49,73,53,80,80,65,49,42,42,67,51,51,61,26,26,26,54,52,80,46,95,91,50,38,36,21,49,41,69,69,69,70,51,101,101,101,45],"gold":145,"neow_bonus":"HUNDRED_GOLD","is_prod":false,"is_daily":false,"chose_seed":false,"campfire_upgraded":4,"win_rate":0,"timestamp":1552414207,"path_taken":["M","?","M","M","?","R","E","R","T","R","M","M","?","$","R","BOSS","M","?","?","M","$","R","E","R","T","E","$","?","R","?","R","BOSS","M","?","?","M","M","R","M","R","T","R","M","M","?","?","R","BOSS"],"build_version":"2019-01-23","purchased_purges":3,"victory":true,"max_hp_per_floor":[80,80,80,80,80,80,80,80,80,80,80,80,80,80,80,80,80,80,85,85,85,85,85,85,85,95,95,95,95,95,95,95,95,95,95,95,95,95,95,95,95,95,95,95,95,95,101,101,101,101],"card_choices":[{"not_picked":["Havoc","Clothesline"],"picked":"Whirlwind","floor":1.0},{"not_picked":["Dropkick","Havoc"],"picked":"Evolve","floor":3.0},{"not_picked":["Clothesline","Blood for Blood","Second Wind"],"picked":"SKIP","floor":4.0},{"not_picked":["Berserk","Clothesline"],"picked":"Offering","floor":7},{"not_picked":["Pummel","Clash"],"picked":"Clothesline","floor":11},{"not_picked":["Armaments","Bloodletting","Anger"],"picked":"SKIP","floor":12},{"not_picked":["Brutality","Fiend Fire"],"picked":"Immolate","floor":16},{"not_picked":["Seeing Red+1","Fire Breathing"],"picked":"True Grit","floor":18},{"not_picked":["Headbutt+1","Spot Weakness+1","Evolve"],"picked":"SKIP","floor":21},{"not_picked":["Pommel Strike+1","Fiend Fire","Sword Boomerang"],"picked":"SKIP","floor":24},{"not_picked":["Sword Boomerang","Twin Strike","Uppercut"],"picked":"SKIP","floor":27},{"not_picked":["True Grit+1","Second Wind"],"picked":"Wild Strike","floor":31},{"not_picked":["Exhume","Dark Embrace"],"picked":"Impervious","floor":33},{"not_picked":["Cleave","Second Wind","Perfected Strike+1"],"picked":"SKIP","floor":35},{"not_picked":["Body Slam+1","Disarm+1"],"picked":"Inflame","floor":36},{"not_picked":["Perfected Strike+1","Heavy Blade+1"],"picked":"Blood for Blood+1","floor":38},{"not_picked":["Cleave+1","Flex+1","Pommel Strike"],"picked":"SKIP","floor":39},{"not_picked":["Cleave","Evolve+1"],"picked":"Thunderclap","floor":41},{"not_picked":["Shrug It Off","Barricade"],"picked":"Metallicize+1","floor":45},{"not_picked":["Reckless Charge","Bloodletting"],"picked":"Shrug It Off","floor":46}],"player_experience":47117,"relics_obtained":[{"floor":5.0,"key":"Red Skull"},{"floor":7,"key":"Du-Vu Doll"},{"floor":9,"key":"Sundial"},{"floor":20,"key":"Enchiridion"},{"floor":24,"key":"Shovel"},{"floor":26,"key":"Pear"},{"floor":27,"key":"Smiling Mask"},{"floor":29,"key":"Vajra"},{"floor":36,"key":"Magic Flower"},{"floor":43,"key":"Regal Pillow"},{"floor":44,"key":"Darkstone Periapt"},{"floor":49,"key":"Anchor"}],"event_choices":[{"damage_healed":0.0,"max_hp_gain":0.0,"max_hp_loss":0.0,"gold_gain":0.0,"event_name":"Shining Light","player_choice":"Entered Light","floor":2.0,"gold_loss":0.0,"damage_taken":16.0,"cards_upgraded":["Whirlwind","Defend_R"]},{"cards_removed":["Strike_R"],"damage_healed":0,"gold_gain":0,"player_choice":"Forget","damage_taken":0,"max_hp_gain":0,"max_hp_loss":0,"event_name":"Living Wall","floor":13,"gold_loss":0},{"damage_healed":0,"gold_gain":0,"player_choice":"Shed Blood","damage_taken":20,"max_hp_gain":5,"max_hp_loss":0,"event_name":"Forgotten Altar","floor":19,"gold_loss":0},{"damage_healed":0,"gold_gain":0,"player_choice":"Obtained Book","damage_taken":16,"max_hp_gain":0,"max_hp_loss":0,"event_name":"Cursed Tome","floor":20,"gold_loss":0},{"damage_healed":0,"gold_gain":0,"player_choice":"Fight","damage_taken":0,"max_hp_gain":0,"max_hp_loss":0,"event_name":"Mysterious Sphere","floor":36,"gold_loss":0},{"damage_healed":0,"gold_gain":0,"player_choice":"Embrace Madness","damage_taken":12,"max_hp_gain":0,"max_hp_loss":0,"event_name":"Winding Halls","floor":37,"gold_loss":0,"cards_obtained":["Madness","Madness"]},{"damage_healed":44,"gold_gain":0,"player_choice":"Heal","damage_taken":0,"max_hp_gain":0,"max_hp_loss":0,"event_name":"MindBloom","floor":47,"gold_loss":0,"cards_obtained":["Doubt"]}],"is_beta":false,"boss_relics":[{"not_picked":["Sozu","Snecko Eye"],"picked":"Cursed Key"},{"not_picked":["Black Blood","Eternal Feather"],"picked":"Mark of Pain"}],"items_purged_floors":[14,22,48],"is_endless":false,"potions_floor_spawned":[4,12,16,24,27,31,33,36,38],"ascension_level":2}