{"gold_per_floor":[119,132,147,147,127,127,154,87,110,128,128,147,147,165,165,243,243,258,20,20,39,51,51,67,80,80,112,128,128,145,70,70,70],"floor_reached":33,"playtime":3411,"items_purged":["Strike_G"],"score":567,"play_id":"824d3a8b-b115-4482-b7fb-3bec46a77d5f","local_time":"20190115060111","is_ascension_mode":true,"campfire_choices":[{"data":"Dash","floor":6.0,"key":"SMITH"},{"data":"Venomology","floor":11.0,"key":"SMITH"},{"data":"Terror","floor":13.0,"key":"SMITH"},{"data":"Predator","floor":15.0,"key":"SMITH"},{"data":"Acrobatics","floor":23.0,"key":"SMITH"},{"data":"Glass Knife","floor":29.0,"key":"SMITH"},{"data":"Reflex","floor":32,"key":"SMITH"}],"neow_cost":"NONE","seed_source_timestamp":6752466042887400,"circlet_count":0,"master_deck":["AscendersBane","Defend_G","Defend_G","Defend_G","Defend_G","Survivor","Neutralize","All Out Attack+1","Dash+1","Well Laid Plans","Dodge and Roll","Venomology+1","Footwork","Terror+1","Sucker Punch","Predator+1","Bullet Time","Choke","Bite","Bite","Bite","Bite","Bite","Terror+1","Acrobatics+1","Backflip","Leg Sweep","Reflex+1","Glass Knife+1","Acrobatics"],"special_seed":0,"relics":["Ring of the Snake","MawBank","Centennial Puzzle","HoveringKite","Bag of Preparation","Torii","Snake Skull"],"potions_floor_usage":[33,33],"damage_taken":[{"damage":6.0,"enemies":"Jaw Worm","floor":1.0,"turns":4.0},{"damage":3.0,"enemies":"Small Slimes","floor":2.0,"turns":4.0},{"damage":1.0,"enemies":"Cultist","floor":3.0,"turns":4.0},{"damage":14.0,"enemies":"Lagavulin","floor":7.0,"turns":6.0},{"damage":0.0,"enemies":"2 Fungi Beasts","floor":10.0,"turns":4.0},{"damage":2.0,"enemies":"Exordium Wildlife","floor":12.0,"turns":4.0},{"damage":3.0,"enemies":"Large Slime","floor":14.0,"turns":4.0},{"damage":29.0,"enemies":"Slime Boss","floor":16.0,"turns":17.0},{"damage":5.0,"enemies":"Shell Parasite","floor":18.0,"turns":5.0},{"damage":0.0,"enemies":"Chosen","floor":21.0,"turns":5.0},{"damage":9.0,"enemies":"Snake Plant","floor":22.0,"turns":3.0},{"damage":6.0,"enemies":"Sentry and Sphere","floor":24.0,"turns":6.0},{"damage":9.0,"enemies":"3 Cultists","floor":25.0,"turns":5.0},{"damage":9.0,"enemies":"Gremlin Leader","floor":27.0,"turns":5.0},{"damage":1.0,"enemies":"Snake Plant","floor":28.0,"turns":3.0},{"damage":9,"enemies":"Sentry and Sphere","floor":30,"turns":10},{"damage":55,"enemies":"Collector","floor":33,"turns":10}],"seed_played":"-6949104593263065555","potions_obtained":[{"floor":2.0,"key":"Energy Potion"},{"floor":5.0,"key":"Strength Potion"},{"floor":7.0,"key":"PowerPotion"},{"floor":14.0,"key":"Dexterity Potion"},{"floor":18.0,"key":"Swift Potion"}],"is_trial":false,"path_per_floor":["M","M","M","?","?","R","E","$","T","M","R","M","R","M","R","B",null,"M","$","?","M","M","R","M","M","T","E","M","R","M","?","R","B"],"character_chosen":"THE_SILENT","items_purchased":["Footwork","Bag of Preparation"],"campfire_rested":0,"item_purchase_floors":[8,19],"current_hp_per_floor":[53,50,49,49,49,49,35,35,35,35,35,33,33,30,30,1,50,45,45,45,46,39,39,41,44,44,44,45,45,41,41,41,0],"gold":70,"neow_bonus":"THREE_CARDS","is_prod":false,"is_daily":false,"chose_seed":false,"campfire_upgraded":7,"win_rate":0,"timestamp":1547560871,"path_taken":["M","M","M","?","?","R","E","$","T","M","R","M","R","M","R","BOSS","M","$","?","M","M","R","M","M","T","E","M","R","M","?","R","BOSS"],"build_version":"2019-01-14v2","purchased_purges":1,"victory":false,"max_hp_per_floor":[66,66,66,66,66,66,66,66,66,66,66,66,66,66,66,66,66,66,66,46,46,46,46,46,46,46,46,46,46,46,46,46,46],"card_choices":[{"not_picked":["Outmaneuver","Dagger Throw"],"picked":"All Out Attack","floor":0.0},{"not_picked":["Masterful Stab","Concentrate"],"picked":"Dash","floor":1.0},{"not_picked":["Bane","Sucker Punch"],"picked":"Well Laid Plans","floor":2.0},{"not_picked":["Outmaneuver","Dagger Spray"],"picked":"Dodge and Roll","floor":3.0},{"not_picked":["Underhanded Strike","Setup"],"picked":"Venomology","floor":7.0},{"not_picked":["Concentrate","Cloak And Dagger"],"picked":"Terror","floor":10.0},{"not_picked":["Eviscerate","Deadly Poison"],"picked":"Sucker Punch","floor":12.0},{"not_picked":["Blade Dance","Acrobatics"],"picked":"Predator","floor":14.0},{"not_picked":["After Image","Storm of Steel"],"picked":"Bullet Time","floor":16.0},{"not_picked":["Concentrate","Sucker Punch"],"picked":"Choke","floor":18.0},{"not_picked":["Poisoned Stab","Blade Dance"],"picked":"Terror+1","floor":21.0},{"not_picked":["Distraction","Dagger Spray"],"picked":"Acrobatics","floor":22.0},{"not_picked":["Sucker Punch","Flying Knee"],"picked":"Backflip","floor":24.0},{"not_picked":["Terror+1","Underhanded Strike"],"picked":"Leg Sweep","floor":25.0},{"not_picked":["Deflect","Flechettes"],"picked":"Reflex","floor":27.0},{"not_picked":["Leg Sweep","Blade Dance"],"picked":"Glass Knife","floor":28.0},{"not_picked":["Choke","Catalyst"],"picked":"Acrobatics","floor":30}],"player_experience":3219348,"relics_obtained":[{"floor":7.0,"key":"MawBank"},{"floor":9.0,"key":"Centennial Puzzle"},{"floor":26.0,"key":"Torii"},{"floor":27.0,"key":"Snake Skull"}],"event_choices":[{"damage_healed":0.0,"max_hp_gain":0.0,"max_hp_loss":0.0,"gold_gain":0.0,"event_name":"Living Wall","player_choice":"Grow","floor":4.0,"gold_loss":0.0,"damage_taken":0.0,"cards_upgraded":["All Out Attack"]},{"damage_healed":0.0,"max_hp_gain":0.0,"max_hp_loss":0.0,"gold_gain":0.0,"event_name":"The Woman in Blue","player_choice":"Bought 1 Potion","floor":5.0,"gold_loss":0.0,"damage_taken":0.0},{"damage_healed":0.0,"max_hp_gain":0.0,"max_hp_loss":20.0,"gold_gain":0.0,"event_name":"Vampires","player_choice":"Became a vampire","floor":20.0,"gold_loss":0.0,"damage_taken":0.0,"cards_obtained":["Bite","Bite","Bite","Bite","Bite"]},{"cards_removed":["Defend_G"],"damage_healed":0,"gold_gain":0,"player_choice":"Gave Gold","damage_taken":0,"max_hp_gain":0,"max_hp_loss":0,"event_name":"Beggar","floor":31,"gold_loss":75}],"is_beta":true,"boss_relics":[{"not_picked":["WristBlade","Tiny House"],"picked":"HoveringKite"}],"items_purged_floors":[19],"is_endless":false,"potions_floor_spawned":[2,7,14,18,21,22],"killed_by":"Collector","ascension_level":20}