{"path_per_floor":["M","M","?","?","?","R","M","R","T","M","$","R","M","M","R","B",null,"M","M","$","?","M","R"],"character_chosen":"IRONCLAD","items_purchased":["Enlightenment","Double Tap"],"gold_per_floor":[114,130,130,205,205,205,222,222,294,313,37,37,47,63,63,161,161,175,190,34,34,51,51,51],"floor_reached":24,"campfire_rested":2,"playtime":3770,"item_purchase_floors":[11,20],"current_hp_per_floor":[71,74,74,63,47,71,77,77,77,77,77,77,80,80,80,69,80,64,74,74,74,66,80,0],"items_purged":["Genetic Algorithm"],"gold":51,"score":188,"play_id":"b8798a62-bbf4-4eba-a13c-458e96a1c17a","local_time":"20180616200223","daily_mods":["Draft","Diverse"],"is_prod":false,"is_daily":false,"chose_seed":true,"is_ascension_mode":false,"campfire_upgraded":3,"win_rate":0.0,"timestamp":1529193743,"campfire_choices":[{"floor":6.0,"key":"REST"},{"data":"Perfected Strike","floor":8,"key":"SMITH"},{"data":"Enlightenment","floor":12,"key":"SMITH"},{"data":"Anger","floor":15,"key":"SMITH"},{"floor":23,"key":"REST"}],"path_taken":["M","M","?","?","?","R","M","R","T","M","$","R","M","M","R","BOSS","M","M","$","?","M","R","E"],"build_version":"2018-06-14v2","seed_source_timestamp":81639305646164,"purchased_purges":1,"victory":false,"master_deck":["Redo+1","Distraction+1","Wild Strike","Sucker Punch","Cold Snap","PiercingWail","Go for the Eyes","Perfected Strike+1","Clash","Second Wind","Blade Dance","Streamline+1","Blur","Heel Hook","Ghostly Armor","Anger+1","Heavy Blade","Ball Lightning","Enlightenment+1","Perfected Strike","Unload","Streamline","Double Tap","Anger+1"],"max_hp_per_floor":[80,80,80,80,80,80,80,80,80,80,80,80,80,80,80,80,80,80,80,80,80,80,80,80],"special_seed":50471966854428,"relics":["Black Blood","Ornamental Fan"],"card_choices":[{"not_picked":["Spot Weakness","Compile Driver"],"picked":"Redo","floor":0.0},{"not_picked":["Flex","Sword Boomerang"],"picked":"Distraction","floor":0.0},{"not_picked":["Iron Wave","Shrug It Off"],"picked":"Wild Strike","floor":0.0},{"not_picked":["Backflip","Deadly Poison"],"picked":"Sucker Punch","floor":0.0},{"not_picked":["Storm","Clothesline"],"picked":"Cold Snap","floor":0.0},{"not_picked":["Beam Cell","Warcry"],"picked":"PiercingWail","floor":0.0},{"not_picked":["Coolheaded","Blizzard"],"picked":"Go for the Eyes","floor":0.0},{"not_picked":["Searing Blow","Hologram"],"picked":"Perfected Strike","floor":0.0},{"not_picked":["Disarm","Shrug It Off"],"picked":"Clash","floor":0.0},{"not_picked":["Flex","Darkness"],"picked":"Second Wind","floor":0.0},{"not_picked":["Riddle With Holes","Deflect"],"picked":"Blade Dance","floor":0.0},{"not_picked":["Deflect","Caltrops"],"picked":"Streamline","floor":0.0},{"not_picked":["Twin Strike","Barrage"],"picked":"Blur","floor":0.0},{"not_picked":["Havoc","Coolheaded"],"picked":"Genetic Algorithm","floor":0.0},{"not_picked":["PiercingWail","Coolheaded"],"picked":"Heel Hook","floor":0.0},{"not_picked":["Barrage","Havoc"],"picked":"Ghostly Armor","floor":1.0},{"not_picked":["Backflip","Intimidate"],"picked":"Anger","floor":2.0},{"not_picked":["Chill","Pommel Strike"],"picked":"Heavy Blade","floor":7.0},{"not_picked":["Acrobatics","Twin Strike"],"picked":"Ball Lightning","floor":10},{"not_picked":["Searing Blow","Headbutt"],"picked":"Perfected Strike","floor":13},{"not_picked":["Warcry","Escape Plan","Searing Blow"],"picked":"SKIP","floor":14},{"not_picked":["Electrodynamics","Seek"],"picked":"Unload","floor":16},{"not_picked":["Headbutt","Intimidate+1","Rage"],"picked":"SKIP","floor":18},{"not_picked":["Skewer","Poisoned Stab"],"picked":"Streamline","floor":19},{"not_picked":["Steam","Heel Hook","Blade Dance"],"picked":"SKIP","floor":22}],"player_experience":93715,"potions_floor_usage":[16,24],"damage_taken":[{"damage":15.0,"enemies":"2 Louse","floor":1.0,"turns":3.0},{"damage":3.0,"enemies":"Cultist","floor":2.0,"turns":2.0},{"damage":0.0,"enemies":"Jaw Worm","floor":7.0,"turns":3.0},{"damage":6,"enemies":"Exordium Wildlife","floor":10,"turns":3},{"damage":0,"enemies":"Large Slime","floor":13,"turns":5},{"damage":2,"enemies":"Gremlin Gang","floor":14,"turns":4},{"damage":17,"enemies":"Hexaghost","floor":16,"turns":8},{"damage":26,"enemies":"2 Thieves","floor":18,"turns":4},{"damage":0,"enemies":"Chosen","floor":19,"turns":4},{"damage":18,"enemies":"Sentry and Sphere","floor":22,"turns":5},{"damage":81,"enemies":"Slavers","floor":24,"turns":6}],"relics_obtained":[{"floor":9,"key":"Ornamental Fan"}],"event_choices":[{"event_name":"Living Wall","player_choice":"Grow","floor":3.0,"damage_taken":0.0},{"event_name":"World of Goop","player_choice":"Gather Gold","floor":4.0,"damage_taken":0.0},{"event_name":"Shining Light","player_choice":"Entered Light","floor":5.0,"damage_taken":0.0},{"event_name":"Duplicator","player_choice":"One dupe","floor":21,"damage_taken":0}],"boss_relics":[{"not_picked":["Calling Bell","Cursed Key"],"picked":"Black Blood"}],"items_purged_floors":[11],"is_endless":false,"potions_floor_spawned":[1,7,22],"seed_played":"-5137649973425451474","killed_by":"Slavers","ascension_level":0,"potions_obtained":[{"floor":1.0,"key":"LiquidBronze"},{"floor":7.0,"key":"GamblersBrew"},{"floor":22,"key":"FearPotion"}],"is_trial":false}