{"path_per_floor":["M","M","?","M","?","R","M","$","T","M","R","$","M","M","R"],"character_chosen":"IRONCLAD","items_purchased":[],"gold_per_floor":[109,120,120,130,95,95,109,34,86,100,100,0,11,27,27,27],"floor_reached":16,"campfire_rested":3,"playtime":1170,"item_purchase_floors":[],"current_hp_per_floor":[74,60,35,35,55,80,64,64,64,36,77,77,44,15,58,0],"items_purged":["Strike_R","Strike_R"],"gold":27,"score":94,"play_id":"215c772d-8236-4e48-87e6-2cb481d6e107","local_time":"20180619152854","is_prod":false,"is_daily":false,"chose_seed":false,"is_ascension_mode":false,"campfire_upgraded":0,"win_rate":0.0,"timestamp":1529436534,"campfire_choices":[{"floor":6,"key":"REST"},{"floor":11,"key":"REST"},{"floor":15,"key":"REST"}],"path_taken":["M","M","?","M","?","R","M","$","T","M","R","$","M","M","R","BOSS"],"build_version":"2018-06-14v2","seed_source_timestamp":327010999204449,"purchased_purges":2,"victory":false,"master_deck":["Strike_R","Strike_R","Strike_R","Defend_R","Defend_R","Defend_R","Defend_R","Bash","Inflame","Headbutt"],"max_hp_per_floor":[80,80,80,80,80,80,80,80,80,80,80,80,80,80,80,80],"relics":["Eternal Feather","Regal Pillow","Art of War"],"card_choices":[{"not_picked":["Spot Weakness","Havoc","Armaments"],"picked":"SKIP","floor":1},{"not_picked":["Shrug It Off","Headbutt","Thunderclap"],"picked":"SKIP","floor":2},{"not_picked":["Warcry","Inflame","Anger"],"picked":"SKIP","floor":4},{"not_picked":["Headbutt","Havoc","Thunderclap"],"picked":"SKIP","floor":7},{"not_picked":["Corruption","Thunderclap","Combust"],"picked":"SKIP","floor":10},{"not_picked":["Clash","Thunderclap"],"picked":"Inflame","floor":13},{"not_picked":["Demon Form","Twin Strike"],"picked":"Headbutt","floor":14}],"player_experience":123371,"potions_floor_usage":[4],"damage_taken":[{"damage":6,"enemies":"Jaw Worm","floor":1,"turns":3},{"damage":14,"enemies":"2 Louse","floor":2,"turns":2},{"damage":0,"enemies":"Small Slimes","floor":4,"turns":3},{"damage":16,"enemies":"Blue Slaver","floor":7,"turns":6},{"damage":28,"enemies":"3 Louse","floor":10,"turns":5},{"damage":33,"enemies":"Lots of Slimes","floor":13,"turns":9},{"damage":29,"enemies":"Large Slime","floor":14,"turns":8},{"damage":59,"enemies":"Slime Boss","floor":16,"turns":9}],"relics_obtained":[{"floor":9,"key":"Art of War"}],"event_choices":[{"event_name":"Scrap Ooze","player_choice":"success","floor":3,"damage_taken":25},{"event_name":"The Cleric","player_choice":"Healed","floor":5,"damage_taken":0}],"boss_relics":[],"items_purged_floors":[8,12],"is_endless":false,"potions_floor_spawned":[1,7],"seed_played":"-2797711526390224403","killed_by":"Slime Boss","ascension_level":0,"potions_obtained":[{"floor":1,"key":"PowerPotion"},{"floor":7,"key":"SteroidPotion"}],"is_trial":false}