{"gold_per_floor":[369,47,66,76,88,88,51,51,102,115,115,150,150,178,178,279,279,292,292,292,308,126,136,166,166,166,166,185,200,200,219,219,320,320,340,340,169,195,210,210,210,210],"floor_reached":42,"playtime":5861,"items_purged":["Defend_G","Defend_G","Strike_G"],"score":431,"play_id":"82f6448d-12db-4682-95f3-8c949f60fa4f","local_time":"20180712223608","is_ascension_mode":false,"campfire_choices":[{"floor":6.0,"key":"REST"},{"data":"Bouncing Flask","floor":8.0,"key":"SMITH"},{"floor":11.0,"key":"REST"},{"floor":15.0,"key":"REST"},{"floor":25.0,"key":"REST"},{"data":"Bullet Time","floor":27.0,"key":"SMITH"},{"data":"Catalyst","floor":30.0,"key":"SMITH"},{"data":"Bane","floor":32.0,"key":"SMITH"},{"floor":40,"key":"REST"}],"neow_cost":"TEN_PERCENT_HP_LOSS","seed_source_timestamp":0,"circlet_count":0,"master_deck":["Defend_G","Defend_G","Strike_G","Strike_G","Survivor","Neutralize","Acrobatics","Leg Sweep","Flying Knee","Bouncing Flask+1","Bullet Time+1","Unload","Crippling Poison+1","Riddle With Holes+1","Acrobatics+1","Ghostly","Ghostly","Ghostly","Ghostly","Ghostly","Catalyst+1","Bane+1","Dash+1","Madness","Madness","Backflip"],"special_seed":0,"relics":["Ring of the Snake","Mercury Hourglass","Anchor","Happy Flower","Matryoshka","Astrolabe","Tiny Chest","Paper Crane","Shuriken","Prayer Wheel","Bag of Marbles","Omamori"],"potions_floor_usage":[],"damage_taken":[{"damage":0.0,"enemies":"Small Slimes","floor":1.0,"turns":3.0},{"damage":0.0,"enemies":"Cultist","floor":3.0,"turns":3.0},{"damage":5.0,"enemies":"2 Louse","floor":4.0,"turns":2.0},{"damage":19.0,"enemies":"Large Slime","floor":5.0,"turns":6.0},{"damage":0.0,"enemies":"Looter","floor":10.0,"turns":3.0},{"damage":23.0,"enemies":"3 Sentries","floor":12.0,"turns":6.0},{"damage":19.0,"enemies":"Gremlin Nob","floor":14.0,"turns":4.0},{"damage":29.0,"enemies":"Hexaghost","floor":16.0,"turns":10.0},{"damage":7.0,"enemies":"2 Thieves","floor":18.0,"turns":4.0},{"damage":4.0,"enemies":"Shell Parasite","floor":21.0,"turns":5.0},{"damage":3.0,"enemies":"Snake Plant","floor":23.0,"turns":5.0},{"damage":2.0,"enemies":"Snecko","floor":28.0,"turns":4.0},{"damage":3.0,"enemies":"Centurion and Healer","floor":29.0,"turns":6.0},{"damage":0.0,"enemies":"Snake Plant","floor":31.0,"turns":3.0},{"damage":21.0,"enemies":"Champ","floor":33.0,"turns":9.0},{"damage":16,"enemies":"Orb Walker","floor":35,"turns":6},{"damage":0,"enemies":"3 Shapes","floor":39,"turns":3},{"damage":26,"enemies":"Spire Growth","floor":42,"turns":5}],"seed_played":"-4590838892459178810","potions_obtained":[{"floor":1.0,"key":"SteroidPotion"},{"floor":10.0,"key":"Dexterity Potion"},{"floor":12.0,"key":"Weak Potion"},{"floor":14.0,"key":"EssenceOfSteel"},{"floor":18.0,"key":"EssenceOfSteel"},{"floor":35,"key":"Swift Potion"}],"is_trial":false,"path_per_floor":["M","$","M","M","M","R","$","R","T","M","R","E","?","E","R","B",null,"M","?","?","M","$","M","T","R","T","R","M","M","R","M","R","B",null,"M","?","$","T","M","R","T"],"character_chosen":"THE_SILENT","items_purchased":["Mercury Hourglass","Bouncing Flask","Catalyst","Backflip"],"campfire_rested":5,"item_purchase_floors":[2,7,22,37],"current_hp_per_floor":[63,63,63,58,39,57,57,57,57,57,63,40,40,21,39,10,63,56,31,31,27,27,24,24,31,31,31,29,26,26,26,26,5,31,15,11,11,11,11,20,20,0],"gold":210,"neow_bonus":"TWO_FIFTY_GOLD","is_prod":false,"is_daily":false,"chose_seed":false,"campfire_upgraded":4,"win_rate":0,"timestamp":1531449368,"path_taken":["M","$","M","M","M","R","$","R","T","M","R","E","?","E","R","BOSS","M","?","?","M","$","M","?","R","T","R","?","M","R","M","R","BOSS","M","?","$","?","M","R","?","?"],"build_version":"2018-07-12","purchased_purges":3,"victory":false,"max_hp_per_floor":[63,63,63,63,63,63,63,63,63,63,63,63,63,63,63,63,63,63,31,31,31,31,31,31,31,31,31,31,31,31,31,31,31,31,31,31,31,31,31,31,31,31],"card_choices":[{"not_picked":["Finisher","Cloak And Dagger"],"picked":"Acrobatics","floor":1.0},{"not_picked":["Dagger Throw","Well Laid Plans"],"picked":"Leg Sweep","floor":3.0},{"not_picked":["Slice","Grand Finale"],"picked":"Flying Knee","floor":4.0},{"not_picked":["Deadly Poison","Flying Knee","Dagger Throw"],"picked":"SKIP","floor":5.0},{"not_picked":["PiercingWail","Slice","Quick Slash"],"picked":"SKIP","floor":10.0},{"not_picked":["Slice","Deadly Poison","Prepared"],"picked":"SKIP","floor":12.0},{"not_picked":["Leg Sweep","Accuracy","Caltrops"],"picked":"SKIP","floor":14.0},{"not_picked":["Bullet Time","Phantasmal Killer"],"picked":"Unload","floor":16.0},{"not_picked":["Dodge and Roll","Slice","Acrobatics"],"picked":"SKIP","floor":18.0},{"not_picked":["Distraction","Dodge and Roll","Quick Slash"],"picked":"SKIP","floor":21.0},{"not_picked":["Dagger Spray","Quick Slash","Flying Knee"],"picked":"SKIP","floor":23.0},{"not_picked":["Deflect","Flying Knee"],"picked":"Bane","floor":28.0},{"not_picked":["Underhanded Strike","Backflip+1","Poisoned Stab"],"picked":"SKIP","floor":28.0},{"not_picked":["Cloak And Dagger","Wraith Form v2"],"picked":"Dash+1","floor":29.0},{"not_picked":["Masterful Stab","Deadly Poison+1","PiercingWail+1"],"picked":"SKIP","floor":29.0},{"not_picked":["Malaise","Distraction","Terror"],"picked":"SKIP","floor":31.0},{"not_picked":["Underhanded Strike","Backflip+1","A Thousand Cuts"],"picked":"SKIP","floor":31.0},{"not_picked":["Accuracy+1","PiercingWail","Concentrate+1"],"picked":"SKIP","floor":35},{"not_picked":["Dodge and Roll+1","Acrobatics","Dagger Throw"],"picked":"SKIP","floor":35},{"not_picked":["Backflip+1","Poisoned Stab","Deadly Poison+1"],"picked":"SKIP","floor":39},{"not_picked":["Outmaneuver","Cloak And Dagger","Bane+1"],"picked":"SKIP","floor":39}],"player_experience":223726,"relics_obtained":[{"floor":9.0,"key":"Anchor"},{"floor":12.0,"key":"Happy Flower"},{"floor":14.0,"key":"Matryoshka"},{"floor":24.0,"key":"Tiny Chest"},{"floor":24.0,"key":"Paper Crane"},{"floor":26.0,"key":"Shuriken"},{"floor":26.0,"key":"Prayer Wheel"},{"floor":38,"key":"Bag of Marbles"},{"floor":41,"key":"Omamori"}],"event_choices":[{"event_name":"Match and Keep!","player_choice":"1 cards matched","floor":13.0,"damage_taken":0.0},{"event_name":"Ghosts","player_choice":"Became a Ghost","floor":19.0,"damage_taken":0.0},{"event_name":"Vampires","player_choice":"Ignored","floor":20.0,"damage_taken":0.0},{"event_name":"Winding Halls","player_choice":"Embrace Madness","floor":36,"damage_taken":0}],"boss_relics":[{"not_picked":["Eternal Feather","Orrery"],"picked":"Astrolabe"},{"not_picked":["Snecko Eye","Runic Pyramid","Velvet Choker"]}],"items_purged_floors":[2,22,37],"is_endless":false,"potions_floor_spawned":[1,10,12,14,18,21,31,35,39],"killed_by":"Spire Growth","ascension_level":0}