{"gold_per_floor":[110,110,124,124,143,166,166,4,4,4,4,37,37,37,37,130,130,153,68,118,134,134],"floor_reached":22,"playtime":1149,"items_purged":["Strike_R"],"score":364,"play_id":"beb9ad68-b5cf-401a-8d5a-db60c777fc85","local_time":"20190110032426","is_ascension_mode":true,"campfire_choices":[{"data":"Metallicize","floor":7,"key":"SMITH"},{"floor":11,"key":"REST"},{"data":"Limit Break","floor":13,"key":"SMITH"},{"data":"Pommel Strike","floor":15,"key":"SMITH"}],"neow_cost":"NONE","seed_source_timestamp":6313643439197200,"circlet_count":0,"master_deck":["AscendersBane","Strike_R","Strike_R","Strike_R","Strike_R+1","Defend_R","Defend_R+1","Defend_R","Defend_R","Bash+1","Headbutt","Inflame","Metallicize+1","Pommel Strike+1","Limit Break+1","Spot Weakness","Feed","Whirlwind","Iron Wave"],"special_seed":0,"relics":["Burning Blood","Golden Idol","Matryoshka","Dodecahedron","Sozu","Singing Bowl"],"potions_floor_usage":[6,12,21],"damage_taken":[{"damage":4.0,"enemies":"Jaw Worm","floor":1.0,"turns":4.0},{"damage":4,"enemies":"Small Slimes","floor":3,"turns":3},{"damage":9,"enemies":"2 Louse","floor":5,"turns":4},{"damage":7,"enemies":"Exordium Wildlife","floor":6,"turns":4},{"damage":23,"enemies":"3 Sentries","floor":12,"turns":8},{"damage":19,"enemies":"Hexaghost","floor":16,"turns":7},{"damage":27,"enemies":"Shell Parasite","floor":18,"turns":4},{"damage":23,"enemies":"2 Thieves","floor":21,"turns":3},{"damage":27,"enemies":"Shelled Parasite and Fungi","floor":22,"turns":1}],"seed_played":"5496451506022154710","potions_obtained":[{"floor":3,"key":"PowerPotion"},{"floor":5,"key":"SkillPotion"},{"floor":12,"key":"Fire Potion"}],"is_trial":false,"path_per_floor":["M","?","M","?","M","M","R","$","T","?","R","E","R","$","R","B",null,"M","?","?","M","M"],"character_chosen":"IRONCLAD","items_purchased":["Limit Break"],"campfire_rested":1,"item_purchase_floors":[8],"current_hp_per_floor":[70,44,46,23,20,19,19,19,19,19,41,24,24,24,24,11,59,41,41,41,27,0],"gold":134,"neow_bonus":"UPGRADE_CARD","is_prod":false,"is_daily":false,"chose_seed":false,"campfire_upgraded":3,"win_rate":0,"timestamp":1547119466,"path_taken":["M","?","M","?","M","M","R","$","T","?","R","E","R","?","R","BOSS","M","?","?","M","M"],"build_version":"2019-01-09","purchased_purges":1,"victory":false,"max_hp_per_floor":[75,75,75,75,75,75,75,75,75,75,75,75,75,75,75,75,75,78,78,78,81,81],"card_choices":[{"not_picked":["Thunderclap","Sever Soul"],"picked":"Headbutt","floor":1.0},{"not_picked":["Sword Boomerang","Twin Strike"],"picked":"Inflame","floor":3},{"not_picked":["Shockwave","Battle Trance"],"picked":"Metallicize","floor":5},{"not_picked":["Thunderclap","Twin Strike"],"picked":"Pommel Strike","floor":6},{"not_picked":["Dual Wield","Bludgeon"],"picked":"Spot Weakness","floor":12},{"not_picked":["Bludgeon","Immolate"],"picked":"Feed","floor":16},{"not_picked":["Sword Boomerang+1","Bloodletting"],"picked":"Whirlwind","floor":18},{"not_picked":["True Grit","Headbutt"],"picked":"Iron Wave","floor":21}],"player_experience":3200364,"relics_obtained":[{"floor":9,"key":"Matryoshka"},{"floor":12,"key":"Dodecahedron"}],"event_choices":[{"damage_healed":0.0,"max_hp_gain":0.0,"max_hp_loss":0.0,"gold_gain":0.0,"event_name":"Golden Idol","player_choice":"Take Damage","floor":2.0,"gold_loss":0.0,"damage_taken":26.0,"relics_obtained":["Golden Idol"]},{"damage_healed":0,"gold_gain":0,"player_choice":"Entered Light","damage_taken":23,"max_hp_gain":0,"max_hp_loss":0,"event_name":"Shining Light","floor":4,"gold_loss":0,"cards_upgraded":["Defend_R","Strike_R"]},{"damage_healed":0,"gold_gain":0,"player_choice":"Ignored","damage_taken":0,"max_hp_gain":0,"max_hp_loss":0,"event_name":"Liars Game","floor":10,"gold_loss":0},{"damage_healed":0,"gold_gain":0,"player_choice":"Obtained Relic","damage_taken":0,"relics_obtained":["Singing Bowl"],"max_hp_gain":0,"max_hp_loss":0,"event_name":"Addict","floor":19,"gold_loss":85},{"damage_healed":0,"gold_gain":50,"player_choice":"Stole From Cult","damage_taken":0,"max_hp_gain":0,"max_hp_loss":0,"event_name":"Nest","floor":20,"gold_loss":0}],"is_beta":true,"boss_relics":[{"not_picked":["Mark of Pain","Velvet Choker"],"picked":"Sozu"}],"items_purged_floors":[8],"is_endless":false,"potions_floor_spawned":[3,5,12,18],"killed_by":"Shelled Parasite and Fungi","ascension_level":20}