{"gold_per_floor":[117,42,117,117,136,136,153,153,153,163,163,183,183,283,283,381,381,394,404,418,418],"floor_reached":21,"playtime":532,"items_purged":["Defend_B"],"score":221,"play_id":"9dbf4fb4-a3ff-4122-b700-7372dd319218","local_time":"20180718171002","is_ascension_mode":false,"campfire_choices":[{"floor":6.0,"key":"REST"},{"data":"Zap","floor":8.0,"key":"SMITH"},{"floor":11.0,"key":"REST"},{"data":"Dualcast","floor":15.0,"key":"SMITH"}],"neow_cost":"NONE","seed_source_timestamp":0,"circlet_count":0,"master_deck":["Strike_B","Strike_B","Strike_B","Defend_B","Defend_B","Defend_B","Zap+1","Dualcast+1","Ball Lightning","Ball Lightning","Ball Lightning","Echo Form","Static Discharge","Leap","Consume"],"special_seed":0,"relics":["Philosopher\u0027s Stone","NlothsMask","Eternal Feather"],"potions_floor_usage":[],"damage_taken":[{"damage":4.0,"enemies":"Small Slimes","floor":1.0,"turns":3.0},{"damage":1.0,"enemies":"Jaw Worm","floor":5.0,"turns":3.0},{"damage":3.0,"enemies":"Cultist","floor":7.0,"turns":3.0},{"damage":10.0,"enemies":"Gremlin Gang","floor":10.0,"turns":3.0},{"damage":19.0,"enemies":"3 Louse","floor":12.0,"turns":2.0},{"damage":0.0,"enemies":"Slime Boss","floor":16.0,"turns":6.0},{"damage":19.0,"enemies":"Shell Parasite","floor":18.0,"turns":3.0},{"damage":10.0,"enemies":"Chosen","floor":19.0,"turns":4.0},{"damage":28,"enemies":"Centurion and Healer","floor":20,"turns":5},{"damage":30,"enemies":"Slaver and Parasite","floor":21,"turns":1}],"seed_played":"8148751573587276768","potions_obtained":[{"floor":1.0,"key":"EssenceOfSteel"},{"floor":7.0,"key":"PowerPotion"},{"floor":12.0,"key":"Ancient Potion"}],"is_trial":false,"path_per_floor":["M","$","?","?","M","R","M","R","T","M","R","M","?","?","R","B",null,"M","M","M"],"character_chosen":"DEFECT","items_purchased":[],"campfire_rested":2,"item_purchase_floors":[],"current_hp_per_floor":[71,71,60,60,59,75,72,72,72,62,75,56,49,49,49,49,75,56,46,18,0],"gold":418,"neow_bonus":"BOSS_RELIC","is_prod":false,"is_daily":false,"chose_seed":false,"campfire_upgraded":2,"win_rate":0.0,"timestamp":1531948202,"path_taken":["M","$","?","?","M","R","M","R","T","M","R","M","?","?","R","BOSS","M","M","M","M"],"build_version":"2018-07-12","purchased_purges":1,"victory":false,"max_hp_per_floor":[75,75,75,75,75,75,75,75,75,75,75,75,75,75,75,75,75,75,75,75,75],"card_choices":[{"not_picked":["Double Energy","Gash","Reinforced Body"],"picked":"SKIP","floor":1.0},{"not_picked":["Steam","Compile Driver"],"picked":"Ball Lightning","floor":5.0},{"not_picked":["FTL","Hello World"],"picked":"Ball Lightning","floor":7.0},{"not_picked":["Heatsinks","Cold Snap","Turbo"],"picked":"SKIP","floor":10.0},{"not_picked":["Tempest","Rebound"],"picked":"Ball Lightning","floor":12.0},{"not_picked":["Multi-Cast","Seek"],"picked":"Echo Form","floor":16.0},{"not_picked":["Stack","Streamline"],"picked":"Static Discharge","floor":18.0},{"not_picked":["Redo","BootSequence"],"picked":"Leap","floor":19.0},{"not_picked":["Lockon+1","Leap+1"],"picked":"Consume","floor":20}],"player_experience":270781,"relics_obtained":[],"event_choices":[{"event_name":"World of Goop","player_choice":"Gather Gold","floor":3.0,"damage_taken":0.0},{"event_name":"FaceTrader","player_choice":"Trade","floor":4.0,"damage_taken":0.0},{"event_name":"Golden Wing","player_choice":"Card Removal","floor":13.0,"damage_taken":0.0},{"event_name":"Golden Shrine","player_choice":"Pray","floor":14.0,"damage_taken":0.0}],"boss_relics":[{"not_picked":["Coffee Dripper","Snecko Eye"],"picked":"Eternal Feather"}],"items_purged_floors":[2],"is_endless":false,"potions_floor_spawned":[1,7,12,20],"killed_by":"Slaver and Parasite","ascension_level":0}