{"path_per_floor":["M","M","M","M","?","M","?","T","T","?","E","M","M","M","R","B",null,"M","M","$","?","?","R","?","R","T","M","?","M","R","M","R"],"character_chosen":"DEFECT","items_purchased":["Enlightenment","Whetstone","Self Repair","Leap"],"gold_per_floor":[115,126,143,162,162,175,175,229,229,297,331,343,356,367,367,462,462,481,495,30,30,0,0,0,0,0,17,17,33,33,53,53,53],"floor_reached":33,"campfire_rested":3,"playtime":2107,"item_purchase_floors":[20,20,20,20],"current_hp_per_floor":[74,74,74,74,74,64,75,75,75,75,48,51,52,50,74,18,82,69,47,47,47,47,71,71,71,81,65,92,80,80,62,89,0],"items_purged":[],"gold":53,"score":301,"play_id":"bed53d64-32dc-4398-bae6-b340d55808ef","local_time":"20180615192833","is_prod":false,"is_daily":false,"chose_seed":false,"is_ascension_mode":false,"campfire_upgraded":2,"win_rate":0.0,"timestamp":1529105313,"campfire_choices":[{"floor":15,"key":"REST"},{"floor":23,"key":"REST"},{"data":"Enlightenment","floor":25,"key":"SMITH"},{"data":"Electrodynamics","floor":30,"key":"SMITH"},{"floor":32,"key":"REST"}],"path_taken":["M","M","M","M","?","M","?","?","T","?","E","M","?","M","R","BOSS","M","M","$","?","?","R","?","R","T","?","?","M","R","?","R","BOSS"],"build_version":"2018-06-14v2","seed_source_timestamp":214058931058577,"purchased_purges":0,"victory":false,"master_deck":["Defend_B","Defend_B","Defend_B","Defend_B","Zap","Chill","Glacier","Streamline+1","Sweeping Beam+1","Beam Cell","Regret","Parasite","Rebound","Ball Lightning","Conserve Battery","Electrodynamics+1","Loop","Redo","Enlightenment+1","Self Repair","Leap","Decay","Bite","Bite","Bite","Bite","Bite","Ball Lightning+1","Leap+1","Doom and Gloom"],"max_hp_per_floor":[75,75,75,75,75,75,75,75,75,75,82,82,82,82,82,82,82,82,82,82,82,82,82,82,82,92,92,92,92,92,92,92,92],"relics":["Cracked Core","Meat on the Bone","Shuriken","Strawberry","Nuclear Battery","Whetstone","Pear"],"card_choices":[{"not_picked":["Redo","Hello World"],"picked":"Glacier","floor":1},{"not_picked":["Stack","Barrage"],"picked":"Streamline","floor":2},{"not_picked":["Compile Driver","Turbo"],"picked":"Sweeping Beam","floor":3},{"not_picked":["Steam Power","Heatsinks"],"picked":"Beam Cell","floor":4},{"not_picked":["Barrage","Coolheaded","Buffer"],"picked":"SKIP","floor":6},{"not_picked":["Chaos","Capacitor","Force Field"],"picked":"SKIP","floor":11},{"not_picked":["Cold Snap","Consume"],"picked":"Rebound","floor":12},{"not_picked":["Doom and Gloom","Beam Cell"],"picked":"Ball Lightning","floor":13},{"not_picked":["Scrape","Reprogram"],"picked":"Conserve Battery","floor":14},{"not_picked":["Reboot","Thunder Strike"],"picked":"Electrodynamics","floor":16},{"not_picked":["Coolheaded","Hello World"],"picked":"Loop","floor":18},{"not_picked":["Compile Driver+1","Cold Snap"],"picked":"Redo","floor":19},{"not_picked":["Scrape","Beam Cell"],"picked":"Ball Lightning+1","floor":27},{"not_picked":["Gash","Ball Lightning"],"picked":"Leap+1","floor":29},{"not_picked":["Sweeping Beam+1","Cold Snap"],"picked":"Doom and Gloom","floor":31}],"player_experience":64734,"potions_floor_usage":[14,16,16,16,29],"damage_taken":[{"damage":1,"enemies":"Jaw Worm","floor":1,"turns":4},{"damage":0,"enemies":"2 Louse","floor":2,"turns":3},{"damage":0,"enemies":"Cultist","floor":3,"turns":3},{"damage":0,"enemies":"Blue Slaver","floor":4,"turns":4},{"damage":10,"enemies":"2 Fungi Beasts","floor":6,"turns":4},{"damage":34,"enemies":"Gremlin Nob","floor":11,"turns":5},{"damage":11,"enemies":"Red Slaver","floor":12,"turns":3},{"damage":1,"enemies":"Looter","floor":13,"turns":3},{"damage":4,"enemies":"Gremlin Gang","floor":14,"turns":4},{"damage":70,"enemies":"The Guardian","floor":16,"turns":8},{"damage":13,"enemies":"Chosen","floor":18,"turns":3},{"damage":36,"enemies":"2 Thieves","floor":19,"turns":4},{"damage":28,"enemies":"Slaver and Parasite","floor":27,"turns":8},{"damage":21,"enemies":"Sentry and Sphere","floor":29,"turns":4},{"damage":31,"enemies":"Cultist and Chosen","floor":31,"turns":4},{"damage":121,"enemies":"Champ","floor":33,"turns":12}],"relics_obtained":[{"floor":8,"key":"Blood Vial"},{"floor":9,"key":"Shuriken"},{"floor":11,"key":"Strawberry"},{"floor":26,"key":"Pear"}],"event_choices":[{"event_name":"Big Fish","player_choice":"Box","floor":5,"damage_taken":0},{"event_name":"Mushrooms","player_choice":"Healed and dodged fight","floor":7,"damage_taken":0},{"event_name":"Golden Wing","player_choice":"Gained Gold","floor":10,"damage_taken":0},{"event_name":"Wheel of Change","player_choice":"Curse","floor":21,"damage_taken":0},{"event_name":"Masked Bandits","player_choice":"Paid Bandits 30 gold","floor":22,"damage_taken":0},{"event_name":"Vampires","player_choice":"Became a vampire (Vial)","floor":24,"damage_taken":0},{"event_name":"The Library","player_choice":"Heal","floor":28,"damage_taken":0}],"boss_relics":[{"not_picked":["Fusion Hammer","Busted Crown"],"picked":"Nuclear Battery"}],"items_purged_floors":[],"is_endless":false,"potions_floor_spawned":[3,6,13,14,18],"seed_played":"4533300164586739258","killed_by":"Champ","ascension_level":0,"potions_obtained":[{"floor":3,"key":"FearPotion"},{"floor":6,"key":"GamblersBrew"},{"floor":13,"key":"Dexterity Potion"},{"floor":14,"key":"LiquidBronze"},{"floor":18,"key":"EssenceOfSteel"}],"is_trial":false}