{"gold_per_floor":[119,134,152,102,120,120,120,120,120,134,134,152,152,166,166,286,286,304,322,341,341,354,354,370,370,370,103,123,123,123,123],"floor_reached":31,"playtime":822,"items_purged":["Bite"],"score":256,"play_id":"d3f5d595-23ec-4d23-9863-708fc1a5c661","local_time":"20190401142325","is_ascension_mode":false,"campfire_choices":[{"data":"Carnage","floor":6.0,"key":"SMITH"},{"data":"Bash","floor":8.0,"key":"SMITH"},{"data":"Clothesline","floor":15.0,"key":"SMITH"},{"data":"Seeing Red","floor":23.0,"key":"SMITH"},{"data":"Demon Form","floor":29,"key":"SMITH"}],"neow_cost":"NONE","seed_source_timestamp":9138926917238,"circlet_count":0,"master_deck":["Defend_R+1","Defend_R+1","Defend_R","Defend_R","Bash+1","Cleave","Twin Strike","Shrug It Off+1","Carnage+1","Clothesline+1","Spot Weakness","Demon Form+1","Barricade+1","Intimidate+1","Inflame+1","Thunderclap+1","Seeing Red+1","Shockwave+1","Body Slam+1","Bite","Bite","Bite","Bite","Whirlwind","Double Tap","Pummel","Necronomicurse"],"special_seed":0,"relics":["Burning Blood","NeowsBlessing","Golden Idol","Pear","War Paint","Astrolabe","MutagenicStrength","Prayer Wheel","Necronomicon"],"potions_floor_usage":[],"damage_taken":[{"damage":0.0,"enemies":"Cultist","floor":1.0,"turns":1.0},{"damage":0.0,"enemies":"Jaw Worm","floor":2.0,"turns":1.0},{"damage":0.0,"enemies":"Small Slimes","floor":3.0,"turns":1.0},{"damage":5.0,"enemies":"Looter","floor":5.0,"turns":3.0},{"damage":0.0,"enemies":"2 Fungi Beasts","floor":10.0,"turns":2.0},{"damage":1.0,"enemies":"3 Louse","floor":12.0,"turns":2.0},{"damage":0.0,"enemies":"Looter","floor":14.0,"turns":3.0},{"damage":20.0,"enemies":"The Guardian","floor":16.0,"turns":10.0},{"damage":24.0,"enemies":"Spheric Guardian","floor":18.0,"turns":6.0},{"damage":6.0,"enemies":"2 Thieves","floor":19.0,"turns":3.0},{"damage":12.0,"enemies":"Chosen and Byrds","floor":20.0,"turns":6.0},{"damage":9.0,"enemies":"Centurion and Healer","floor":22.0,"turns":6.0},{"damage":18.0,"enemies":"Snecko","floor":24.0,"turns":6.0},{"damage":22.0,"enemies":"Cultist and Chosen","floor":28.0,"turns":5.0},{"damage":34,"enemies":"Snake Plant","floor":31,"turns":4}],"seed_played":"-7215076454932006155","potions_obtained":[{"floor":2.0,"key":"LiquidBronze"},{"floor":3.0,"key":"EssenceOfSteel"},{"floor":12.0,"key":"Ancient Potion"},{"floor":14.0,"key":"LiquidBronze"},{"floor":16.0,"key":"Dexterity Potion"},{"floor":18.0,"key":"AttackPotion"},{"floor":19.0,"key":"GamblersBrew"},{"floor":24.0,"key":"Strength Potion"}],"is_trial":false,"path_per_floor":["M","M","M","?","M","R","?","R","T","M","?","M","?","M","R","B",null,"M","M","M","?","M","R","M","?","T","$","M","R","?","M"],"character_chosen":"IRONCLAD","items_purchased":["Whirlwind","Ancient Potion","SteroidPotion"],"campfire_rested":0,"item_purchase_floors":[27,27,27],"current_hp_per_floor":[80,80,80,80,80,80,60,60,70,76,58,63,51,57,57,43,90,72,72,66,66,63,63,51,51,51,51,43,43,27,0],"gold":123,"neow_bonus":"THREE_ENEMY_KILL","is_prod":false,"is_daily":false,"chose_seed":false,"campfire_upgraded":5,"win_rate":0,"timestamp":1554150205,"path_taken":["M","?","M","?","M","R","?","R","T","M","?","M","?","M","R","BOSS","M","M","M","?","M","R","M","?","T","$","M","R","?","M"],"build_version":"2019-01-23","purchased_purges":1,"victory":false,"max_hp_per_floor":[80,80,80,80,80,80,80,80,90,90,90,90,90,90,90,90,90,90,90,90,90,90,90,90,63,63,63,63,63,63,63],"card_choices":[{"not_picked":["Havoc","Iron Wave"],"picked":"Cleave","floor":1.0},{"not_picked":["Pummel","Armaments"],"picked":"Twin Strike","floor":2.0},{"not_picked":["Havoc","Anger"],"picked":"Shrug It Off","floor":3.0},{"not_picked":["Feel No Pain","Cleave"],"picked":"Carnage","floor":5.0},{"not_picked":["Pommel Strike","Cleave","True Grit"],"picked":"SKIP","floor":10.0},{"not_picked":["Heavy Blade","Wild Strike"],"picked":"Clothesline","floor":12.0},{"not_picked":["Burning Pact","Dropkick"],"picked":"Spot Weakness","floor":14.0},{"not_picked":["Berserk","Brutality"],"picked":"Demon Form","floor":16.0},{"not_picked":["Clothesline","Intimidate"],"picked":"Thunderclap+1","floor":18.0},{"not_picked":["Iron Wave+1","Armaments"],"picked":"Seeing Red","floor":19.0},{"not_picked":["Flex","Thunderclap"],"picked":"Shockwave+1","floor":20.0},{"not_picked":["Anger","Pommel Strike+1"],"picked":"Body Slam+1","floor":22.0},{"not_picked":["Combust","Shockwave","Pommel Strike"],"picked":"SKIP","floor":24.0},{"not_picked":["Spot Weakness","Shockwave"],"picked":"Double Tap","floor":28},{"not_picked":["Shrug It Off","True Grit"],"picked":"Pummel","floor":28}],"player_experience":1153557,"relics_obtained":[{"floor":9.0,"key":"Pear"},{"floor":26.0,"key":"Prayer Wheel"},{"floor":30,"key":"Necronomicon"}],"event_choices":[{"cards_removed":["Strike_R"],"damage_healed":0.0,"max_hp_gain":0.0,"max_hp_loss":0.0,"gold_gain":0.0,"event_name":"The Cleric","player_choice":"Card Removal","floor":4.0,"gold_loss":50.0,"damage_taken":0.0},{"damage_healed":0.0,"max_hp_gain":0.0,"max_hp_loss":0.0,"gold_gain":0.0,"event_name":"Golden Idol","player_choice":"Take Damage","floor":7.0,"gold_loss":0.0,"damage_taken":20.0,"relics_obtained":["Golden Idol"]},{"damage_healed":0.0,"max_hp_gain":0.0,"max_hp_loss":0.0,"gold_gain":0.0,"event_name":"Shining Light","player_choice":"Entered Light","floor":11.0,"gold_loss":0.0,"damage_taken":18.0,"cards_upgraded":["Strike_R","Shrug It Off"]},{"damage_healed":0.0,"max_hp_gain":0.0,"max_hp_loss":0.0,"gold_gain":0.0,"event_name":"Scrap Ooze","player_choice":"Success","floor":13.0,"gold_loss":0.0,"damage_taken":12.0,"relics_obtained":["War Paint"]},{"damage_healed":0.0,"max_hp_gain":0.0,"max_hp_loss":0.0,"gold_gain":0.0,"event_name":"Drug Dealer","player_choice":"Inject Mutagens","floor":21.0,"gold_loss":0.0,"damage_taken":0.0,"relics_obtained":["MutagenicStrength"]},{"damage_healed":0.0,"max_hp_gain":0.0,"max_hp_loss":27.0,"gold_gain":0.0,"event_name":"Vampires","player_choice":"Became a vampire","floor":25.0,"gold_loss":0.0,"damage_taken":0.0,"cards_obtained":["Bite","Bite","Bite","Bite","Bite"]},{"damage_healed":0,"gold_gain":0,"player_choice":"Obtained Book","damage_taken":16,"max_hp_gain":0,"max_hp_loss":0,"event_name":"Cursed Tome","floor":30,"gold_loss":0}],"is_beta":false,"boss_relics":[{"not_picked":["Runic Cube","Pandora\u0027s Box"],"picked":"Astrolabe"}],"items_purged_floors":[27],"is_endless":false,"potions_floor_spawned":[2,3,12,14,16,18,19,24],"killed_by":"Snake Plant","ascension_level":0}