{"gold_per_floor":[109,109,35,54,64,64,78,3,73,73,88,88,13,25,25,120,120,130,149,149,74,74,74,74,100,151,151,165,165,165,165],"floor_reached":31,"playtime":583,"items_purged":["Decay"],"score":243,"play_id":"2029cb27-4469-4011-9e98-ec2e231cf185","local_time":"20190415145312","is_ascension_mode":false,"campfire_choices":[{"data":"Inflame","floor":6.0,"key":"SMITH"},{"data":"Double Tap","floor":10.0,"key":"SMITH"},{"data":"Bash","floor":12.0,"key":"SMITH"},{"data":"Uppercut","floor":15.0,"key":"SMITH"},{"data":"Inflame","floor":23.0,"key":"SMITH"},{"data":"Whirlwind","floor":27,"key":"SMITH"},{"data":"Disarm","floor":29,"key":"SMITH"}],"neow_cost":"NONE","seed_source_timestamp":3443006486984,"circlet_count":0,"master_deck":["Strike_R","Strike_R","Strike_R","Strike_R","Strike_R","Defend_R","Defend_R","Bash+1","Clash","Inflame+1","Double Tap+1","Disarm+1","Pummel","Carnage","Inflame+1","Uppercut+1","Sword Boomerang+1","Whirlwind+1","Shrug It Off+1"],"special_seed":0,"relics":["Burning Blood","NeowsBlessing","Bottled Tornado","Empty Cage","Dream Catcher","Omamori","Dodecahedron"],"potions_floor_usage":[25,25],"damage_taken":[{"damage":0.0,"enemies":"Jaw Worm","floor":1.0,"turns":1.0},{"damage":0.0,"enemies":"Cultist","floor":4.0,"turns":1.0},{"damage":0.0,"enemies":"Small Slimes","floor":5.0,"turns":1.0},{"damage":8.0,"enemies":"Red Slaver","floor":7.0,"turns":4.0},{"damage":0.0,"enemies":"Large Slime","floor":11.0,"turns":5.0},{"damage":0.0,"enemies":"Exordium Wildlife","floor":14.0,"turns":3.0},{"damage":34.0,"enemies":"Slime Boss","floor":16.0,"turns":8.0},{"damage":6.0,"enemies":"Chosen","floor":18.0,"turns":3.0},{"damage":9.0,"enemies":"3 Byrds","floor":19.0,"turns":4.0},{"damage":57,"enemies":"Slavers","floor":25,"turns":5},{"damage":15,"enemies":"Centurion and Healer","floor":28,"turns":5},{"damage":32,"enemies":"Gremlin Leader","floor":31,"turns":3}],"seed_played":"-5098005573160444010","potions_obtained":[{"floor":5.0,"key":"SteroidPotion"},{"floor":14.0,"key":"Regen Potion"},{"floor":16.0,"key":"SkillPotion"},{"floor":18.0,"key":"SpeedPotion"},{"floor":19.0,"key":"Regen Potion"},{"floor":24.0,"key":"FairyPotion"},{"floor":24.0,"key":"Explosive Potion"}],"is_trial":false,"path_per_floor":["M","?","$","M","M","R","M","$","T","R","M","R","$","M","R","B",null,"M","M","?","$","?","R","?","E","T","R","M","R","?","E"],"character_chosen":"IRONCLAD","items_purchased":["Inflame","Inflame","Whirlwind"],"campfire_rested":0,"item_purchase_floors":[3,13,21],"current_hp_per_floor":[80,80,80,80,80,80,78,78,78,78,80,80,80,80,80,52,80,80,77,62,62,62,62,62,25,25,25,16,16,16,0],"gold":165,"neow_bonus":"THREE_ENEMY_KILL","is_prod":false,"is_daily":false,"chose_seed":false,"campfire_upgraded":7,"win_rate":0,"timestamp":1555361592,"path_taken":["M","?","$","M","?","R","M","$","T","R","?","R","$","M","R","BOSS","M","M","?","$","?","R","?","E","T","R","?","R","?","E"],"build_version":"2019-01-23","purchased_purges":1,"victory":false,"max_hp_per_floor":[80,80,80,80,80,80,80,80,80,80,80,80,80,80,80,80,80,80,80,85,85,85,85,85,85,85,85,85,85,85,85],"card_choices":[{"not_picked":["Anger","Body Slam"],"picked":"Clash","floor":1.0},{"not_picked":["Dropkick","Bloodletting"],"picked":"Double Tap","floor":4.0},{"not_picked":["Sever Soul","Body Slam"],"picked":"Disarm","floor":5.0},{"not_picked":["Iron Wave","Warcry"],"picked":"Pummel","floor":7.0},{"not_picked":["Anger","Headbutt"],"picked":"Carnage","floor":11.0},{"not_picked":["Fire Breathing","Wild Strike"],"picked":"Uppercut","floor":14.0},{"not_picked":["Pummel","Wild Strike"],"picked":"Sword Boomerang+1","floor":18.0},{"not_picked":["Clothesline","Warcry+1","True Grit+1"],"picked":"SKIP","floor":19.0},{"not_picked":["Dark Embrace","Sentinel"],"picked":"Shrug It Off+1","floor":25},{"not_picked":["Perfected Strike","Twin Strike","Feel No Pain+1"],"picked":"SKIP","floor":28}],"player_experience":1220455,"relics_obtained":[{"floor":9.0,"key":"Bottled Tornado"},{"floor":25,"key":"Dream Catcher"},{"floor":26,"key":"Omamori"}],"event_choices":[{"damage_healed":0.0,"max_hp_gain":0.0,"max_hp_loss":0.0,"gold_gain":0.0,"event_name":"Wheel of Change","player_choice":"Cursed","floor":2.0,"gold_loss":0.0,"damage_taken":0.0,"cards_obtained":["Decay"]},{"damage_healed":0.0,"max_hp_gain":5.0,"max_hp_loss":0.0,"gold_gain":0.0,"event_name":"Forgotten Altar","player_choice":"Shed Blood","floor":20.0,"gold_loss":0.0,"damage_taken":20.0},{"damage_healed":0.0,"max_hp_gain":0.0,"max_hp_loss":0.0,"gold_gain":0.0,"event_name":"Vampires","player_choice":"Ignored","floor":22.0,"gold_loss":0.0,"damage_taken":0.0},{"damage_healed":0.0,"max_hp_gain":0.0,"max_hp_loss":0.0,"gold_gain":0.0,"event_name":"Lab","player_choice":"Got Potions","floor":24.0,"gold_loss":0.0,"damage_taken":0.0},{"damage_healed":0,"gold_gain":0,"player_choice":"Stole Relic","damage_taken":0,"relics_obtained":["Dodecahedron"],"max_hp_gain":0,"max_hp_loss":0,"event_name":"Addict","floor":30,"gold_loss":0,"cards_obtained":["Shame"]}],"is_beta":false,"boss_relics":[{"not_picked":["Lizard Tail","Calling Bell"],"picked":"Empty Cage"}],"items_purged_floors":[8],"is_endless":false,"potions_floor_spawned":[5,14,16,18,19],"killed_by":"Gremlin Leader","ascension_level":0}