{"gold_per_floor":[118,118,138,138,12,39,39,50,129,47,47,47,65,95,95,95],"floor_reached":16,"playtime":658,"items_purged":["Strike_G"],"score":108,"play_id":"e0cc63ea-4deb-4c01-91da-77198db0cd2f","local_time":"20190213141828","is_ascension_mode":false,"campfire_choices":[{"floor":7,"key":"REST"},{"floor":12,"key":"REST"},{"floor":15,"key":"REST"}],"neow_cost":"NONE","seed_source_timestamp":2677804955223,"circlet_count":0,"master_deck":["Defend_G+1","Defend_G","Defend_G","Defend_G","Defend_G","Strike_G","Strike_G+1","Survivor+1","Neutralize","Dagger Throw","Flying Knee","Predator","All Out Attack","All Out Attack"],"relics":["Ring of the Snake","Art of War","Shuriken","Ninja Scroll"],"potions_floor_usage":[16],"damage_taken":[{"damage":0,"enemies":"2 Louse","floor":1,"turns":4},{"damage":10,"enemies":"Jaw Worm","floor":3,"turns":6},{"damage":34,"enemies":"Gremlin Nob","floor":6,"turns":5},{"damage":0,"enemies":"Cultist","floor":8,"turns":3},{"damage":0,"enemies":"3 Louse","floor":13,"turns":2},{"damage":20,"enemies":"Lagavulin","floor":14,"turns":5},{"damage":65,"enemies":"The Guardian","floor":16,"turns":13}],"seed_played":"-3793569273662531108","potions_obtained":[{"floor":14,"key":"Regen Potion"}],"is_trial":false,"path_per_floor":["M","?","M","?","$","E","R","M","T","$","?","R","M","E","R","B"],"character_chosen":"THE_SILENT","items_purchased":["Flying Knee","All Out Attack"],"campfire_rested":3,"item_purchase_floors":[5,10],"current_hp_per_floor":[70,70,60,46,46,12,33,33,33,33,26,47,47,27,48,0],"gold":95,"neow_bonus":"REMOVE_CARD","is_prod":false,"is_daily":false,"chose_seed":false,"campfire_upgraded":0,"win_rate":0,"timestamp":1550085508,"path_taken":["M","?","M","?","$","E","R","M","T","?","?","R","?","E","R","BOSS"],"build_version":"2019-01-23","purchased_purges":1,"victory":false,"max_hp_per_floor":[70,70,70,70,70,70,70,70,70,70,70,70,70,70,70,70],"card_choices":[{"not_picked":["Deadly Poison","Leg Sweep","Dodge and Roll"],"picked":"SKIP","floor":1},{"not_picked":["PiercingWail","Riddle With Holes"],"picked":"Dagger Throw","floor":3},{"not_picked":["PiercingWail","Deadly Poison"],"picked":"Predator","floor":6},{"not_picked":["Reflex","Deadly Poison","Noxious Fumes"],"picked":"SKIP","floor":8},{"not_picked":["Dagger Spray","Backflip"],"picked":"All Out Attack","floor":13},{"not_picked":["Poisoned Stab","Flying Knee","Underhanded Strike"],"picked":"SKIP","floor":14}],"player_experience":401241,"relics_obtained":[{"floor":6,"key":"Art of War"},{"floor":9,"key":"Shuriken"},{"floor":14,"key":"Ninja Scroll"}],"event_choices":[{"damage_healed":0,"gold_gain":0,"player_choice":"Grow","damage_taken":0,"max_hp_gain":0,"max_hp_loss":0,"event_name":"Living Wall","floor":2,"gold_loss":0,"cards_upgraded":["Survivor"]},{"damage_healed":0,"gold_gain":0,"player_choice":"Entered Light","damage_taken":14,"max_hp_gain":0,"max_hp_loss":0,"event_name":"Shining Light","floor":4,"gold_loss":0,"cards_upgraded":["Strike_G","Defend_G"]},{"cards_removed":["Strike_G"],"damage_healed":0,"gold_gain":0,"player_choice":"Card Removal","damage_taken":7,"max_hp_gain":0,"max_hp_loss":0,"event_name":"Golden Wing","floor":11,"gold_loss":0}],"is_beta":false,"boss_relics":[],"items_purged_floors":[5],"is_endless":false,"potions_floor_spawned":[14],"killed_by":"The Guardian","ascension_level":0}