{"gold_per_floor":[11,11,11,11,29,29,47,11,11,36,36,36,211,292,292,292],"floor_reached":16,"playtime":338,"items_purged":[],"score":138,"play_id":"e8aa4e20-9a28-4176-9348-4a6f24a22b6b","local_time":"20190408124946","is_ascension_mode":false,"campfire_choices":[{"data":"Bash","floor":6,"key":"SMITH"},{"data":"Carnage","floor":12,"key":"SMITH"},{"data":"Flame Barrier","floor":15,"key":"SMITH"}],"neow_cost":"NO_GOLD","seed_source_timestamp":6370910446754,"circlet_count":0,"master_deck":["Strike_R","Strike_R","Strike_R","Strike_R","Strike_R","Defend_R","Defend_R","Defend_R","Defend_R","Bash+1","Twin Strike","Pummel","Flame Barrier+1","Carnage+1","Cleave","Doubt","Infernal Blade+1"],"special_seed":0,"relics":["Burning Blood","Ginger","Gremlin Horn","Golden Idol","Paper Frog","Toxic Egg 2"],"potions_floor_usage":[16],"damage_taken":[{"damage":3.0,"enemies":"Jaw Worm","floor":1.0,"turns":4.0},{"damage":1,"enemies":"2 Louse","floor":5,"turns":2},{"damage":2,"enemies":"Small Slimes","floor":7,"turns":3},{"damage":7,"enemies":"Blue Slaver","floor":10,"turns":4},{"damage":14,"enemies":"Gremlin Nob","floor":14,"turns":3}],"seed_played":"7071185953481671107","potions_obtained":[{"floor":5,"key":"Regen Potion"},{"floor":14,"key":"Weak Potion"}],"is_trial":false,"path_per_floor":["M","?","T","?","M","R","M","$","T","M","$","R","?","?","R","B"],"character_chosen":"IRONCLAD","items_purchased":["Carnage"],"campfire_rested":0,"item_purchase_floors":[8],"current_hp_per_floor":[80,77,77,57,62,62,66,66,66,65,65,65,65,57,57,0],"gold":292,"neow_bonus":"ONE_RARE_RELIC","is_prod":false,"is_daily":false,"chose_seed":false,"campfire_upgraded":3,"win_rate":0,"timestamp":1554749386,"path_taken":["M","?","?","?","M","R","M","$","T","M","$","R","?","?","R","BOSS"],"build_version":"2019-01-23","purchased_purges":0,"victory":false,"max_hp_per_floor":[80,80,80,80,80,80,80,80,80,80,80,80,80,80,80,80],"card_choices":[{"not_picked":["Shrug It Off","Rampage"],"picked":"Twin Strike","floor":1.0},{"not_picked":["Rampage","Entrench"],"picked":"Pummel","floor":5},{"not_picked":["Warcry","Carnage"],"picked":"Flame Barrier","floor":7},{"not_picked":["Heavy Blade","True Grit"],"picked":"Cleave","floor":10},{"not_picked":["Thunderclap","Berserk"],"picked":"Infernal Blade","floor":14}],"player_experience":1158246,"relics_obtained":[{"floor":9,"key":"Paper Frog"},{"floor":14,"key":"Toxic Egg 2"}],"event_choices":[{"damage_healed":0.0,"max_hp_gain":0.0,"max_hp_loss":0.0,"gold_gain":0.0,"event_name":"Scrap Ooze","player_choice":"Success","floor":2.0,"gold_loss":0.0,"damage_taken":3.0,"relics_obtained":["Gremlin Horn"]},{"damage_healed":0,"gold_gain":0,"player_choice":"Take Damage","damage_taken":20,"relics_obtained":["Golden Idol"],"max_hp_gain":0,"max_hp_loss":0,"event_name":"Golden Idol","floor":4,"gold_loss":0},{"damage_healed":0,"gold_gain":175,"player_choice":"AGREE","damage_taken":0,"max_hp_gain":0,"max_hp_loss":0,"event_name":"Liars Game","floor":13,"gold_loss":0,"cards_obtained":["Doubt"]},{"damage_healed":0,"gold_gain":0,"player_choice":"Searched \u00271\u0027 times","damage_taken":0,"max_hp_gain":0,"max_hp_loss":0,"event_name":"Dead Adventurer","floor":14,"gold_loss":0}],"is_beta":false,"boss_relics":[],"items_purged_floors":[],"is_endless":false,"potions_floor_spawned":[5,14],"killed_by":"The Guardian","ascension_level":0}