{"gold_per_floor":[116,47,9,20,32,32,60,75,75,85,185,185,185,198,198,198],"floor_reached":16,"playtime":1270,"items_purged":[],"score":102,"play_id":"a79342c9-c122-4aff-b5e8-b03e7fbc3d18","local_time":"20190417202925","is_ascension_mode":false,"campfire_choices":[{"data":"Hello World","floor":6,"key":"SMITH"},{"floor":12,"key":"REST"},{"data":"Dualcast","floor":15,"key":"SMITH"}],"neow_cost":"NONE","seed_source_timestamp":1134935855389241,"circlet_count":0,"master_deck":["Strike_B","Strike_B+1","Strike_B+1","Strike_B","Defend_B","Defend_B","Defend_B","Defend_B","Zap","Dualcast+1","Hello World+1","Storm","Cold Snap","BootSequence","Doom and Gloom","Barrage","FTL","Compile Driver"],"relics":["Cracked Core","Whetstone","Juzu Bracelet"],"potions_floor_usage":[],"damage_taken":[{"damage":0,"enemies":"Small Slimes","floor":1,"turns":3},{"damage":1,"enemies":"Cultist","floor":4,"turns":3},{"damage":0,"enemies":"2 Louse","floor":5,"turns":2},{"damage":46,"enemies":"Gremlin Nob","floor":7,"turns":5},{"damage":7,"enemies":"Red Slaver","floor":8,"turns":3},{"damage":11,"enemies":"Large Slime","floor":10,"turns":4},{"damage":1,"enemies":"Blue Slaver","floor":14,"turns":4},{"damage":69,"enemies":"The Guardian","floor":16,"turns":9}],"seed_played":"6230267736181426149","potions_obtained":[{"floor":5,"key":"AttackPotion"},{"floor":7,"key":"SteroidPotion"},{"floor":10,"key":"Swift Potion"}],"is_trial":false,"path_per_floor":["M","$","?","M","M","R","E","M","T","M","?","R","?","M","R","B"],"character_chosen":"DEFECT","items_purchased":["Storm"],"campfire_rested":1,"item_purchase_floors":[2],"current_hp_per_floor":[82,82,82,81,81,81,35,28,28,17,17,41,68,67,67,0],"gold":198,"neow_bonus":"TEN_PERCENT_HP_BONUS","is_prod":false,"is_daily":false,"chose_seed":false,"campfire_upgraded":2,"win_rate":0.0,"timestamp":1555550965,"path_taken":["M","$","?","M","M","R","E","M","T","M","?","R","?","M","R","BOSS"],"build_version":"2019-01-23","purchased_purges":0,"victory":false,"max_hp_per_floor":[82,82,82,82,82,82,82,82,82,82,82,82,82,82,82,82],"card_choices":[{"not_picked":["Steam","Hologram"],"picked":"Hello World","floor":1},{"not_picked":["Blizzard","Hologram"],"picked":"Cold Snap","floor":4},{"not_picked":["Cold Snap","Glacier"],"picked":"BootSequence","floor":5},{"not_picked":["Stack","Gash"],"picked":"Doom and Gloom","floor":7},{"not_picked":["Compile Driver","Ball Lightning"],"picked":"Barrage","floor":8},{"not_picked":["Doom and Gloom","Coolheaded"],"picked":"FTL","floor":10},{"not_picked":["Cold Snap","Stack"],"picked":"Compile Driver","floor":14}],"player_experience":8375,"relics_obtained":[{"floor":7,"key":"Whetstone"},{"floor":9,"key":"Juzu Bracelet"}],"event_choices":[{"damage_healed":0,"gold_gain":0,"player_choice":"Left Gold","damage_taken":0,"max_hp_gain":0,"max_hp_loss":0,"event_name":"World of Goop","floor":3,"gold_loss":38},{"damage_healed":0,"gold_gain":100,"player_choice":"Gold","damage_taken":0,"max_hp_gain":0,"max_hp_loss":0,"event_name":"Wheel of Change","floor":11,"gold_loss":0},{"damage_healed":27,"gold_gain":0,"player_choice":"Banana","damage_taken":0,"max_hp_gain":0,"max_hp_loss":0,"event_name":"Big Fish","floor":13,"gold_loss":0}],"is_beta":false,"boss_relics":[],"items_purged_floors":[],"is_endless":false,"potions_floor_spawned":[5,7,10],"killed_by":"The Guardian","ascension_level":0}