{"gold_per_floor":[112,62,76,94,15,15,29,29,29,29,72,72,96,96,96,215,215,228,243,243,16,16,16,16,16,41,62,96,121,141,141,141,141],"floor_reached":33,"playtime":3060,"items_purged":["Strike_B"],"score":290,"play_id":"a31c2dfe-3fe3-48ed-be57-2e8c0f5d8feb","local_time":"20190311132512","is_ascension_mode":false,"campfire_choices":[{"data":"Consume","floor":6,"key":"SMITH"},{"floor":10,"key":"REST"},{"floor":12,"key":"REST"},{"data":"Zap","floor":15,"key":"SMITH"},{"floor":23,"key":"REST"},{"floor":25,"key":"REST"},{"floor":32,"key":"REST"}],"neow_cost":"NONE","seed_source_timestamp":103113579516415,"circlet_count":0,"master_deck":["Strike_B+1","Strike_B+1","Defend_B","Defend_B","Defend_B","Defend_B","Zap+1","Dualcast","Consume+1","FTL","Self Repair","Coolheaded","Conserve Battery","Coolheaded","Buffer","Reinforced Body+1","Ghostly","Ghostly","Ghostly","Ghostly","Ghostly","Sunder","Go for the Eyes+1","Chill","Capacitor"],"relics":["Cracked Core","Golden Idol","Singing Bowl","Darkstone Periapt","Fusion Hammer","Bag of Marbles","Blood Vial","Whetstone"],"potions_floor_usage":[16,33,33,33],"damage_taken":[{"damage":2,"enemies":"2 Louse","floor":1,"turns":3},{"damage":1,"enemies":"Jaw Worm","floor":3,"turns":4},{"damage":6,"enemies":"Cultist","floor":4,"turns":4},{"damage":28,"enemies":"3 Louse","floor":7,"turns":3},{"damage":38,"enemies":"3 Sentries","floor":11,"turns":11},{"damage":4,"enemies":"2 Fungi Beasts","floor":13,"turns":4},{"damage":30,"enemies":"The Guardian","floor":16,"turns":13},{"damage":12,"enemies":"Shell Parasite","floor":18,"turns":8},{"damage":6,"enemies":"Chosen","floor":19,"turns":8},{"damage":7,"enemies":"Snake Plant","floor":27,"turns":9},{"damage":27,"enemies":"Slavers","floor":28,"turns":13},{"damage":0,"enemies":"Sentry and Sphere","floor":29,"turns":10},{"damage":10,"enemies":"3 Cultists","floor":30,"turns":10},{"damage":72,"enemies":"Collector","floor":33,"turns":18}],"seed_played":"-1094572053114590095","potions_obtained":[{"floor":1,"key":"Strength Potion"},{"floor":11,"key":"Energy Potion"},{"floor":13,"key":"Strength Potion"},{"floor":16,"key":"GamblersBrew"},{"floor":18,"key":"Regen Potion"},{"floor":28,"key":"FearPotion"}],"is_trial":false,"path_per_floor":["M","?","M","M","$","R","M","?","T","R","E","R","M","?","R","B",null,"M","M","?","$","?","R","$","R","T","M","E","M","M","?","R","B"],"character_chosen":"DEFECT","items_purchased":["Self Repair","Bag of Marbles"],"campfire_rested":5,"item_purchase_floors":[5,21],"current_hp_per_floor":[80,80,79,73,73,73,52,32,32,56,25,49,52,82,82,52,82,77,80,42,42,42,42,42,42,42,42,22,33,32,32,44,0],"gold":141,"neow_bonus":"TEN_PERCENT_HP_BONUS","is_prod":false,"is_daily":false,"chose_seed":false,"campfire_upgraded":2,"win_rate":0.0,"timestamp":1552307112,"path_taken":["M","?","M","M","$","R","M","?","T","R","E","R","M","?","R","BOSS","M","?","?","$","?","R","$","R","T","M","E","M","?","?","R","BOSS"],"build_version":"2019-01-23","purchased_purges":1,"victory":false,"max_hp_per_floor":[82,82,82,82,82,82,82,82,82,82,82,82,82,82,82,82,82,82,84,42,42,42,42,42,42,42,42,42,44,44,44,44,44],"card_choices":[{"not_picked":["Blizzard","Stack","Beam Cell"],"picked":"SKIP","floor":1},{"not_picked":["Leap","Compile Driver"],"picked":"Consume","floor":3},{"not_picked":["Aggregate","Lockon"],"picked":"FTL","floor":4},{"not_picked":["Hologram","Leap"],"picked":"Coolheaded","floor":7},{"not_picked":["Tempest","Steam"],"picked":"Conserve Battery","floor":11},{"not_picked":["Storm","Ball Lightning"],"picked":"Coolheaded","floor":13},{"not_picked":["Multi-Cast","Fission"],"picked":"Buffer","floor":16},{"not_picked":["Sunder","Melter"],"picked":"Reinforced Body+1","floor":18},{"not_picked":["Hologram","Streamline","Sweeping Beam"],"picked":"Singing Bowl","floor":19},{"not_picked":["Redo","Static Discharge"],"picked":"Sunder","floor":27},{"not_picked":["Conserve Battery","Redo"],"picked":"Go for the Eyes+1","floor":28},{"not_picked":["Melter","Coolheaded","Buffer"],"picked":"Singing Bowl","floor":29},{"not_picked":["Rebound","Barrage"],"picked":"Chill","floor":30}],"player_experience":36438,"relics_obtained":[{"floor":9,"key":"Singing Bowl"},{"floor":11,"key":"Darkstone Periapt"},{"floor":26,"key":"Blood Vial"},{"floor":28,"key":"Whetstone"}],"event_choices":[{"cards_removed":["Strike_B"],"damage_healed":0,"gold_gain":0,"player_choice":"Card Removal","damage_taken":0,"max_hp_gain":0,"max_hp_loss":0,"event_name":"The Cleric","floor":2,"gold_loss":50},{"damage_healed":0,"gold_gain":0,"player_choice":"Take Damage","damage_taken":20,"relics_obtained":["Golden Idol"],"max_hp_gain":0,"max_hp_loss":0,"event_name":"Golden Idol","floor":8,"gold_loss":0},{"damage_healed":30,"gold_gain":0,"player_choice":"Full Heal","damage_taken":0,"max_hp_gain":0,"max_hp_loss":0,"event_name":"Wheel of Change","floor":14,"gold_loss":0},{"damage_healed":0,"gold_gain":0,"player_choice":"Became a Ghost","damage_taken":0,"max_hp_gain":0,"max_hp_loss":42,"event_name":"Ghosts","floor":20,"gold_loss":0,"cards_obtained":["Ghostly","Ghostly","Ghostly","Ghostly","Ghostly"]},{"damage_healed":0,"gold_gain":0,"player_choice":"Ignored","damage_taken":0,"max_hp_gain":0,"max_hp_loss":0,"event_name":"NoteForYourself","floor":22,"gold_loss":0},{"damage_healed":0,"gold_gain":0,"player_choice":"Read","damage_taken":0,"max_hp_gain":0,"max_hp_loss":0,"event_name":"The Library","floor":31,"gold_loss":0,"cards_obtained":["Capacitor"]}],"is_beta":false,"boss_relics":[{"not_picked":["Calling Bell","Runic Dome"],"picked":"Fusion Hammer"}],"items_purged_floors":[21],"is_endless":false,"potions_floor_spawned":[1,11,13,16,18,28,29],"killed_by":"Collector","ascension_level":0}