{"path_per_floor":["M","?","?","M","M","R","M","R","T","E","R","M","M","M","R","B",null,"M","M","?","M","?","R","M","?","T","$","$","M","M","M","R"],"character_chosen":"IRONCLAD","items_purchased":["Bottled Lightning"],"gold_per_floor":[119,119,119,137,150,150,167,167,236,261,261,271,288,301,301,406,406,419,431,346,360,360,360,378,378,378,82,32,50,61,73,73,73],"floor_reached":33,"campfire_rested":4,"playtime":9369,"item_purchase_floors":[27],"current_hp_per_floor":[80,73,73,79,80,80,79,79,79,63,80,74,69,72,80,21,80,55,47,47,41,26,51,54,82,82,82,82,61,52,58,83,0],"items_purged":["Defend_R","Bash"],"gold":73,"score":278,"play_id":"1a024f8d-5894-4cc7-816e-380b1957558b","local_time":"20180619194438","is_prod":false,"is_daily":false,"chose_seed":false,"is_ascension_mode":false,"campfire_upgraded":2,"win_rate":0.0,"timestamp":1529451878,"campfire_choices":[{"data":"Perfected Strike","floor":6,"key":"SMITH"},{"data":"Perfected Strike","floor":8,"key":"SMITH"},{"floor":11,"key":"REST"},{"floor":15,"key":"REST"},{"floor":23,"key":"REST"},{"floor":32,"key":"REST"}],"path_taken":["M","?","?","M","M","R","M","R","T","E","R","?","M","M","R","BOSS","M","M","?","M","?","R","M","?","T","?","$","M","?","M","R","BOSS"],"build_version":"2018-06-14v2","seed_source_timestamp":334208776564446,"purchased_purges":2,"victory":false,"master_deck":["Strike_R","Strike_R","Strike_R","Strike_R","Strike_R","Defend_R","Defend_R","Perfected Strike+1","Hemokinesis","Sever Soul","Perfected Strike+1","Burning Pact","Pommel Strike","Double Tap","Perfected Strike","Perfected Strike","Wild Strike"],"max_hp_per_floor":[80,80,80,80,80,80,80,80,80,80,80,80,80,80,80,80,80,80,80,80,80,85,85,85,85,85,85,85,85,85,85,85,85],"relics":["Burning Blood","NeowsBlessing","Question Card","Oddly Smooth Stone","Sozu","Bronze Scales","Smiling Mask","Bottled Lightning"],"card_choices":[{"not_picked":["Flex","Headbutt"],"picked":"Perfected Strike","floor":1},{"not_picked":["Metallicize","Sentinel"],"picked":"Hemokinesis","floor":4},{"not_picked":["Uppercut","Twin Strike"],"picked":"Sever Soul","floor":5},{"not_picked":["Flex","Impervious"],"picked":"Perfected Strike","floor":7},{"not_picked":["Body Slam","Uppercut","Brutality","Warcry"],"picked":"SKIP","floor":10},{"not_picked":["Clash","True Grit","Body Slam"],"picked":"Burning Pact","floor":12},{"not_picked":["Heavy Blade","Intimidate","Fire Breathing"],"picked":"Pommel Strike","floor":13},{"not_picked":["Warcry","Reckless Charge","Uppercut","Twin Strike"],"picked":"SKIP","floor":14},{"not_picked":["Juggernaut","Dark Embrace","Limit Break"],"picked":"Double Tap","floor":16},{"not_picked":["Bloodletting","Corruption","Inflame"],"picked":"Perfected Strike","floor":18},{"not_picked":["Blood for Blood","Cleave","Inflame"],"picked":"Perfected Strike","floor":19},{"not_picked":["Body Slam+1","Havoc","Shrug It Off","Flex"],"picked":"SKIP","floor":21},{"not_picked":["Thunderclap","Entrench","Havoc","True Grit"],"picked":"SKIP","floor":24},{"not_picked":["Heavy Blade+1","Wild Strike","Twin Strike+1","Sentinel+1"],"picked":"SKIP","floor":29},{"not_picked":["Rupture","Fire Breathing","Sword Boomerang"],"picked":"Wild Strike","floor":30},{"not_picked":["Inflame+1","Ghostly Armor+1","Infernal Blade","Armaments"],"picked":"SKIP","floor":31}],"player_experience":129905,"potions_floor_usage":[10,16,16,16,33],"damage_taken":[{"damage":0,"enemies":"Jaw Worm","floor":1,"turns":1},{"damage":0,"enemies":"2 Louse","floor":4,"turns":1},{"damage":0,"enemies":"Cultist","floor":5,"turns":1},{"damage":7,"enemies":"Exordium Wildlife","floor":7,"turns":2},{"damage":22,"enemies":"3 Sentries","floor":10,"turns":4},{"damage":12,"enemies":"Blue Slaver","floor":12,"turns":2},{"damage":11,"enemies":"3 Louse","floor":13,"turns":3},{"damage":3,"enemies":"2 Fungi Beasts","floor":14,"turns":2},{"damage":65,"enemies":"Hexaghost","floor":16,"turns":7},{"damage":31,"enemies":"3 Byrds","floor":18,"turns":4},{"damage":14,"enemies":"2 Thieves","floor":19,"turns":3},{"damage":12,"enemies":"Snecko","floor":21,"turns":3},{"damage":3,"enemies":"Snake Plant","floor":24,"turns":2},{"damage":27,"enemies":"Chosen and Byrds","floor":29,"turns":4},{"damage":15,"enemies":"3 Cultists","floor":30,"turns":4},{"damage":0,"enemies":"Snecko","floor":31,"turns":2},{"damage":97,"enemies":"Champ","floor":33,"turns":7}],"relics_obtained":[{"floor":9,"key":"Question Card"},{"floor":10,"key":"Oddly Smooth Stone"},{"floor":26,"key":"Smiling Mask"}],"event_choices":[{"event_name":"Golden Wing","player_choice":"Card Removal","floor":2,"damage_taken":0},{"event_name":"Liars Game","player_choice":"disagreed","floor":3,"damage_taken":0},{"event_name":"Addict","player_choice":"Obtained Relic","floor":20,"damage_taken":0},{"event_name":"Forgotten Altar","player_choice":"Shed Blood","floor":22,"damage_taken":0},{"event_name":"The Library","player_choice":"Heal","floor":25,"damage_taken":0}],"boss_relics":[{"not_picked":["Philosopher\u0027s Stone","Runic Dome"],"picked":"Sozu"}],"items_purged_floors":[27,28],"is_endless":false,"potions_floor_spawned":[1,5,7,13,16,18,19,24],"seed_played":"-3926450105680734554","killed_by":"Champ","ascension_level":0,"potions_obtained":[{"floor":1,"key":"SkillPotion"},{"floor":5,"key":"PowerPotion"},{"floor":7,"key":"AttackPotion"},{"floor":13,"key":"Dexterity Potion"},{"floor":16,"key":"Fire Potion"}],"is_trial":false}