{"gold_per_floor":[114,129,7,7,7,37,37,37,87,87,87,106,125,163,163,288,288,307,217,236,255,55,55,93,93,118,137,156,206,206,225,225,225],"floor_reached":33,"playtime":1206,"items_purged":[],"score":300,"play_id":"265e4113-c91e-4385-80aa-a168d4730253","local_time":"20190313220505","daily_mods":["Heirloom","Green Cards","Binary"],"is_ascension_mode":false,"campfire_choices":[{"floor":10,"key":"REST"},{"data":"Inflame","floor":15,"key":"SMITH"},{"floor":23,"key":"REST"},{"data":"Armaments","floor":25,"key":"SMITH"},{"data":"Perfected Strike","floor":30,"key":"SMITH"},{"floor":32,"key":"REST"}],"neow_cost":"","seed_source_timestamp":0,"circlet_count":0,"master_deck":["Strike_R","Strike_R","Strike_R","Strike_R+1","Strike_R","Defend_R","Perfected Strike","Inflame+1","Armaments+1","Perfected Strike+1","Immolate","Impervious+1","Unload+1","Wild Strike"],"special_seed":17969,"relics":["Burning Blood","Magic Flower","PreservedInsect","Dream Catcher","Golden Idol","Bottled Tornado","Astrolabe","Sling","Pocketwatch","Orichalcum"],"potions_floor_usage":[16,28,33,33],"damage_taken":[{"damage":5,"enemies":"Jaw Worm","floor":1,"turns":5},{"damage":1,"enemies":"Cultist","floor":2,"turns":3},{"damage":31,"enemies":"3 Sentries","floor":6,"turns":6},{"damage":0,"enemies":"2 Louse","floor":12,"turns":2},{"damage":3,"enemies":"2 Fungi Beasts","floor":13,"turns":4},{"damage":26,"enemies":"Lagavulin","floor":14,"turns":6},{"damage":78,"enemies":"The Guardian","floor":16,"turns":12},{"damage":5,"enemies":"Spheric Guardian","floor":18,"turns":3},{"damage":25,"enemies":"2 Thieves","floor":20,"turns":4},{"damage":37,"enemies":"Snake Plant","floor":21,"turns":3},{"damage":0,"enemies":"Gremlin Leader","floor":24,"turns":3},{"damage":10,"enemies":"Snecko","floor":27,"turns":4},{"damage":17,"enemies":"Centurion and Healer","floor":28,"turns":4},{"damage":19,"enemies":"Sentry and Sphere","floor":31,"turns":4},{"damage":79,"enemies":"Champ","floor":33,"turns":7}],"seed_played":"-4649029589415809822","potions_obtained":[{"floor":2,"key":"FearPotion"},{"floor":13,"key":"Regen Potion"},{"floor":18,"key":"AttackPotion"},{"floor":24,"key":"PowerPotion"}],"is_trial":false,"path_per_floor":["M","M","$","?","$","E","$","$","T","R","?","M","M","E","R","B",null,"M","?","M","M","$","R","E","R","T","M","M","?","R","M","R","B"],"character_chosen":"IRONCLAD","items_purchased":["Inflame","Armaments","Sling"],"campfire_rested":3,"item_purchase_floors":[3,3,22],"current_hp_per_floor":[80,80,80,80,80,58,58,58,58,80,60,69,75,58,58,13,80,80,80,64,36,36,60,69,69,69,68,60,60,60,50,74,0],"gold":225,"neow_bonus":"","is_prod":false,"is_daily":true,"chose_seed":false,"campfire_upgraded":3,"win_rate":0,"timestamp":1552529105,"path_taken":["M","M","$","?","$","E","?","$","T","R","?","M","M","E","R","BOSS","M","?","M","M","$","R","E","R","T","M","?","?","R","M","R","BOSS"],"build_version":"2019-01-23","purchased_purges":0,"victory":false,"max_hp_per_floor":[80,80,80,80,80,80,80,80,80,80,80,80,80,80,80,80,80,80,80,80,80,80,80,80,80,80,80,80,80,80,80,80,80],"card_choices":[{"not_picked":["Flex","Escape Plan"],"picked":"SKIP","floor":1},{"not_picked":["Metallicize"],"picked":"Perfected Strike","floor":2},{"not_picked":["Clash","Entrench"],"picked":"SKIP","floor":6},{"not_picked":["Rampage"],"picked":"Perfected Strike","floor":12},{"not_picked":["Cleave","Twin Strike"],"picked":"SKIP","floor":13},{"not_picked":["Poisoned Stab","Juggernaut"],"picked":"SKIP","floor":14},{"not_picked":["Poisoned Stab","Juggernaut"],"picked":"SKIP","floor":14},{"not_picked":["After Image"],"picked":"Immolate","floor":16},{"not_picked":["Clash+1"],"picked":"Wild Strike","floor":18},{"not_picked":["Blade Dance","Outmaneuver+1"],"picked":"SKIP","floor":20},{"not_picked":["Twin Strike","Second Wind"],"picked":"SKIP","floor":21},{"not_picked":["Dagger Throw","Dodge and Roll"],"picked":"SKIP","floor":24},{"not_picked":["Combust+1","Clash"],"picked":"SKIP","floor":27},{"not_picked":["Combust+1","Clash"],"picked":"SKIP","floor":27},{"not_picked":["Glass Knife","Masterful Stab"],"picked":"SKIP","floor":28},{"not_picked":["Slice","Leg Sweep"],"picked":"SKIP","floor":31}],"player_experience":412277,"relics_obtained":[{"floor":6,"key":"PreservedInsect"},{"floor":9,"key":"Dream Catcher"},{"floor":14,"key":"Bottled Tornado"},{"floor":24,"key":"Pocketwatch"},{"floor":26,"key":"Orichalcum"}],"event_choices":[{"cards_removed":["Defend_R"],"damage_healed":0,"gold_gain":0,"player_choice":"Offered Basic","damage_taken":0,"max_hp_gain":0,"max_hp_loss":0,"event_name":"Bonfire Elementals","floor":4,"gold_loss":0},{"damage_healed":0,"gold_gain":0,"player_choice":"Take Damage","damage_taken":20,"relics_obtained":["Golden Idol"],"max_hp_gain":0,"max_hp_loss":0,"event_name":"Golden Idol","floor":11,"gold_loss":0},{"cards_removed":["Sever Soul"],"damage_healed":0,"gold_gain":0,"player_choice":"Upgrade and Remove","damage_taken":0,"max_hp_gain":0,"max_hp_loss":0,"event_name":"Designer","floor":19,"gold_loss":90,"cards_upgraded":["Strike_R"]},{"damage_healed":0,"gold_gain":100,"player_choice":"Bet on Murderer","damage_taken":0,"max_hp_gain":0,"max_hp_loss":0,"event_name":"The Joust","floor":29,"gold_loss":50}],"is_beta":false,"boss_relics":[{"not_picked":["Coffee Dripper","Tiny House"],"picked":"Astrolabe"}],"items_purged_floors":[],"is_endless":false,"potions_floor_spawned":[2,13,18,24,27],"killed_by":"Champ","ascension_level":0}