{"gold_per_floor":[117,127,137,149,39,49,49,65,141,173,173,49,49,49,49,146,146,158,176,176,91,41,41,73,73,73,73,85,101,101,117,117,219,219,235,252,80,80,80],"floor_reached":39,"playtime":1526,"items_purged":["Injury","Strike_B"],"score":476,"play_id":"f355d5d8-6390-4c64-a36d-1a3947e5ac5b","local_time":"20190310142459","is_ascension_mode":false,"campfire_choices":[{"floor":7.0,"key":"REST"},{"floor":11.0,"key":"REST"},{"data":"Zap","floor":15.0,"key":"SMITH"},{"floor":23.0,"key":"REST"},{"data":"Electrodynamics","floor":25,"key":"SMITH"},{"data":"Fission","floor":27,"key":"PURGE"},{"floor":30,"key":"REST"},{"data":"Glacier","floor":32,"key":"PURGE"}],"neow_cost":"CURSE","seed_source_timestamp":0,"circlet_count":0,"master_deck":["Zap+1","Dualcast","Auto Shields","Static Discharge","Gash+1","Self Repair","Rebound","Scrape","Gash+1","Electrodynamics+1","Redo","Scrape","Gash","Scrape","Scrape+1","Necronomicurse","Gash","Scrape+1","Conserve Battery","Leap"],"special_seed":0,"relics":["Cracked Core","Dodecahedron","Gremlin Horn","Pandora\u0027s Box","Necronomicon","Ice Cream","Lantern","Peace Pipe","Sozu","Whetstone"],"potions_floor_usage":[33,33],"damage_taken":[{"damage":8.0,"enemies":"Jaw Worm","floor":1.0,"turns":4.0},{"damage":0.0,"enemies":"Small Slimes","floor":2.0,"turns":3.0},{"damage":0.0,"enemies":"2 Louse","floor":3.0,"turns":4.0},{"damage":21.0,"enemies":"Exordium Thugs","floor":4.0,"turns":4.0},{"damage":39.0,"enemies":"Gremlin Gang","floor":6.0,"turns":5.0},{"damage":18.0,"enemies":"Lots of Slimes","floor":8.0,"turns":4.0},{"damage":20.0,"enemies":"Lagavulin","floor":10.0,"turns":6.0},{"damage":65.0,"enemies":"Slime Boss","floor":16.0,"turns":9.0},{"damage":10.0,"enemies":"Spheric Guardian","floor":18.0,"turns":3.0},{"damage":15.0,"enemies":"3 Byrds","floor":19.0,"turns":2.0},{"damage":18.0,"enemies":"Gremlin Leader","floor":24.0,"turns":4.0},{"damage":1,"enemies":"3 Cultists","floor":28,"turns":3},{"damage":38,"enemies":"Shelled Parasite and Fungi","floor":29,"turns":3},{"damage":0,"enemies":"Chosen and Byrds","floor":31,"turns":4},{"damage":79,"enemies":"Champ","floor":33,"turns":7},{"damage":35,"enemies":"Orb Walker","floor":35,"turns":4},{"damage":41,"enemies":"3 Darklings","floor":36,"turns":3},{"damage":21,"enemies":"4 Shapes","floor":39,"turns":1}],"seed_played":"-6135073561084817707","potions_obtained":[{"floor":2.0,"key":"SteroidPotion"},{"floor":4.0,"key":"Fruit Juice"},{"floor":6.0,"key":"AttackPotion"},{"floor":8.0,"key":"FocusPotion"},{"floor":18.0,"key":"Block Potion"},{"floor":19.0,"key":"Explosive Potion"},{"floor":28,"key":"GamblersBrew"},{"floor":33,"key":"EssenceOfSteel"}],"is_trial":false,"path_per_floor":["M","M","M","M","$","M","R","M","T","E","R","$","?","?","R","B",null,"M","M","?","?","$","R","E","R","T","R","M","M","R","M","R","B",null,"M","M","$","?","M"],"character_chosen":"DEFECT","items_purchased":["Self Repair","Gash","Gash","Whetstone","Leap"],"campfire_rested":4,"item_purchase_floors":[5,12,22,37,37],"current_hp_per_floor":[81,81,81,60,60,33,61,50,50,37,65,65,94,94,94,36,94,91,83,67,67,67,94,83,83,83,83,89,51,79,86,86,7,94,59,18,18,18,0],"gold":80,"neow_bonus":"TWENTY_PERCENT_HP_BONUS","is_prod":false,"is_daily":false,"chose_seed":false,"campfire_upgraded":2,"win_rate":0,"timestamp":1552242299,"path_taken":["M","M","M","M","$","M","R","M","T","E","R","$","?","?","R","BOSS","M","M","?","?","$","R","E","R","T","R","M","M","R","M","R","BOSS","M","M","$","?","?"],"build_version":"2019-01-23","purchased_purges":2,"victory":false,"max_hp_per_floor":[89,89,89,89,89,94,94,94,94,94,94,94,94,94,94,94,94,94,94,94,94,94,94,94,94,94,94,94,94,94,94,94,94,94,94,94,94,94,94],"card_choices":[{"not_picked":["Barrage","Turbo"],"picked":"Auto Shields","floor":1.0},{"not_picked":["Consume","Compile Driver"],"picked":"Static Discharge","floor":2.0},{"not_picked":["Hologram","Leap","Aggregate"],"picked":"SKIP","floor":3.0},{"not_picked":["Beam Cell","Go for the Eyes"],"picked":"Gash","floor":4.0},{"not_picked":["Chill","Stack"],"picked":"Rebound","floor":6.0},{"not_picked":["Force Field","Undo"],"picked":"Scrape","floor":8.0},{"not_picked":["Lockon","Blizzard","Barrage"],"picked":"SKIP","floor":10.0},{"not_picked":["All For One","Echo Form"],"picked":"Electrodynamics","floor":16.0},{"not_picked":["Hologram+1","Compile Driver+1"],"picked":"Scrape+1","floor":18.0},{"not_picked":["Recycle","Stack","Steam"],"picked":"SKIP","floor":19.0},{"not_picked":["Reprogram+1","Glacier"],"picked":"Scrape+1","floor":24},{"not_picked":["Fission","Melter+1","Steam"],"picked":"SKIP","floor":28},{"not_picked":["Streamline+1","Thunder Strike"],"picked":"Conserve Battery","floor":29},{"not_picked":["Turbo","Compile Driver","Streamline"],"picked":"SKIP","floor":31},{"not_picked":["Loop","Ball Lightning+1","Beam Cell+1"],"picked":"SKIP","floor":35},{"not_picked":["Barrage+1","Ball Lightning","Capacitor"],"picked":"SKIP","floor":36}],"player_experience":407839,"relics_obtained":[{"floor":9.0,"key":"Dodecahedron"},{"floor":10.0,"key":"Gremlin Horn"},{"floor":20.0,"key":"Necronomicon"},{"floor":24,"key":"Lantern"},{"floor":26,"key":"Peace Pipe"}],"event_choices":[{"damage_healed":31.0,"max_hp_gain":0.0,"max_hp_loss":0.0,"gold_gain":0.0,"event_name":"Big Fish","player_choice":"Banana","floor":13.0,"gold_loss":0.0,"damage_taken":0.0},{"damage_healed":0.0,"max_hp_gain":0.0,"max_hp_loss":0.0,"gold_gain":0.0,"event_name":"Liars Game","player_choice":"Ignored","floor":14.0,"gold_loss":0.0,"damage_taken":0.0},{"damage_healed":0.0,"max_hp_gain":0.0,"max_hp_loss":0.0,"gold_gain":0.0,"event_name":"Cursed Tome","player_choice":"Obtained Book","floor":20.0,"gold_loss":0.0,"damage_taken":16.0},{"damage_healed":0.0,"max_hp_gain":0.0,"max_hp_loss":0.0,"gold_gain":0.0,"event_name":"Addict","player_choice":"Obtained Relic","floor":21.0,"gold_loss":85.0,"damage_taken":0.0,"relics_obtained":["Ice Cream"]},{"cards_removed":["Darkness"],"damage_healed":0,"gold_gain":0,"player_choice":"Purged","damage_taken":0,"max_hp_gain":0,"max_hp_loss":0,"event_name":"Purifier","floor":38,"gold_loss":0}],"is_beta":false,"boss_relics":[{"not_picked":["Orrery","White Beast Statue"],"picked":"Pandora\u0027s Box"},{"not_picked":["Eternal Feather","Tiny House"],"picked":"Sozu"}],"items_purged_floors":[5,12],"is_endless":false,"potions_floor_spawned":[2,4,6,8,18,19,28,33,35],"killed_by":"4 Shapes","ascension_level":0}