{"gold_per_floor":[114,114,126,143,162,162,197,197,197,210,210,240,254,264,264,367,367,385,413,428,143,143,143,162,181,181,194,211,211,238,253,253,355,355,371,371,381,58,74,74,74],"floor_reached":41,"playtime":1856,"items_purged":["Defend_R","Limit Break"],"score":479,"play_id":"53503e11-8e5a-4da8-a43b-f34724534b3b","local_time":"20190207190936","is_ascension_mode":false,"campfire_choices":[{"data":"Bash","floor":6,"key":"SMITH"},{"floor":8,"key":"REST"},{"floor":11,"key":"REST"},{"floor":15,"key":"REST"},{"floor":23,"key":"REST"},{"floor":29,"key":"REST"},{"floor":32,"key":"REST"},{"floor":40,"key":"REST"}],"neow_cost":"NONE","seed_source_timestamp":457192954220445,"circlet_count":0,"master_deck":["Strike_R","Strike_R","Strike_R","Strike_R","Strike_R","Defend_R","Bash+1","Ghostly Armor","Armaments","Headbutt","Uppercut","Perfected Strike","Perfected Strike","Rage"],"relics":["Burning Blood","FaceOfCleric","Darkstone Periapt","Singing Bowl","Meat on the Bone","Busted Crown","Red Mask","Sling","Self Forming Clay","Incense Burner","Question Card","Sozu","Bag of Preparation"],"potions_floor_usage":[16,16,19,25,28,30,33],"damage_taken":[{"damage":5,"enemies":"Small Slimes","floor":1,"turns":3},{"damage":0,"enemies":"Cultist","floor":3,"turns":4},{"damage":10,"enemies":"Jaw Worm","floor":4,"turns":4},{"damage":19,"enemies":"Large Slime","floor":5,"turns":8},{"damage":36,"enemies":"Lagavulin","floor":7,"turns":7},{"damage":30,"enemies":"Lots of Slimes","floor":10,"turns":4},{"damage":39,"enemies":"3 Sentries","floor":12,"turns":9},{"damage":14,"enemies":"Exordium Wildlife","floor":13,"turns":3},{"damage":8,"enemies":"Red Slaver","floor":14,"turns":3},{"damage":87,"enemies":"The Guardian","floor":16,"turns":11},{"damage":20,"enemies":"Shell Parasite","floor":18,"turns":4},{"damage":46,"enemies":"Masked Bandits","floor":19,"turns":5},{"damage":30,"enemies":"Spheric Guardian","floor":20,"turns":4},{"damage":31,"enemies":"Centurion and Healer","floor":24,"turns":5},{"damage":28,"enemies":"Sentry and Sphere","floor":25,"turns":6},{"damage":26,"enemies":"Shelled Parasite and Fungi","floor":27,"turns":5},{"damage":26,"enemies":"Centurion and Healer","floor":28,"turns":6},{"damage":46,"enemies":"Gremlin Leader","floor":30,"turns":5},{"damage":3,"enemies":"Snecko","floor":31,"turns":4},{"damage":78,"enemies":"Champ","floor":33,"turns":16},{"damage":11,"enemies":"Orb Walker","floor":35,"turns":3},{"damage":33,"enemies":"3 Shapes","floor":37,"turns":5},{"damage":68,"enemies":"Maw","floor":39,"turns":8},{"damage":102,"enemies":"Nemesis","floor":41,"turns":6}],"seed_played":"-7843421099361364592","potions_obtained":[{"floor":1,"key":"Poison Potion"},{"floor":10,"key":"GamblersBrew"},{"floor":12,"key":"Ancient Potion"},{"floor":14,"key":"Regen Potion"},{"floor":16,"key":"Weak Potion"},{"floor":19,"key":"Dexterity Potion"},{"floor":24,"key":"Fire Potion"},{"floor":27,"key":"Dexterity Potion"},{"floor":28,"key":"Explosive Potion"}],"is_trial":false,"path_per_floor":["M","?","M","M","M","R","E","R","T","M","R","E","M","M","R","B",null,"M","?","M","$","?","R","M","M","T","M","M","R","E","M","R","B",null,"M","?","M","$","M","R","E"],"character_chosen":"IRONCLAD","items_purchased":["Sling","Bag of Preparation","Rage"],"campfire_rested":7,"item_purchase_floors":[21,38,38],"current_hp_per_floor":[80,80,81,78,66,66,37,62,62,41,67,37,44,57,85,34,99,88,61,52,52,52,83,73,66,66,61,56,91,66,72,109,52,127,125,125,101,101,54,94,0],"gold":74,"neow_bonus":"TRANSFORM_CARD","is_prod":false,"is_daily":false,"chose_seed":false,"campfire_upgraded":1,"win_rate":0.0,"timestamp":1549584576,"path_taken":["M","?","?","M","M","R","E","R","T","M","R","E","M","M","R","BOSS","M","?","M","$","?","R","M","M","T","M","M","R","E","?","R","BOSS","M","?","?","$","M","R","E"],"build_version":"2019-01-23","purchased_purges":2,"victory":false,"max_hp_per_floor":[80,80,81,82,83,83,84,84,84,87,87,90,93,96,96,99,99,102,103,106,106,106,106,109,112,112,115,118,118,121,124,124,127,127,130,130,133,133,136,136,136],"card_choices":[{"not_picked":["Entrench","Combust","True Grit"],"picked":"SKIP","floor":1},{"not_picked":["Searing Blow","Corruption"],"picked":"Armaments","floor":3},{"not_picked":["Entrench","Havoc"],"picked":"Headbutt","floor":4},{"not_picked":["Flame Barrier","True Grit"],"picked":"Uppercut","floor":5},{"not_picked":["Corruption","Armaments"],"picked":"Perfected Strike","floor":7},{"not_picked":["Warcry","Rupture","Shrug It Off"],"picked":"Singing Bowl","floor":10},{"not_picked":["Pommel Strike","Twin Strike","Armaments"],"picked":"Singing Bowl","floor":12},{"not_picked":["Intimidate","Twin Strike","Uppercut"],"picked":"Singing Bowl","floor":13},{"not_picked":["Berserk","Hemokinesis","Carnage"],"picked":"Singing Bowl","floor":14},{"not_picked":["Barricade","Exhume","Juggernaut"],"picked":"Singing Bowl","floor":16},{"not_picked":["Twin Strike"],"picked":"Singing Bowl","floor":18},{"not_picked":[],"picked":"Perfected Strike","floor":19},{"not_picked":["Combust"],"picked":"Singing Bowl","floor":20},{"not_picked":["Clash"],"picked":"Singing Bowl","floor":24},{"not_picked":["Shrug It Off"],"picked":"Singing Bowl","floor":25},{"not_picked":["Flex"],"picked":"Singing Bowl","floor":27},{"not_picked":["Metallicize+1"],"picked":"Singing Bowl","floor":28},{"not_picked":["Inflame+1"],"picked":"Singing Bowl","floor":30},{"not_picked":["Havoc","Clothesline+1"],"picked":"Singing Bowl","floor":31},{"not_picked":["Impervious","Juggernaut"],"picked":"Singing Bowl","floor":33},{"not_picked":["Twin Strike+1","Burning Pact"],"picked":"Singing Bowl","floor":35},{"not_picked":["Headbutt+1","Clash+1"],"picked":"Singing Bowl","floor":37},{"not_picked":["Searing Blow+1","Headbutt"],"picked":"Singing Bowl","floor":39}],"player_experience":353177,"relics_obtained":[{"floor":7,"key":"Darkstone Periapt"},{"floor":9,"key":"Singing Bowl"},{"floor":12,"key":"Meat on the Bone"},{"floor":19,"key":"Red Mask"},{"floor":26,"key":"Incense Burner"},{"floor":30,"key":"Question Card"}],"event_choices":[{"damage_healed":0,"gold_gain":0,"player_choice":"Trade","damage_taken":0,"relics_obtained":["FaceOfCleric"],"max_hp_gain":0,"max_hp_loss":0,"event_name":"FaceTrader","floor":2,"gold_loss":0},{"damage_healed":0,"gold_gain":0,"player_choice":"Fought Bandits","damage_taken":0,"max_hp_gain":0,"max_hp_loss":0,"event_name":"Masked Bandits","floor":19,"gold_loss":0},{"damage_healed":0,"gold_gain":0,"player_choice":"Gave Potion","damage_taken":0,"relics_obtained":["Self Forming Clay"],"max_hp_gain":0,"max_hp_loss":0,"event_name":"WeMeetAgain","floor":22,"gold_loss":0},{"damage_healed":0,"gold_gain":0,"cards_transformed":["Defend_R"],"player_choice":"Transformed","damage_taken":0,"max_hp_gain":0,"max_hp_loss":0,"event_name":"Transmorgrifier","floor":36,"gold_loss":0,"cards_obtained":["Limit Break"]}],"is_beta":false,"boss_relics":[{"not_picked":["White Beast Statue","Pandora\u0027s Box"],"picked":"Busted Crown"},{"not_picked":["Runic Cube","Lizard Tail"],"picked":"Sozu"}],"items_purged_floors":[21,38],"is_endless":false,"potions_floor_spawned":[1,10,12,14,16,19,24,27,28,37,39],"killed_by":"Nemesis","ascension_level":0}