{"gold_per_floor":[17,27,27,43,43,69,69,69,69,96,96,108,108,33,33,135,135,150,450,450,146,166,166,166,166,241,261,261,286,306,323,323,425,425,444,457,469,115,115,115,115,115,196,216,216,241,241,257,257,257],"floor_reached":51,"playtime":1373,"items_purged":["Defend_R","Clash+1","Strike_R"],"score":858,"play_id":"191650b7-7b15-4891-93a7-50fdf535b842","local_time":"20190411183051","is_ascension_mode":false,"campfire_choices":[{"data":"1","floor":13.0,"key":"LIFT"},{"data":"2","floor":15.0,"key":"LIFT"},{"data":"3","floor":23.0,"key":"LIFT"},{"data":"Heavy Blade","floor":25.0,"key":"SMITH"},{"data":"Double Tap","floor":28.0,"key":"SMITH"},{"data":"Disarm","floor":32.0,"key":"SMITH"},{"floor":40.0,"key":"REST"},{"floor":42.0,"key":"RECALL"},{"floor":45.0,"key":"REST"},{"floor":47.0,"key":"REST"},{"floor":49.0,"key":"REST"}],"neow_cost":"NO_GOLD","seed_source_timestamp":10195318206774,"circlet_count":0,"master_deck":["Strike_R","Strike_R","Defend_R","Defend_R","Bash+1","Disarm","Inflame+1","Disarm+1","Evolve","Thunderclap","Double Tap+1","Twin Strike","Heavy Blade+1","Burning Pact","Flame Barrier","Infernal Blade+1","Corruption+1","Dark Embrace","Feel No Pain+1","Corruption+1","Inflame","Battle Trance","Discovery","Parasite","Double Tap"],"special_seed":0,"relics":["Burning Blood","Du-Vu Doll","Dead Branch","Unceasing Top","Mummified Hand","Girya","Mark of Pain","Old Coin","Mango","Vajra","Self Forming Clay","Red Mask","Fusion Hammer","Kunai","Gambling Chip"],"potions_floor_usage":[50],"damage_taken":[{"damage":0.0,"enemies":"2 Louse","floor":1.0,"turns":3.0},{"damage":1.0,"enemies":"Jaw Worm","floor":2.0,"turns":6.0},{"damage":0.0,"enemies":"Small Slimes","floor":4.0,"turns":3.0},{"damage":34.0,"enemies":"3 Sentries","floor":6.0,"turns":8.0},{"damage":13.0,"enemies":"Gremlin Nob","floor":10.0,"turns":4.0},{"damage":0.0,"enemies":"Blue Slaver","floor":12.0,"turns":3.0},{"damage":25.0,"enemies":"Slime Boss","floor":16.0,"turns":8.0},{"damage":27.0,"enemies":"Spheric Guardian","floor":18.0,"turns":4.0},{"damage":21.0,"enemies":"2 Thieves","floor":22.0,"turns":3.0},{"damage":12.0,"enemies":"Centurion and Healer","floor":27.0,"turns":4.0},{"damage":0.0,"enemies":"Masked Bandits","floor":29.0,"turns":2.0},{"damage":8.0,"enemies":"Sentry and Sphere","floor":30.0,"turns":3.0},{"damage":12.0,"enemies":"Snake Plant","floor":31.0,"turns":4.0},{"damage":42.0,"enemies":"Collector","floor":33.0,"turns":6.0},{"damage":0.0,"enemies":"3 Shapes","floor":35.0,"turns":3.0},{"damage":0.0,"enemies":"3 Darklings","floor":36.0,"turns":3.0},{"damage":2.0,"enemies":"Sphere and 2 Shapes","floor":37.0,"turns":4.0},{"damage":0.0,"enemies":"Writhing Mass","floor":44.0,"turns":2.0},{"damage":3.0,"enemies":"Nemesis","floor":46.0,"turns":3.0},{"damage":0.0,"enemies":"Jaw Worm Horde","floor":48.0,"turns":2.0},{"damage":14,"enemies":"Awakened One","floor":50,"turns":3}],"seed_played":"7929893998526447841","potions_obtained":[{"floor":1.0,"key":"GamblersBrew"},{"floor":12.0,"key":"Regen Potion"},{"floor":16.0,"key":"Poison Potion"},{"floor":27.0,"key":"BloodPotion"},{"floor":30.0,"key":"Dexterity Potion"},{"floor":33.0,"key":"Fire Potion"},{"floor":35.0,"key":"GamblersBrew"},{"floor":36.0,"key":"Fire Potion"},{"floor":48.0,"key":"Strength Potion"}],"is_trial":false,"path_per_floor":["M","M","?","M","?","E","?","$","T","E","T","M","R","$","R","B",null,"M","?","T","$","M","R","?","R","T","M","R","?","M","M","R","B",null,"M","M","M","$","?","R","?","R","T","M","R","E","R","M","R","B",null],"character_chosen":"IRONCLAD","items_purchased":["Vajra","Twin Strike","Inflame","Battle Trance","Discovery"],"campfire_rested":4,"item_purchase_floors":[21,21,38,38,38],"current_hp_per_floor":[80,80,80,80,73,45,29,29,29,22,22,28,28,28,28,24,80,59,59,73,73,58,58,58,58,58,52,52,67,65,59,59,23,94,94,94,94,94,94,94,94,94,94,94,94,94,94,94,94,86],"gold":257,"neow_bonus":"ONE_RARE_RELIC","is_prod":false,"is_daily":false,"chose_seed":false,"campfire_upgraded":3,"win_rate":0,"timestamp":1555029051,"path_taken":["M","M","?","M","?","E","?","?","T","E","?","?","R","$","R","BOSS","M","?","?","?","M","R","?","R","T","M","R","?","?","M","R","BOSS","M","?","M","$","?","R","?","R","T","M","R","E","R","M","R","BOSS"],"build_version":"2019-01-23","purchased_purges":3,"victory":true,"max_hp_per_floor":[80,80,80,80,80,80,80,80,80,80,80,80,80,80,80,80,80,80,80,94,94,94,94,94,94,94,94,94,94,94,94,94,94,94,94,94,94,94,94,94,94,94,94,94,94,94,94,94,94,94],"card_choices":[{"not_picked":["Sentinel","True Grit"],"picked":"Disarm","floor":1.0},{"not_picked":["Body Slam","Pommel Strike"],"picked":"Clash","floor":2.0},{"not_picked":["Seeing Red","Metallicize"],"picked":"Inflame","floor":4.0},{"not_picked":["Bloodletting","Blood for Blood"],"picked":"Disarm","floor":6.0},{"not_picked":["Sever Soul","Cleave"],"picked":"Evolve","floor":10.0},{"not_picked":["Battle Trance","Spot Weakness"],"picked":"Thunderclap","floor":12.0},{"not_picked":["Dark Embrace","Barricade"],"picked":"Double Tap","floor":16.0},{"not_picked":["Searing Blow","Iron Wave","Sentinel"],"picked":"SKIP","floor":18.0},{"not_picked":["Clash","Anger"],"picked":"Heavy Blade","floor":22.0},{"not_picked":["Clash","Anger","Thunderclap"],"picked":"SKIP","floor":27.0},{"not_picked":["Clothesline","Wild Strike"],"picked":"Infernal Blade+1","floor":29.0},{"not_picked":["Ghostly Armor","Headbutt+1","True Grit"],"picked":"SKIP","floor":30.0},{"not_picked":["Flex","Sword Boomerang+1"],"picked":"Corruption+1","floor":31.0},{"not_picked":["Brutality","Juggernaut"],"picked":"Dark Embrace","floor":33.0},{"not_picked":["Twin Strike","Sword Boomerang+1"],"picked":"Feel No Pain+1","floor":35.0},{"not_picked":["Flex","Barricade"],"picked":"Corruption+1","floor":36.0},{"not_picked":["Intimidate","Body Slam"],"picked":"Heavy Blade","floor":37.0},{"not_picked":["Cleave+1","Pummel","Pommel Strike"],"picked":"SKIP","floor":44.0},{"not_picked":["Clothesline+1","Second Wind+1"],"picked":"Double Tap","floor":46.0},{"not_picked":["Clothesline+1","Iron Wave","Headbutt"],"picked":"SKIP","floor":48.0}],"player_experience":1197008,"relics_obtained":[{"floor":6.0,"key":"Dead Branch"},{"floor":9.0,"key":"Unceasing Top"},{"floor":10.0,"key":"Mummified Hand"},{"floor":11.0,"key":"Girya"},{"floor":20.0,"key":"Mango"},{"floor":26.0,"key":"Self Forming Clay"},{"floor":29.0,"key":"Red Mask"},{"floor":43.0,"key":"Kunai"},{"floor":46.0,"key":"Gambling Chip"}],"event_choices":[{"damage_healed":0.0,"max_hp_gain":0.0,"max_hp_loss":0.0,"gold_gain":0.0,"event_name":"Living Wall","player_choice":"Grow","floor":3.0,"gold_loss":0.0,"damage_taken":0.0,"cards_upgraded":["Bash"]},{"cards_removed":["Defend_R"],"damage_healed":0.0,"max_hp_gain":0.0,"max_hp_loss":0.0,"gold_gain":0.0,"event_name":"Golden Wing","player_choice":"Card Removal","floor":5.0,"gold_loss":0.0,"damage_taken":7.0},{"damage_healed":0.0,"max_hp_gain":0.0,"max_hp_loss":0.0,"gold_gain":0.0,"event_name":"Shining Light","player_choice":"Entered Light","floor":7.0,"gold_loss":0.0,"damage_taken":16.0,"cards_upgraded":["Clash","Inflame"]},{"damage_healed":0.0,"max_hp_gain":0.0,"max_hp_loss":0.0,"gold_gain":0.0,"event_name":"The Mausoleum","player_choice":"Opened","floor":19.0,"gold_loss":0.0,"damage_taken":0.0,"relics_obtained":["Old Coin"]},{"damage_healed":0.0,"max_hp_gain":0.0,"max_hp_loss":0.0,"gold_gain":0.0,"cards_transformed":["Strike_R","Strike_R"],"event_name":"Drug Dealer","player_choice":"Became Test Subject","floor":24.0,"gold_loss":0.0,"damage_taken":0.0,"cards_obtained":["Burning Pact","Flame Barrier"]},{"damage_healed":0.0,"max_hp_gain":0.0,"max_hp_loss":0.0,"gold_gain":0.0,"event_name":"Masked Bandits","player_choice":"Fought Bandits","floor":29.0,"gold_loss":0.0,"damage_taken":0.0},{"damage_healed":0.0,"max_hp_gain":0.0,"max_hp_loss":0.0,"gold_gain":0.0,"event_name":"Mysterious Sphere","player_choice":"Ignored","floor":39.0,"gold_loss":0.0,"damage_taken":0.0},{"cards_removed":["Heavy Blade"],"damage_healed":0.0,"max_hp_gain":0.0,"max_hp_loss":0.0,"gold_gain":0.0,"event_name":"Falling","player_choice":"Removed Attack","floor":41.0,"gold_loss":0.0,"damage_taken":0.0}],"is_beta":false,"boss_relics":[{"not_picked":["Eternal Feather","Lizard Tail"],"picked":"Mark of Pain"},{"not_picked":["Orrery","Black Blood"],"picked":"Fusion Hammer"}],"items_purged_floors":[14,21,38],"is_endless":false,"potions_floor_spawned":[1,12,16,27,30,33,35,36,48],"ascension_level":0}