{"gold_per_floor":[114,194,209,134,134,164,164,194,219,234,251,251,51,66,66,166,166,181,181,31,46,61,61,91,91,116,146,146,176,188,215,227,339,351,378,128,143,243,258,258,258,258,258,273,273,303,0,15,15,15],"floor_reached":51,"playtime":2259,"items_purged":["Reprogram","Doom and Gloom"],"score":843,"play_id":"459bd979-9d6c-4eb2-8274-2999e795f347","local_time":"20190311004037","daily_mods":["Draft","Time Dilation","Elite Swarm"],"is_ascension_mode":false,"campfire_choices":[{"floor":7,"key":"REST"},{"data":"Fusion","floor":12,"key":"SMITH"},{"data":"Genetic Algorithm","floor":15,"key":"SMITH"},{"data":"Seek","floor":23,"key":"SMITH"},{"floor":25,"key":"REST"},{"floor":28,"key":"REST"},{"data":"Turbo","floor":32,"key":"SMITH"},{"data":"Apotheosis","floor":40,"key":"SMITH"},{"data":"Sunder","floor":42,"key":"SMITH"},{"floor":45,"key":"REST"},{"floor":49,"key":"REST"}],"neow_cost":"","seed_source_timestamp":0,"circlet_count":0,"master_deck":["Leap","Streamline","Steam","Genetic Algorithm+1","Turbo+1","Ball Lightning","Conserve Battery","Sunder+1","Gash","Rebound","Reprogram","Electrodynamics","Fusion+1","Seek+1","Gash","Gash+1","Ball Lightning","Gash+1","Apotheosis+1","All For One"],"special_seed":17966,"relics":["Cracked Core","Centennial Puzzle","FossilizedHelix","Ice Cream","Bag of Preparation","Odd Mushroom","Lee\u0027s Waffle","Eternal Feather","Darkstone Periapt","Boot","Pen Nib","Omamori","Prayer Wheel","MawBank","Empty Cage","StoneCalendar","Unceasing Top","Shuriken","Red Mask"],"potions_floor_usage":[33,33,35,41,50,50],"damage_taken":[{"damage":0,"enemies":"2 Louse","floor":1,"turns":2},{"damage":11,"enemies":"Jaw Worm","floor":3,"turns":3},{"damage":27,"enemies":"Gremlin Nob","floor":6,"turns":4},{"damage":13,"enemies":"Lagavulin","floor":8,"turns":4},{"damage":0,"enemies":"Cultist","floor":10,"turns":2},{"damage":0,"enemies":"The Mushroom Lair","floor":11,"turns":2},{"damage":0,"enemies":"Red Slaver","floor":14,"turns":1},{"damage":31,"enemies":"The Guardian","floor":16,"turns":7},{"damage":8,"enemies":"Chosen","floor":18,"turns":4},{"damage":12,"enemies":"Shell Parasite","floor":21,"turns":4},{"damage":7,"enemies":"Snake Plant","floor":22,"turns":3},{"damage":25,"enemies":"Gremlin Leader","floor":24,"turns":4},{"damage":24,"enemies":"Book of Stabbing","floor":27,"turns":3},{"damage":0,"enemies":"Gremlin Leader","floor":29,"turns":4},{"damage":0,"enemies":"Chosen and Byrds","floor":31,"turns":3},{"damage":0,"enemies":"Collector","floor":33,"turns":5},{"damage":0,"enemies":"3 Darklings","floor":35,"turns":2},{"damage":9,"enemies":"3 Shapes","floor":37,"turns":2},{"damage":0,"enemies":"Mind Bloom Boss Battle","floor":38,"turns":4},{"damage":16,"enemies":"3 Darklings","floor":39,"turns":3},{"damage":0,"enemies":"Spire Growth","floor":41,"turns":1},{"damage":25,"enemies":"Sphere and 2 Shapes","floor":44,"turns":3},{"damage":45,"enemies":"Giant Head","floor":46,"turns":8},{"damage":10,"enemies":"Writhing Mass","floor":48,"turns":4},{"damage":37,"enemies":"Donu and Deca","floor":50,"turns":6}],"seed_played":"-4617565889114114574","potions_obtained":[{"floor":1,"key":"Energy Potion"},{"floor":6,"key":"PowerPotion"},{"floor":10,"key":"Weak Potion"},{"floor":14,"key":"AttackPotion"},{"floor":33,"key":"SmokeBomb"},{"floor":39,"key":"Poison Potion"},{"floor":44,"key":"Strength Potion"}],"is_trial":false,"path_per_floor":["M","?","M","$","?","E","R","E","T","M","?","R","$","M","R","B",null,"M","T","$","M","M","R","E","R","T","E","R","E","?","M","R","B",null,"M","$","M","?","M","R","M","R","T","M","R","E","?","M","R","B",null],"character_chosen":"DEFECT","items_purchased":["Lee\u0027s Waffle","Boot","Apotheosis"],"campfire_rested":5,"item_purchase_floors":[13,20,36],"current_hp_per_floor":[75,75,64,64,61,34,56,43,43,43,43,43,82,82,82,51,82,74,74,74,62,55,64,39,72,72,48,81,81,81,81,82,82,82,82,82,73,73,57,66,66,75,75,50,82,37,37,27,63,26],"gold":15,"neow_bonus":"","is_prod":false,"is_daily":true,"chose_seed":false,"campfire_upgraded":6,"win_rate":0,"timestamp":1552279237,"path_taken":["M","?","M","$","?","E","R","E","T","M","?","R","?","M","R","BOSS","M","?","$","?","M","R","E","R","T","E","R","E","?","M","R","BOSS","M","$","M","?","M","R","M","R","T","M","R","E","?","M","R","BOSS"],"build_version":"2019-01-23","purchased_purges":2,"victory":true,"max_hp_per_floor":[75,75,75,75,75,75,75,75,75,75,75,75,82,82,82,82,82,82,82,82,82,82,82,82,82,82,82,82,82,82,82,82,82,82,82,82,82,82,82,82,82,82,82,82,82,82,82,82,82,82],"card_choices":[{"not_picked":["Storm","Barrage"],"picked":"Beam Cell","floor":0},{"not_picked":["Undo","Force Field"],"picked":"Leap","floor":0},{"not_picked":["Beam Cell","Turbo"],"picked":"Streamline","floor":0},{"not_picked":["Reinforced Body","Compile Driver"],"picked":"Steam","floor":0},{"not_picked":["Stack","Redo"],"picked":"Genetic Algorithm","floor":0},{"not_picked":["Storm","Coolheaded"],"picked":"Turbo","floor":0},{"not_picked":["Beam Cell","Capacitor"],"picked":"Rebound","floor":0},{"not_picked":["Aggregate","Go for the Eyes"],"picked":"Ball Lightning","floor":0},{"not_picked":["Rip and Tear","Melter"],"picked":"Conserve Battery","floor":0},{"not_picked":["Sweeping Beam","Aggregate"],"picked":"Reprogram","floor":0},{"not_picked":["Redo","Self Repair"],"picked":"Doom and Gloom","floor":0},{"not_picked":["Barrage","Reinforced Body"],"picked":"Sunder","floor":0},{"not_picked":["Genetic Algorithm","Sweeping Beam"],"picked":"Gash","floor":0},{"not_picked":["Turbo","Loop"],"picked":"Rebound","floor":0},{"not_picked":["Beam Cell","Cold Snap"],"picked":"Reprogram","floor":0},{"not_picked":["Redo","Coolheaded","Cold Snap"],"picked":"SKIP","floor":1},{"not_picked":["Blizzard","Turbo","Chaos"],"picked":"SKIP","floor":3},{"not_picked":["Machine Learning","Seek"],"picked":"Electrodynamics","floor":6},{"not_picked":["Rainbow","Thunder Strike","All For One"],"picked":"SKIP","floor":8},{"not_picked":["Rebound","Go for the Eyes","Fusion"],"picked":"SKIP","floor":10},{"not_picked":["Rebound","Go for the Eyes"],"picked":"Fusion","floor":10},{"not_picked":["Cold Snap","Compile Driver","Fusion"],"picked":"SKIP","floor":14},{"not_picked":["Amplify","Fission"],"picked":"Seek","floor":16},{"not_picked":["Leap","Glacier","Ball Lightning"],"picked":"SKIP","floor":18},{"not_picked":["Beam Cell","Turbo+1"],"picked":"Gash","floor":21},{"not_picked":["Go for the Eyes","Rebound"],"picked":"Gash+1","floor":22},{"not_picked":["Thunder Strike","Echo Form","Creative AI"],"picked":"SKIP","floor":24},{"not_picked":["Seek","Meteor Strike","Biased Cognition"],"picked":"SKIP","floor":27},{"not_picked":["Thunder Strike","Seek","Amplify"],"picked":"SKIP","floor":29},{"not_picked":["Reprogram","Steam"],"picked":"Ball Lightning","floor":31},{"not_picked":["Force Field","BootSequence+1"],"picked":"Gash+1","floor":31},{"not_picked":["Compile Driver","Barrage","Turbo"],"picked":"SKIP","floor":35},{"not_picked":["Turbo+1","Rip and Tear","Cold Snap+1"],"picked":"SKIP","floor":35},{"not_picked":["Double Energy+1","Defragment+1","Leap"],"picked":"SKIP","floor":37},{"not_picked":["Compile Driver+1","Capacitor","Beam Cell"],"picked":"SKIP","floor":37},{"not_picked":["Barrage+1","Auto Shields+1","Ball Lightning"],"picked":"SKIP","floor":39},{"not_picked":["Steam","Sweeping Beam","Ball Lightning+1"],"picked":"SKIP","floor":39},{"not_picked":["Ball Lightning+1","Tempest+1","Steam Power"],"picked":"SKIP","floor":44},{"not_picked":["Self Repair","Steam Power+1","Glacier+1"],"picked":"SKIP","floor":44},{"not_picked":["All For One","Machine Learning","Hyperbeam"],"picked":"SKIP","floor":46},{"not_picked":["Machine Learning","Hyperbeam"],"picked":"All For One","floor":46},{"not_picked":["Defragment+1","Coolheaded+1","Redo+1"],"picked":"SKIP","floor":48},{"not_picked":["Glacier+1","Beam Cell+1","Defragment+1"],"picked":"SKIP","floor":48}],"player_experience":409365,"relics_obtained":[{"floor":6,"key":"FossilizedHelix"},{"floor":8,"key":"Ice Cream"},{"floor":9,"key":"Bag of Preparation"},{"floor":11,"key":"Odd Mushroom"},{"floor":19,"key":"Darkstone Periapt"},{"floor":24,"key":"Pen Nib"},{"floor":26,"key":"Omamori"},{"floor":27,"key":"Prayer Wheel"},{"floor":29,"key":"MawBank"},{"floor":38,"key":"StoneCalendar"},{"floor":43,"key":"Unceasing Top"},{"floor":46,"key":"Shuriken"}],"event_choices":[{"damage_healed":0,"gold_gain":80,"player_choice":"Gained Gold","damage_taken":0,"max_hp_gain":0,"max_hp_loss":0,"event_name":"Golden Wing","floor":2,"gold_loss":0},{"damage_healed":0,"gold_gain":0,"player_choice":"Success","damage_taken":3,"relics_obtained":["Centennial Puzzle"],"max_hp_gain":0,"max_hp_loss":0,"event_name":"Scrap Ooze","floor":5,"gold_loss":0},{"damage_healed":0,"gold_gain":0,"player_choice":"Fought Mushrooms","damage_taken":0,"max_hp_gain":0,"max_hp_loss":0,"event_name":"Mushrooms","floor":11,"gold_loss":0},{"damage_healed":0,"gold_gain":0,"player_choice":"Ignored","damage_taken":0,"max_hp_gain":0,"max_hp_loss":0,"event_name":"Ghosts","floor":30,"gold_loss":0},{"damage_healed":0,"gold_gain":0,"player_choice":"Fight","damage_taken":0,"max_hp_gain":0,"max_hp_loss":0,"event_name":"MindBloom","floor":38,"gold_loss":0},{"damage_healed":0,"gold_gain":0,"player_choice":"Paid","damage_taken":0,"relics_obtained":["Red Mask"],"max_hp_gain":0,"max_hp_loss":0,"event_name":"Tomb of Lord Red Mask","floor":47,"gold_loss":303}],"is_beta":false,"boss_relics":[{"not_picked":["Philosopher\u0027s Stone","Coffee Dripper"],"picked":"Eternal Feather"},{"not_picked":["Nuclear Battery","Lizard Tail"],"picked":"Empty Cage"}],"items_purged_floors":[4,36],"is_endless":false,"potions_floor_spawned":[1,6,10,14,18,24,33,39,44],"ascension_level":0}