{"gold_per_floor":[117,192,211,211,223,253,273,17,17,34,34,59,59,59,59,164,494,507,507,606,332,147,147],"floor_reached":23,"playtime":1286,"items_purged":["Doubt","Injury"],"score":227,"play_id":"c20c819e-fe3b-44bd-998e-ad4ebba3ac3f","local_time":"20190314004134","is_ascension_mode":true,"campfire_choices":[{"floor":11,"key":"REST"},{"floor":13,"key":"REST"},{"floor":15,"key":"REST"}],"neow_cost":"NONE","seed_source_timestamp":15455827864467,"circlet_count":0,"master_deck":["Strike_R","Strike_R","Strike_R","Strike_R","Strike_R","Defend_R","Defend_R","Defend_R+1","Defend_R+1","Bash","Headbutt","Inflame","Shrug It Off","Armaments","Flex","Warcry","Limit Break","Dropkick","Battle Trance","Bandage Up"],"relics":["Burning Blood","Blood Vial","Dream Catcher","MealTicket","Omamori","Dodecahedron","Calling Bell","Tiny Chest","Mummified Hand","Old Coin","Lee\u0027s Waffle"],"potions_floor_usage":[23],"damage_taken":[{"damage":11,"enemies":"Cultist","floor":1,"turns":4},{"damage":8,"enemies":"Small Slimes","floor":3,"turns":4},{"damage":4,"enemies":"Jaw Worm","floor":5,"turns":3},{"damage":24,"enemies":"Gremlin Nob","floor":6,"turns":4},{"damage":23,"enemies":"Lots of Slimes","floor":7,"turns":6},{"damage":7,"enemies":"2 Fungi Beasts","floor":10,"turns":4},{"damage":39,"enemies":"3 Sentries","floor":12,"turns":12},{"damage":52,"enemies":"Slime Boss","floor":16,"turns":12},{"damage":38,"enemies":"Spheric Guardian","floor":18,"turns":6},{"damage":94,"enemies":"Book of Stabbing","floor":23,"turns":7}],"seed_played":"3706557251816142867","potions_obtained":[{"floor":1,"key":"SpeedPotion"},{"floor":7,"key":"Swift Potion"},{"floor":18,"key":"AttackPotion"}],"is_trial":false,"path_per_floor":["M","?","M","?","M","E","M","$","T","M","R","E","R","?","R","B",null,"M","?","?","$","$","E"],"character_chosen":"IRONCLAD","items_purchased":["Flex","MealTicket","Lee\u0027s Waffle","Bandage Up"],"campfire_rested":3,"item_purchase_floors":[8,8,21,22],"current_hp_per_floor":[75,64,64,48,52,36,21,21,21,22,46,15,39,59,80,34,80,48,48,48,87,87,0],"gold":147,"neow_bonus":"RANDOM_COMMON_RELIC","is_prod":false,"is_daily":false,"chose_seed":false,"campfire_upgraded":0,"win_rate":0,"timestamp":1552538494,"path_taken":["M","?","M","?","M","E","M","?","T","?","R","E","R","?","R","BOSS","M","?","?","?","$","E"],"build_version":"2019-01-23","purchased_purges":2,"victory":false,"max_hp_per_floor":[80,80,80,80,80,80,80,80,80,80,80,80,80,80,80,80,80,80,80,80,87,87,87],"card_choices":[{"not_picked":["Uppercut","Twin Strike","Thunderclap"],"picked":"SKIP","floor":1},{"not_picked":["Clothesline","Perfected Strike"],"picked":"Headbutt","floor":3},{"not_picked":["Body Slam","Armaments"],"picked":"Inflame","floor":5},{"not_picked":["Pommel Strike","Corruption"],"picked":"Shrug It Off","floor":6},{"not_picked":["Twin Strike","Power Through"],"picked":"Armaments","floor":7},{"not_picked":["Exhume","Wild Strike","Sever Soul"],"picked":"SKIP","floor":10},{"not_picked":["True Grit","Burning Pact"],"picked":"Warcry","floor":11},{"not_picked":["True Grit","Fire Breathing","Sword Boomerang"],"picked":"SKIP","floor":12},{"not_picked":["Barricade","Double Tap"],"picked":"Limit Break","floor":16},{"not_picked":["Wild Strike","Flex"],"picked":"Dropkick","floor":18}],"player_experience":126273,"relics_obtained":[{"floor":6,"key":"Dream Catcher"},{"floor":9,"key":"Omamori"},{"floor":12,"key":"Dodecahedron"},{"floor":17,"key":"Tiny Chest"},{"floor":17,"key":"Mummified Hand"},{"floor":17,"key":"Old Coin"}],"event_choices":[{"damage_healed":0,"gold_gain":75,"player_choice":"Gather Gold","damage_taken":11,"max_hp_gain":0,"max_hp_loss":0,"event_name":"World of Goop","floor":2,"gold_loss":0},{"damage_healed":0,"gold_gain":0,"player_choice":"Entered Light","damage_taken":16,"max_hp_gain":0,"max_hp_loss":0,"event_name":"Shining Light","floor":4,"gold_loss":0,"cards_upgraded":["Defend_R","Defend_R"]},{"damage_healed":20,"gold_gain":0,"player_choice":"Healed and dodged fight","damage_taken":0,"max_hp_gain":0,"max_hp_loss":0,"event_name":"Mushrooms","floor":14,"gold_loss":0,"cards_obtained":["Parasite"]},{"damage_healed":0,"gold_gain":0,"player_choice":"Read","damage_taken":0,"max_hp_gain":0,"max_hp_loss":0,"event_name":"The Library","floor":19,"gold_loss":0,"cards_obtained":["Battle Trance"]},{"damage_healed":0,"gold_gain":99,"player_choice":"Stole From Cult","damage_taken":0,"max_hp_gain":0,"max_hp_loss":0,"event_name":"Nest","floor":20,"gold_loss":0}],"is_beta":false,"boss_relics":[{"not_picked":["Snecko Eye","Black Blood"],"picked":"Calling Bell"}],"items_purged_floors":[21,22],"is_endless":false,"potions_floor_spawned":[1,7,18],"killed_by":"Book of Stabbing","ascension_level":3}