{"gold_per_floor":[11,27,102,102,116,141,141,166,166,183,183,195,195,195,195,290,290,308,308,308,326,326,326,361,379,379,379,396,411,442,367,367,471,471,488,298,298,398,410,410,444,444,498,498,510,524,541,575,575,575],"floor_reached":51,"playtime":3539,"items_purged":[],"score":730,"play_id":"6b3f6529-8f8a-4a84-95e6-723b5c266c41","local_time":"20190316015951","is_ascension_mode":false,"campfire_choices":[{"floor":7.0,"key":"REST"},{"floor":11.0,"key":"REST"},{"data":"Defragment","floor":13.0,"key":"SMITH"},{"floor":15.0,"key":"REST"},{"data":"White Noise","floor":23,"key":"SMITH"},{"floor":27,"key":"REST"},{"data":"White Noise","floor":32,"key":"SMITH"},{"data":"Capacitor","floor":40,"key":"SMITH"},{"data":"Creative AI","floor":42,"key":"SMITH"},{"data":"Self Repair","floor":44,"key":"SMITH"},{"data":"Storm","floor":49,"key":"SMITH"}],"neow_cost":"NO_GOLD","seed_source_timestamp":0,"circlet_count":0,"master_deck":["Defend_B","Defend_B","Zap","Dualcast","Electrodynamics+1","Ball Lightning","Ball Lightning","Defragment+1","White Noise+1","Redo","Conserve Battery","Chill","Reboot","Barrage","White Noise+1","Chill+1","Amplify+1","Steam+1","Loop+1","Chaos+1","Self Repair+1","Capacitor+1","Storm+1","Creative AI+1"],"special_seed":0,"relics":["Cracked Core","Torii","Bird Faced Urn","Regal Pillow","Ice Cream","Black Star","Oddly Smooth Stone","Pen Nib","FossilizedHelix","Toxic Egg 2","Juzu Bracelet","Astrolabe","Happy Flower","WingedGreaves","Bronze Scales","Pantograph","Vajra","Calipers","Strawberry"],"potions_floor_usage":[24,25,30,30,50],"damage_taken":[{"damage":7.0,"enemies":"Small Slimes","floor":1.0,"turns":2.0},{"damage":3.0,"enemies":"Jaw Worm","floor":2.0,"turns":3.0},{"damage":1.0,"enemies":"2 Louse","floor":5.0,"turns":2.0},{"damage":21.0,"enemies":"Gremlin Nob","floor":6.0,"turns":4.0},{"damage":11.0,"enemies":"3 Sentries","floor":8.0,"turns":3.0},{"damage":22.0,"enemies":"Exordium Thugs","floor":10.0,"turns":4.0},{"damage":10.0,"enemies":"Looter","floor":12.0,"turns":3.0},{"damage":18.0,"enemies":"The Guardian","floor":16.0,"turns":9.0},{"damage":8,"enemies":"Shell Parasite","floor":18,"turns":4},{"damage":1,"enemies":"Spheric Guardian","floor":21,"turns":3},{"damage":45,"enemies":"Book of Stabbing","floor":24,"turns":5},{"damage":8,"enemies":"Shelled Parasite and Fungi","floor":25,"turns":7},{"damage":26,"enemies":"Snecko","floor":28,"turns":5},{"damage":0,"enemies":"3 Cultists","floor":29,"turns":3},{"damage":7,"enemies":"Gremlin Leader","floor":30,"turns":6},{"damage":42,"enemies":"Collector","floor":33,"turns":7},{"damage":17,"enemies":"3 Darklings","floor":35,"turns":4},{"damage":0,"enemies":"Mind Bloom Boss Battle","floor":38,"turns":4},{"damage":13,"enemies":"Orb Walker","floor":39,"turns":3},{"damage":13,"enemies":"Nemesis","floor":41,"turns":5},{"damage":0,"enemies":"Transient","floor":45,"turns":5},{"damage":0,"enemies":"Jaw Worm Horde","floor":46,"turns":3},{"damage":50,"enemies":"Spire Growth","floor":47,"turns":4},{"damage":11,"enemies":"Giant Head","floor":48,"turns":7},{"damage":68,"enemies":"Time Eater","floor":50,"turns":8}],"seed_played":"6098856534260515372","potions_obtained":[{"floor":1.0,"key":"Weak Potion"},{"floor":6.0,"key":"PowerPotion"},{"floor":10.0,"key":"Dexterity Potion"},{"floor":16.0,"key":"Energy Potion"},{"floor":18,"key":"Explosive Potion"},{"floor":24,"key":"Weak Potion"},{"floor":25,"key":"Explosive Potion"},{"floor":30,"key":"Energy Potion"},{"floor":35,"key":"GamblersBrew"},{"floor":38,"key":"Poison Potion"},{"floor":48,"key":"Fire Potion"}],"is_trial":false,"path_per_floor":["M","M","?","?","M","E","R","E","T","M","R","M","R","?","R","B",null,"M","?","?","M","?","R","E","M","T","R","M","M","E","?","R","B",null,"M","$","?","?","M","R","E","R","T","R","M","M","M","E","R","B",null],"character_chosen":"DEFECT","items_purchased":["Happy Flower","Self Repair"],"campfire_rested":4,"item_purchase_floors":[36,36],"current_hp_per_floor":[68,65,54,42,41,20,42,37,37,21,58,54,54,47,75,59,75,71,71,71,74,74,74,32,46,46,75,49,53,54,54,54,20,75,62,62,62,75,70,70,73,73,73,73,75,75,53,82,82,52],"gold":575,"neow_bonus":"THREE_RARE_CARDS","is_prod":false,"is_daily":false,"chose_seed":false,"campfire_upgraded":7,"win_rate":0.0,"timestamp":1552715991,"path_taken":["M","M","?","?","M","E","R","E","T","M","R","M","R","?","R","BOSS","M","?","?","?","?","R","E","M","T","R","?","M","E","?","R","BOSS","M","$","?","?","M","R","E","R","T","R","M","M","M","E","R","BOSS"],"build_version":"2019-01-23","purchased_purges":0,"victory":true,"max_hp_per_floor":[75,75,75,75,75,75,75,75,75,75,75,75,75,75,75,75,75,75,75,75,75,75,75,75,75,75,75,75,75,75,75,75,75,75,75,75,75,75,75,75,75,75,75,75,75,75,75,82,82,82],"card_choices":[{"not_picked":["Buffer","Reboot"],"picked":"Electrodynamics","floor":0.0},{"not_picked":["Tempest","Cold Snap"],"picked":"Ball Lightning","floor":1.0},{"not_picked":["Blizzard","FTL"],"picked":"Ball Lightning","floor":2.0},{"not_picked":["Steam Power","Conserve Battery"],"picked":"Defragment","floor":5.0},{"not_picked":["Defragment","Steam"],"picked":"White Noise","floor":6.0},{"not_picked":["Stack","Ball Lightning"],"picked":"Redo","floor":8.0},{"not_picked":["Force Field","Beam Cell"],"picked":"Conserve Battery","floor":10.0},{"not_picked":["Hologram","Thunder Strike"],"picked":"Chill","floor":12.0},{"not_picked":["Rainbow","Electrodynamics"],"picked":"Reboot","floor":16.0},{"not_picked":["Beam Cell","Ball Lightning"],"picked":"Barrage","floor":18},{"not_picked":["Compile Driver","Streamline","Doom and Gloom"],"picked":"SKIP","floor":21},{"not_picked":["Cold Snap","Buffer"],"picked":"White Noise","floor":24},{"not_picked":["Cold Snap","Stack"],"picked":"Chill+1","floor":25},{"not_picked":["Tempest","Stack+1","Compile Driver"],"picked":"SKIP","floor":28},{"not_picked":["Double Energy","Go for the Eyes","Redo"],"picked":"SKIP","floor":29},{"not_picked":["Beam Cell+1","Go for the Eyes","Ball Lightning"],"picked":"SKIP","floor":30},{"not_picked":["Electrodynamics","Thunder Strike"],"picked":"Amplify+1","floor":33},{"not_picked":["Cold Snap","Blizzard","Compile Driver"],"picked":"SKIP","floor":35},{"not_picked":["Stack+1","Go for the Eyes+1"],"picked":"Capacitor","floor":38},{"not_picked":["Redo+1","Leap+1"],"picked":"Storm","floor":39},{"not_picked":["Fusion+1","Barrage"],"picked":"Creative AI","floor":41},{"not_picked":["Sweeping Beam+1","Darkness+1","Gash"],"picked":"SKIP","floor":45},{"not_picked":["Double Energy+1","Leap+1","Redo+1"],"picked":"SKIP","floor":46},{"not_picked":["Blizzard","Beam Cell","Genetic Algorithm+1"],"picked":"SKIP","floor":47},{"not_picked":["Rip and Tear","Barrage","Steam+1"],"picked":"SKIP","floor":48}],"player_experience":146606,"relics_obtained":[{"floor":6.0,"key":"Bird Faced Urn"},{"floor":8.0,"key":"Regal Pillow"},{"floor":9.0,"key":"Ice Cream"},{"floor":24,"key":"Oddly Smooth Stone"},{"floor":24,"key":"Pen Nib"},{"floor":26,"key":"FossilizedHelix"},{"floor":30,"key":"Toxic Egg 2"},{"floor":30,"key":"Juzu Bracelet"},{"floor":38,"key":"WingedGreaves"},{"floor":41,"key":"Bronze Scales"},{"floor":41,"key":"Pantograph"},{"floor":43,"key":"Vajra"},{"floor":48,"key":"Calipers"},{"floor":48,"key":"Strawberry"}],"event_choices":[{"damage_healed":0.0,"max_hp_gain":0.0,"max_hp_loss":0.0,"gold_gain":75.0,"event_name":"World of Goop","player_choice":"Gather Gold","floor":3.0,"gold_loss":0.0,"damage_taken":11.0},{"damage_healed":0.0,"max_hp_gain":0.0,"max_hp_loss":0.0,"gold_gain":0.0,"event_name":"Scrap Ooze","player_choice":"Success","floor":4.0,"gold_loss":0.0,"damage_taken":12.0,"relics_obtained":["Torii"]},{"cards_removed":["Strike_B"],"damage_healed":0.0,"max_hp_gain":0.0,"max_hp_loss":0.0,"gold_gain":0.0,"event_name":"Golden Wing","player_choice":"Card Removal","floor":14.0,"gold_loss":0.0,"damage_taken":7.0},{"damage_healed":0,"gold_gain":0,"player_choice":"Ignored","damage_taken":0,"max_hp_gain":0,"max_hp_loss":0,"event_name":"Vampires","floor":19,"gold_loss":0},{"cards_removed":["Strike_B"],"damage_healed":0,"gold_gain":0,"player_choice":"Offered Basic","damage_taken":0,"max_hp_gain":0,"max_hp_loss":0,"event_name":"Bonfire Elementals","floor":20,"gold_loss":0},{"damage_healed":0,"gold_gain":0,"player_choice":"Forge","damage_taken":0,"max_hp_gain":0,"max_hp_loss":0,"event_name":"Accursed Blacksmith","floor":22,"gold_loss":0,"cards_upgraded":["Electrodynamics"]},{"cards_removed":["Strike_B"],"damage_healed":0,"gold_gain":0,"player_choice":"Gave Gold","damage_taken":0,"max_hp_gain":0,"max_hp_loss":0,"event_name":"Beggar","floor":31,"gold_loss":75},{"damage_healed":0,"gold_gain":0,"player_choice":"Ignored","damage_taken":0,"max_hp_gain":0,"max_hp_loss":0,"event_name":"Tomb of Lord Red Mask","floor":37,"gold_loss":0},{"damage_healed":0,"gold_gain":0,"player_choice":"Fight","damage_taken":0,"max_hp_gain":0,"max_hp_loss":0,"event_name":"MindBloom","floor":38,"gold_loss":0}],"is_beta":false,"boss_relics":[{"not_picked":["FrozenCore","Nuclear Battery"],"picked":"Black Star"},{"not_picked":["Velvet Choker","Philosopher\u0027s Stone"],"picked":"Astrolabe"}],"items_purged_floors":[],"is_endless":false,"potions_floor_spawned":[1,6,10,16,18,24,25,30,35,38,48],"ascension_level":0}