{"gold_per_floor":[114,131,131,149,159,159,159,159,159,173,186,199,215,61,61,61],"floor_reached":16,"playtime":577,"items_purged":["Strike_G"],"score":96,"play_id":"deac989a-b64b-4b37-aeac-4586ca583fd7","local_time":"20180704222224","is_ascension_mode":false,"campfire_choices":[{"data":"Poisoned Stab","floor":6,"key":"SMITH"},{"data":"Outmaneuver","floor":8,"key":"SMITH"},{"data":"Wraith Form v2","floor":15,"key":"SMITH"}],"neow_cost":"","seed_source_timestamp":42531936902772,"circlet_count":0,"master_deck":["Defend_G","Defend_G","Defend_G","Defend_G","Defend_G","Strike_G","Strike_G","Strike_G","Strike_G","Survivor","Neutralize","Poisoned Stab+1","Backflip","Outmaneuver+1","Wraith Form v2+1","Cloak And Dagger+1","Infinite Blades"],"relics":["Ring of the Snake","Mercury Hourglass","Toxic Egg 2"],"potions_floor_usage":[16,16],"damage_taken":[{"damage":4,"enemies":"Cultist","floor":1,"turns":5},{"damage":0,"enemies":"Small Slimes","floor":2,"turns":4},{"damage":3,"enemies":"Jaw Worm","floor":4,"turns":4},{"damage":6,"enemies":"3 Louse","floor":5,"turns":3},{"damage":1,"enemies":"2 Fungi Beasts","floor":10,"turns":4},{"damage":10,"enemies":"Lots of Slimes","floor":11,"turns":3},{"damage":4,"enemies":"Blue Slaver","floor":12,"turns":3},{"damage":3,"enemies":"3 Louse","floor":13,"turns":3},{"damage":60,"enemies":"The Guardian","floor":16,"turns":8}],"seed_played":"-7014426204453910937","potions_obtained":[{"floor":1,"key":"GhostInAJar"},{"floor":5,"key":"GamblersBrew"}],"is_trial":false,"path_per_floor":["M","M","?","M","M","R","?","R","T","M","M","M","M","$","R"],"character_chosen":"THE_SILENT","items_purchased":["Infinite Blades"],"campfire_rested":0,"item_purchase_floors":[14],"current_hp_per_floor":[66,66,59,56,50,50,70,70,70,69,59,55,52,52,52,0],"gold":61,"neow_bonus":"","is_prod":false,"is_daily":false,"chose_seed":false,"campfire_upgraded":3,"win_rate":0,"timestamp":1530757344,"path_taken":["M","M","?","M","M","R","?","R","T","M","M","?","M","$","R","BOSS"],"build_version":"2018-06-28","purchased_purges":1,"victory":false,"max_hp_per_floor":[70,70,70,70,70,70,70,70,70,70,70,70,70,70,70,70],"card_choices":[{"not_picked":["Caltrops","Dagger Throw","Deadly Poison"],"picked":"SKIP","floor":1},{"not_picked":["Dagger Spray","Slice"],"picked":"Poisoned Stab","floor":2},{"not_picked":["Sucker Punch","Finisher"],"picked":"Backflip","floor":4},{"not_picked":["Flying Knee","Deadly Poison"],"picked":"Outmaneuver","floor":5},{"not_picked":["Sucker Punch","Endless Agony"],"picked":"Wraith Form v2","floor":10},{"not_picked":["Quick Slash","Predator"],"picked":"Cloak And Dagger+1","floor":11},{"not_picked":["Leg Sweep+1","Deadly Poison+1","Quick Slash"],"picked":"SKIP","floor":12},{"not_picked":["Dagger Throw","Slice","Bane"],"picked":"SKIP","floor":13}],"player_experience":194830,"relics_obtained":[{"floor":9,"key":"Toxic Egg 2"}],"event_choices":[{"event_name":"Scrap Ooze","player_choice":"success","floor":3,"damage_taken":7},{"event_name":"Big Fish","player_choice":"Banana","floor":7,"damage_taken":0}],"boss_relics":[],"items_purged_floors":[14],"is_endless":false,"potions_floor_spawned":[1,5],"killed_by":"The Guardian","ascension_level":0}