{"gold_per_floor":[110,127,97,111,111,111,139,101,127,52,77,6,6,20,20,119,119,129,79,79,19,19,19,19],"floor_reached":24,"playtime":1048,"items_purged":["Regret"],"score":230,"play_id":"ec7fcced-1f37-403b-b9e3-a3a829951cdf","local_time":"20190314141234","is_ascension_mode":true,"campfire_choices":[{"floor":13,"key":"REST"},{"data":"Armaments","floor":15,"key":"SMITH"},{"data":"Limit Break","floor":23,"key":"SMITH"}],"neow_cost":"NONE","seed_source_timestamp":64364392716902,"circlet_count":0,"master_deck":["Strike_R","Strike_R","Strike_R","Strike_R","Strike_R","Defend_R","Defend_R","Defend_R","Defend_R","Bash","Metallicize","Impervious","Limit Break+1","Evolve+1","Entrench","Metallicize+1","Armaments+1","Juggernaut+1","Flex","Headbutt","Armaments+1"],"relics":["Burning Blood","NeowsBlessing","Bag of Marbles","Frozen Egg 2","Prayer Wheel","Dream Catcher","Vajra","Runic Cube"],"potions_floor_usage":[11,11,16,16],"damage_taken":[{"damage":0,"enemies":"Small Slimes","floor":1,"turns":1},{"damage":0,"enemies":"Cultist","floor":2,"turns":1},{"damage":0,"enemies":"2 Louse","floor":4,"turns":2},{"damage":49,"enemies":"3 Sentries","floor":7,"turns":13},{"damage":32,"enemies":"Lagavulin","floor":11,"turns":6},{"damage":5,"enemies":"Blue Slaver","floor":14,"turns":5},{"damage":22,"enemies":"Slime Boss","floor":16,"turns":11},{"damage":17,"enemies":"Chosen","floor":18,"turns":6},{"damage":9,"enemies":"2 Thieves","floor":21,"turns":4},{"damage":70,"enemies":"Gremlin Leader","floor":24,"turns":6}],"seed_played":"8185875192692713600","potions_obtained":[{"floor":2,"key":"Fire Potion"},{"floor":3,"key":"Dexterity Potion"},{"floor":3,"key":"Strength Potion"},{"floor":7,"key":"FearPotion"},{"floor":11,"key":"Poison Potion"},{"floor":16,"key":"Dexterity Potion"}],"is_trial":false,"path_per_floor":["M","M","?","M","?","?","E","?","T","$","E","$","R","M","R","B",null,"M","?","$","M","$","R","E"],"character_chosen":"IRONCLAD","items_purchased":["Entrench"],"campfire_rested":1,"item_purchase_floors":[12],"current_hp_per_floor":[80,80,80,80,80,77,34,34,34,34,8,8,32,33,33,17,80,69,69,69,66,66,66,0],"gold":19,"neow_bonus":"THREE_ENEMY_KILL","is_prod":false,"is_daily":false,"chose_seed":false,"campfire_upgraded":2,"win_rate":0,"timestamp":1552587154,"path_taken":["M","M","?","?","?","?","E","?","T","$","E","?","R","M","R","BOSS","M","?","$","?","?","R","E"],"build_version":"2019-01-23","purchased_purges":1,"victory":false,"max_hp_per_floor":[80,80,80,80,80,80,80,80,80,80,80,80,80,80,80,80,80,80,80,80,80,80,80,80],"card_choices":[{"not_picked":["Sword Boomerang","Blood for Blood","Rage"],"picked":"SKIP","floor":1},{"not_picked":["Sword Boomerang","Cleave"],"picked":"Metallicize","floor":2},{"not_picked":["Body Slam","Infernal Blade"],"picked":"Impervious","floor":4},{"not_picked":["Body Slam","Pommel Strike"],"picked":"Limit Break","floor":7},{"not_picked":["Feel No Pain+1","Searing Blow"],"picked":"Evolve+1","floor":11},{"not_picked":["Dropkick","Combust+1"],"picked":"Metallicize+1","floor":13},{"not_picked":["Warcry","True Grit"],"picked":"Armaments","floor":14},{"not_picked":["Iron Wave","Sword Boomerang","Perfected Strike"],"picked":"SKIP","floor":14},{"not_picked":["Brutality+1","Demon Form+1"],"picked":"Juggernaut+1","floor":16},{"not_picked":["Anger","Cleave"],"picked":"Flex","floor":18},{"not_picked":["Armaments","Second Wind"],"picked":"Headbutt","floor":18},{"not_picked":["Thunderclap+1","Disarm"],"picked":"Armaments+1","floor":21},{"not_picked":["Warcry+1","Clash+1","Bloodletting+1"],"picked":"SKIP","floor":21}],"player_experience":129471,"relics_obtained":[{"floor":7,"key":"Prayer Wheel"},{"floor":9,"key":"Dream Catcher"},{"floor":11,"key":"Vajra"}],"event_choices":[{"damage_healed":0,"gold_gain":0,"player_choice":"Bought 2 Potions","damage_taken":0,"max_hp_gain":0,"max_hp_loss":0,"event_name":"The Woman in Blue","floor":3,"gold_loss":0},{"damage_healed":0,"gold_gain":0,"player_choice":"Box","damage_taken":0,"relics_obtained":["Bag of Marbles"],"max_hp_gain":0,"max_hp_loss":0,"event_name":"Big Fish","floor":5,"gold_loss":0,"cards_obtained":["Regret"]},{"damage_healed":0,"gold_gain":0,"player_choice":"Success","damage_taken":3,"relics_obtained":["Frozen Egg 2"],"max_hp_gain":0,"max_hp_loss":0,"event_name":"Scrap Ooze","floor":6,"gold_loss":0},{"damage_healed":0,"gold_gain":0,"player_choice":"Left Gold","damage_taken":0,"max_hp_gain":0,"max_hp_loss":0,"event_name":"World of Goop","floor":8,"gold_loss":38},{"damage_healed":0,"gold_gain":0,"player_choice":"Bet on Murderer","damage_taken":0,"max_hp_gain":0,"max_hp_loss":0,"event_name":"The Joust","floor":19,"gold_loss":50}],"is_beta":false,"boss_relics":[{"not_picked":["Fusion Hammer","Cursed Key"],"picked":"Runic Cube"}],"items_purged_floors":[10],"is_endless":false,"potions_floor_spawned":[2,7,11,16],"killed_by":"Gremlin Leader","ascension_level":3}