{"gold_per_floor":[118,118,134,146,162,190,210,226,226,226,226,226,226,250,250,250],"floor_reached":16,"playtime":1885,"items_purged":[],"score":154,"play_id":"fb4df63a-3eac-43ff-8d9f-9c4c2ced8fa6","local_time":"20190206164033","is_ascension_mode":false,"campfire_choices":[{"data":"Perfected Strike","floor":10,"key":"SMITH"},{"data":"Fire Breathing","floor":12,"key":"SMITH"},{"floor":15,"key":"REST"}],"neow_cost":"NONE","seed_source_timestamp":361816943987288,"circlet_count":0,"master_deck":["Strike_R","Strike_R","Strike_R","Strike_R","Strike_R","Defend_R","Defend_R","Defend_R","Defend_R","Bash","Fire Breathing+1","Pommel Strike","Pommel Strike","Perfected Strike+1"],"relics":["Burning Blood","NeowsBlessing","Dream Catcher","Bottled Lightning","Golden Idol"],"potions_floor_usage":[6,16,16,16],"damage_taken":[{"damage":0,"enemies":"2 Louse","floor":1,"turns":1},{"damage":0,"enemies":"Small Slimes","floor":3,"turns":1},{"damage":0,"enemies":"Jaw Worm","floor":4,"turns":1},{"damage":10,"enemies":"Looter","floor":5,"turns":2},{"damage":6,"enemies":"Gremlin Nob","floor":6,"turns":3},{"damage":14,"enemies":"2 Fungi Beasts","floor":7,"turns":4},{"damage":8,"enemies":"Large Slime","floor":8,"turns":4},{"damage":14,"enemies":"Blue Slaver","floor":14,"turns":3}],"seed_played":"-8364223437695509615","potions_obtained":[{"floor":1,"key":"Regen Potion"},{"floor":4,"key":"AttackPotion"},{"floor":5,"key":"AttackPotion"},{"floor":14,"key":"PowerPotion"}],"is_trial":false,"path_per_floor":["M","?","M","M","M","E","M","M","T","R","?","R","?","M","R","B"],"character_chosen":"IRONCLAD","items_purchased":[],"campfire_rested":1,"item_purchase_floors":[],"current_hp_per_floor":[80,85,85,85,81,81,73,71,71,71,71,71,71,63,79,0],"gold":250,"neow_bonus":"THREE_ENEMY_KILL","is_prod":false,"is_daily":false,"chose_seed":false,"campfire_upgraded":2,"win_rate":0.0,"timestamp":1549489233,"path_taken":["M","?","M","M","M","E","M","M","T","R","?","R","?","M","R","BOSS"],"build_version":"2019-01-23","purchased_purges":0,"victory":false,"max_hp_per_floor":[80,85,85,85,85,85,85,85,85,85,79,79,79,79,79,79],"card_choices":[{"not_picked":["Power Through","Anger"],"picked":"Fire Breathing","floor":1},{"not_picked":["Whirlwind","Iron Wave"],"picked":"Pommel Strike","floor":3},{"not_picked":["Warcry","Body Slam"],"picked":"Pommel Strike","floor":4},{"not_picked":["Entrench","Shrug It Off"],"picked":"Perfected Strike","floor":5},{"not_picked":["Bloodletting","Pommel Strike","Dropkick"],"picked":"SKIP","floor":6},{"not_picked":["Pommel Strike","Exhume","Blood for Blood"],"picked":"SKIP","floor":7},{"not_picked":["Cleave","Warcry","Iron Wave"],"picked":"SKIP","floor":8},{"not_picked":["Sword Boomerang","Thunderclap","Pummel"],"picked":"SKIP","floor":14}],"player_experience":348248,"relics_obtained":[{"floor":6,"key":"Dream Catcher"},{"floor":9,"key":"Bottled Lightning"}],"event_choices":[{"damage_healed":0,"gold_gain":0,"player_choice":"Donut","damage_taken":0,"max_hp_gain":5,"max_hp_loss":0,"event_name":"Big Fish","floor":2,"gold_loss":0},{"damage_healed":0,"gold_gain":0,"player_choice":"Lose Max HP","damage_taken":0,"relics_obtained":["Golden Idol"],"max_hp_gain":0,"max_hp_loss":6,"event_name":"Golden Idol","floor":11,"gold_loss":0},{"damage_healed":0,"gold_gain":0,"player_choice":"Ignored","damage_taken":0,"max_hp_gain":0,"max_hp_loss":0,"event_name":"Liars Game","floor":13,"gold_loss":0}],"is_beta":false,"boss_relics":[],"items_purged_floors":[],"is_endless":false,"potions_floor_spawned":[1,4,5,14],"killed_by":"The Guardian","ascension_level":0}