{"gold_per_floor":[119,135,146,146,163,195,205,205,205,217,217,228,228,239,239,239],"floor_reached":16,"playtime":563,"items_purged":[],"score":106,"play_id":"00f35b3a-df6b-4551-aac9-87fc37dee256","local_time":"20180721215323","is_ascension_mode":false,"campfire_choices":[{"floor":8,"key":"REST"},{"floor":11,"key":"REST"},{"floor":15,"key":"REST"}],"neow_cost":"NONE","seed_source_timestamp":311207053429579,"circlet_count":0,"master_deck":["Strike_B","Strike_B","Strike_B","Strike_B","Defend_B","Defend_B","Defend_B","Defend_B","Zap+1","Dualcast","Go for the Eyes","Streamline","Barrage","Tempest","Auto Shields"],"relics":["Inserter","DataDisk","Smiling Mask"],"potions_floor_usage":[16],"damage_taken":[{"damage":6,"enemies":"Jaw Worm","floor":1,"turns":4},{"damage":0,"enemies":"2 Louse","floor":2,"turns":2},{"damage":2,"enemies":"Cultist","floor":3,"turns":4},{"damage":0,"enemies":"Large Slime","floor":5,"turns":4},{"damage":42,"enemies":"Gremlin Nob","floor":6,"turns":5},{"damage":14,"enemies":"2 Fungi Beasts","floor":7,"turns":4},{"damage":5,"enemies":"Looter","floor":10,"turns":3},{"damage":12,"enemies":"3 Louse","floor":12,"turns":4},{"damage":16,"enemies":"2 Fungi Beasts","floor":14,"turns":4},{"damage":45,"enemies":"The Guardian","floor":16,"turns":9}],"seed_played":"-7040136503694581623","potions_obtained":[{"floor":1,"key":"Weak Potion"},{"floor":2,"key":"SpeedPotion"},{"floor":6,"key":"Swift Potion"},{"floor":12,"key":"EssenceOfSteel"}],"is_trial":false,"path_per_floor":["M","M","M","?","M","E","M","R","T","M","R","M","?","M","R"],"character_chosen":"DEFECT","items_purchased":[],"campfire_rested":3,"item_purchase_floors":[],"current_hp_per_floor":[69,69,67,67,67,25,11,33,33,28,50,38,38,22,44,0],"gold":239,"neow_bonus":"BOSS_RELIC","is_prod":false,"is_daily":false,"chose_seed":false,"campfire_upgraded":0,"win_rate":0.0,"timestamp":1532224403,"path_taken":["M","M","M","?","M","E","M","R","T","M","R","M","?","M","R","BOSS"],"build_version":"2018-07-19v2","purchased_purges":0,"victory":false,"max_hp_per_floor":[75,75,75,75,75,75,75,75,75,75,75,75,75,75,75,75],"card_choices":[{"not_picked":["Recycle","Chaos"],"picked":"Go for the Eyes","floor":1},{"not_picked":["Recycle","Turbo","Compile Driver"],"picked":"SKIP","floor":2},{"not_picked":["Redo","Leap"],"picked":"Streamline","floor":3},{"not_picked":["Stack","Rainbow"],"picked":"Barrage","floor":5},{"not_picked":["Coolheaded","Compile Driver"],"picked":"Tempest","floor":6},{"not_picked":["Undo","Turbo"],"picked":"Auto Shields","floor":7},{"not_picked":["Hologram","Coolheaded","Meteor Strike"],"picked":"SKIP","floor":10},{"not_picked":["Reprogram","Leap","Sunder"],"picked":"SKIP","floor":12},{"not_picked":["Sunder","Go for the Eyes","Sweeping Beam"],"picked":"SKIP","floor":14}],"player_experience":287197,"relics_obtained":[{"floor":6,"key":"DataDisk"},{"floor":9,"key":"Smiling Mask"}],"event_choices":[{"event_name":"The Cleric","player_choice":"Leave","floor":4,"damage_taken":0},{"event_name":"Living Wall","player_choice":"Grow","floor":13,"damage_taken":0}],"is_beta":false,"boss_relics":[],"items_purged_floors":[],"is_endless":false,"potions_floor_spawned":[1,2,6,7,12],"killed_by":"The Guardian","ascension_level":0}