{"gold_per_floor":[119,119,119,69,80,113,113,139,139,139,153,172,185,185],"floor_reached":14,"playtime":574,"items_purged":[],"score":105,"play_id":"e61afcb8-ff49-44f6-9b19-1ecdde5c66de","local_time":"20190316024138","is_ascension_mode":true,"campfire_choices":[{"data":"Creative AI","floor":7,"key":"SMITH"},{"floor":10,"key":"REST"}],"neow_cost":"NONE","seed_source_timestamp":196185788165029,"circlet_count":0,"master_deck":["Strike_B","Strike_B","Defend_B","Defend_B","Defend_B","Defend_B","Zap","Dualcast","Darkness","Creative AI+1","Ball Lightning","White Noise"],"relics":["Cracked Core","Blue Candle","Sundial"],"potions_floor_usage":[13,13,14],"damage_taken":[{"damage":4,"enemies":"2 Louse","floor":1,"turns":3},{"damage":4,"enemies":"Small Slimes","floor":5,"turns":4},{"damage":31,"enemies":"Lagavulin","floor":6,"turns":5},{"damage":31,"enemies":"Gremlin Nob","floor":8,"turns":5},{"damage":10,"enemies":"Jaw Worm","floor":11,"turns":5},{"damage":0,"enemies":"Large Slime","floor":12,"turns":5},{"damage":15,"enemies":"Exordium Thugs","floor":13,"turns":4},{"damage":14,"enemies":"3 Louse","floor":14,"turns":2}],"seed_played":"6714234678759672109","potions_obtained":[{"floor":5,"key":"GamblersBrew"},{"floor":11,"key":"SpeedPotion"},{"floor":12,"key":"Regen Potion"},{"floor":13,"key":"Weak Potion"}],"is_trial":false,"path_per_floor":["M","?","?","?","M","E","R","E","T","R","M","M","M","M"],"character_chosen":"DEFECT","items_purchased":[],"campfire_rested":1,"item_purchase_floors":[],"current_hp_per_floor":[78,78,71,71,67,36,36,5,5,29,19,19,13,0],"gold":185,"neow_bonus":"TEN_PERCENT_HP_BONUS","is_prod":false,"is_daily":false,"chose_seed":false,"campfire_upgraded":1,"win_rate":0,"timestamp":1552718498,"path_taken":["M","?","?","?","M","E","R","E","T","R","M","M","?","M"],"build_version":"2019-01-23","purchased_purges":0,"victory":false,"max_hp_per_floor":[82,82,82,82,82,82,82,82,82,82,82,82,82,82],"card_choices":[{"not_picked":["Beam Cell","Barrage","Hologram"],"picked":"SKIP","floor":1},{"not_picked":["Rip and Tear","Rebound"],"picked":"Darkness","floor":5},{"not_picked":["Compile Driver","Reboot"],"picked":"Creative AI","floor":6},{"not_picked":["All For One","Heatsinks"],"picked":"Ball Lightning","floor":8},{"not_picked":["Go for the Eyes","Cold Snap"],"picked":"White Noise","floor":11},{"not_picked":["Reprogram","Barrage","Sunder"],"picked":"SKIP","floor":12},{"not_picked":["Hello World","Scrape","Go for the Eyes"],"picked":"SKIP","floor":13}],"player_experience":151865,"relics_obtained":[{"floor":6,"key":"Blue Candle"},{"floor":8,"key":"Sundial"}],"event_choices":[{"damage_healed":0,"gold_gain":0,"player_choice":"Ignored","damage_taken":0,"max_hp_gain":0,"max_hp_loss":0,"event_name":"Liars Game","floor":2,"gold_loss":0},{"cards_removed":["Strike_B"],"damage_healed":0,"gold_gain":0,"player_choice":"Card Removal","damage_taken":7,"max_hp_gain":0,"max_hp_loss":0,"event_name":"Golden Wing","floor":3,"gold_loss":0},{"cards_removed":["Strike_B"],"damage_healed":0,"gold_gain":0,"player_choice":"Card Removal","damage_taken":0,"max_hp_gain":0,"max_hp_loss":0,"event_name":"The Cleric","floor":4,"gold_loss":50}],"is_beta":false,"boss_relics":[],"items_purged_floors":[],"is_endless":false,"potions_floor_spawned":[5,11,12,13],"killed_by":"3 Louse","ascension_level":1}