{"gold_per_floor":[112,124,135,135,155,184,198,208,284,284,301,336,336,346,346,443,443,462,462,144,124,143,143],"floor_reached":23,"playtime":2804,"items_purged":["Strike_R"],"score":207,"play_id":"02ff3df1-9da7-46c6-9492-aa570bd3394d","local_time":"20190218155856","is_ascension_mode":false,"campfire_choices":[{"data":"Perfected Strike","floor":10,"key":"SMITH"},{"floor":15,"key":"REST"}],"neow_cost":"NONE","seed_source_timestamp":217005832931416,"circlet_count":0,"master_deck":["Strike_R","Strike_R","Strike_R","Strike_R","Defend_R","Defend_R","Defend_R","Defend_R","Flex","Perfected Strike+1","Iron Wave","Iron Wave","Ghostly Armor","Ghostly Armor","Entrench","Offering","Shrug It Off","Juggernaut","Iron Wave+1","Flex"],"relics":["Burning Blood","Bag of Preparation","Paper Frog","Bottled Flame","Nloth\u0027s Gift","Matryoshka"],"potions_floor_usage":[16,16,23],"damage_taken":[{"damage":0,"enemies":"Small Slimes","floor":1,"turns":4},{"damage":1,"enemies":"Cultist","floor":2,"turns":4},{"damage":12,"enemies":"Jaw Worm","floor":3,"turns":4},{"damage":1,"enemies":"3 Louse","floor":5,"turns":4},{"damage":50,"enemies":"Lagavulin","floor":6,"turns":8},{"damage":5,"enemies":"Red Slaver","floor":7,"turns":4},{"damage":7,"enemies":"Blue Slaver","floor":8,"turns":4},{"damage":9,"enemies":"Exordium Thugs","floor":11,"turns":8},{"damage":9,"enemies":"Gremlin Nob","floor":12,"turns":4},{"damage":6,"enemies":"3 Louse","floor":14,"turns":5},{"damage":34,"enemies":"The Guardian","floor":16,"turns":23},{"damage":34,"enemies":"Spheric Guardian","floor":18,"turns":6},{"damage":6,"enemies":"2 Thieves","floor":21,"turns":4},{"damage":22,"enemies":"Snake Plant","floor":22,"turns":6},{"damage":44,"enemies":"Gremlin Leader","floor":23,"turns":6}],"seed_played":"8517287156311319490","potions_obtained":[{"floor":2,"key":"Block Potion"},{"floor":5,"key":"AttackPotion"},{"floor":7,"key":"Dexterity Potion"},{"floor":8,"key":"Strength Potion"},{"floor":18,"key":"Weak Potion"},{"floor":21,"key":"SteroidPotion"}],"is_trial":false,"path_per_floor":["M","M","M","?","M","E","M","M","T","R","M","E","?","M","R","B",null,"M","?","$","M","M","E"],"character_chosen":"IRONCLAD","items_purchased":["Matryoshka"],"campfire_rested":1,"item_purchase_floors":[20],"current_hp_per_floor":[88,88,82,82,87,43,44,43,43,43,40,37,30,30,56,28,88,60,60,60,60,44,0],"gold":143,"neow_bonus":"TEN_PERCENT_HP_BONUS","is_prod":false,"is_daily":false,"chose_seed":false,"campfire_upgraded":1,"win_rate":0.0,"timestamp":1550523536,"path_taken":["M","M","M","?","M","E","M","?","T","R","M","E","?","M","R","BOSS","M","?","$","M","?","E"],"build_version":"2019-01-23","purchased_purges":1,"victory":false,"max_hp_per_floor":[88,88,88,88,88,88,88,88,88,88,88,88,88,88,88,88,88,88,88,88,88,88,88],"card_choices":[{"not_picked":["Clash","Disarm"],"picked":"Flex","floor":1},{"not_picked":["Cleave","Second Wind"],"picked":"Perfected Strike","floor":2},{"not_picked":["Battle Trance","Clash"],"picked":"Iron Wave","floor":3},{"not_picked":["Clash","Twin Strike","Sword Boomerang"],"picked":"SKIP","floor":5},{"not_picked":["Limit Break","Body Slam"],"picked":"Iron Wave","floor":6},{"not_picked":["Uppercut","Headbutt"],"picked":"Ghostly Armor","floor":7},{"not_picked":["Demon Form","Heavy Blade"],"picked":"Ghostly Armor","floor":8},{"not_picked":["Sword Boomerang","Anger"],"picked":"Entrench","floor":11},{"not_picked":["Warcry","Carnage"],"picked":"Offering","floor":12},{"not_picked":["Intimidate","Dropkick"],"picked":"Shrug It Off","floor":14},{"not_picked":["Double Tap","Reaper"],"picked":"Juggernaut","floor":16},{"not_picked":["Thunderclap","Flex+1"],"picked":"Iron Wave+1","floor":18},{"not_picked":["Pummel","Sword Boomerang"],"picked":"Flex","floor":21},{"not_picked":["Headbutt+1","True Grit","Pommel Strike"],"picked":"SKIP","floor":22}],"player_experience":15500,"relics_obtained":[{"floor":6,"key":"Bag of Preparation"},{"floor":9,"key":"Paper Frog"},{"floor":12,"key":"Bottled Flame"}],"event_choices":[{"damage_healed":0,"gold_gain":0,"player_choice":"Bought 0 Potions","damage_taken":0,"max_hp_gain":0,"max_hp_loss":0,"event_name":"The Woman in Blue","floor":4,"gold_loss":0},{"cards_removed":["Bash"],"damage_healed":0,"gold_gain":0,"player_choice":"Card Removal","damage_taken":7,"max_hp_gain":0,"max_hp_loss":0,"event_name":"Golden Wing","floor":13,"gold_loss":0},{"damage_healed":0,"gold_gain":0,"player_choice":"Traded Relic","damage_taken":0,"relics_obtained":["Nloth\u0027s Gift"],"max_hp_gain":0,"max_hp_loss":0,"event_name":"N\u0027loth","floor":19,"relics_lost":["White Beast Statue"],"gold_loss":0}],"is_beta":false,"boss_relics":[{"not_picked":["Cursed Key","Ectoplasm"],"picked":"White Beast Statue"}],"items_purged_floors":[20],"is_endless":false,"potions_floor_spawned":[2,5,7,8,11,18,21],"killed_by":"Gremlin Leader","ascension_level":0}