{"gold_per_floor":[115,133,133,153,167,167,177,177,177,50,111,111,145,145],"floor_reached":14,"playtime":597,"items_purged":["Shame"],"score":190,"play_id":"2adbc5b6-a091-446b-ba62-a34f331a921d","local_time":"20190329180127","is_ascension_mode":true,"campfire_choices":[{"floor":6,"key":"REST"},{"floor":8,"key":"REST"}],"neow_cost":"CURSE","seed_source_timestamp":224642285435586,"circlet_count":0,"master_deck":["AscendersBane","Strike_R","Strike_R","Strike_R","Strike_R","Defend_R","Defend_R","Defend_R","Defend_R","Bash","Panache","Enlightenment","Disarm","Pommel Strike","Pommel Strike","Shrug It Off","Infernal Blade","Pommel Strike","Anger","True Grit","Bloodletting"],"relics":["Burning Blood","Pantograph","Tiny Chest","Turnip"],"potions_floor_usage":[5,11,13,14],"damage_taken":[{"damage":21,"enemies":"Cultist","floor":1,"turns":5},{"damage":9,"enemies":"Jaw Worm","floor":2,"turns":3},{"damage":6,"enemies":"2 Louse","floor":4,"turns":3},{"damage":44,"enemies":"Exordium Thugs","floor":5,"turns":8},{"damage":8,"enemies":"Blue Slaver","floor":7,"turns":3},{"damage":3,"enemies":"3 Sentries","floor":11,"turns":5},{"damage":38,"enemies":"Gremlin Nob","floor":13,"turns":5},{"damage":50,"enemies":"Gremlin Nob","floor":14,"turns":4}],"seed_played":"101845248292297703","potions_obtained":[{"floor":1,"key":"Dexterity Potion"},{"floor":5,"key":"EssenceOfSteel"},{"floor":7,"key":"Block Potion"},{"floor":11,"key":"EssenceOfSteel"}],"is_trial":false,"path_per_floor":["M","M","?","M","M","R","M","R","T","$","E","?","E","?"],"character_chosen":"IRONCLAD","items_purchased":["Anger"],"campfire_rested":2,"item_purchase_floors":[10],"current_hp_per_floor":[53,50,50,50,12,34,32,54,54,54,57,62,30,0],"gold":145,"neow_bonus":"RANDOM_COLORLESS_2","is_prod":false,"is_daily":false,"chose_seed":false,"campfire_upgraded":0,"win_rate":0,"timestamp":1553907687,"path_taken":["M","M","?","M","?","R","M","R","T","$","E","?","E","?"],"build_version":"2019-01-23","purchased_purges":1,"victory":false,"max_hp_per_floor":[75,75,75,75,75,75,75,75,75,75,75,80,80,80],"card_choices":[{"not_picked":["Warcry","Body Slam"],"picked":"Disarm","floor":1},{"not_picked":["Searing Blow","Sword Boomerang"],"picked":"Pommel Strike","floor":2},{"not_picked":["Juggernaut","Cleave"],"picked":"Shrug It Off","floor":4},{"not_picked":["Flex","Hemokinesis"],"picked":"Infernal Blade","floor":5},{"not_picked":["Clothesline","Burning Pact"],"picked":"Pommel Strike","floor":7},{"not_picked":["Thunderclap","Clash"],"picked":"True Grit","floor":11},{"not_picked":["Heavy Blade","Fiend Fire"],"picked":"Bloodletting","floor":13}],"player_experience":641541,"relics_obtained":[{"floor":9,"key":"Pantograph"},{"floor":11,"key":"Tiny Chest"},{"floor":13,"key":"Turnip"}],"event_choices":[{"damage_healed":0,"gold_gain":0,"cards_transformed":["Strike_R"],"player_choice":"Transformed","damage_taken":0,"max_hp_gain":0,"max_hp_loss":0,"event_name":"Transmorgrifier","floor":3,"gold_loss":0,"cards_obtained":["Pommel Strike"]},{"damage_healed":0,"gold_gain":0,"player_choice":"Donut","damage_taken":0,"max_hp_gain":5,"max_hp_loss":0,"event_name":"Big Fish","floor":12,"gold_loss":0},{"damage_healed":0,"gold_gain":0,"player_choice":"Searched \u00271\u0027 times","damage_taken":0,"max_hp_gain":0,"max_hp_loss":0,"event_name":"Dead Adventurer","floor":14,"gold_loss":0}],"is_beta":false,"boss_relics":[],"items_purged_floors":[10],"is_endless":false,"potions_floor_spawned":[1,5,7,11],"killed_by":"Gremlin Nob","ascension_level":18}