{"gold_per_floor":[109,31,106,126,76,111,11,11,37,48,48,76,76,90,90,194,194,210,210,221,239,139,167,179,23,75,75,92,112,112,127,127,231,231,246,256,256,256,59,59],"floor_reached":40,"playtime":1345,"items_purged":["Strike_B","Strike_B","Strike_B+1"],"score":416,"play_id":"6556fd99-7c79-43af-81e4-15c1e4451c54","local_time":"20190206124215","is_ascension_mode":false,"campfire_choices":[{"data":"Static Discharge","floor":8,"key":"SMITH"},{"floor":11,"key":"REST"},{"data":"Lockon","floor":13,"key":"SMITH"},{"data":"Sunder","floor":15,"key":"SMITH"},{"floor":27,"key":"REST"},{"floor":30,"key":"REST"},{"floor":32,"key":"REST"}],"neow_cost":"NONE","seed_source_timestamp":348058508687529,"circlet_count":0,"master_deck":["Defend_B+1","Defend_B+1","Defend_B+1","Defend_B+1","Zap+1","Dualcast+1","Streamline+1","Glacier+1","Static Discharge+1","Ball Lightning+1","Barrage+1","Lockon+1","Sunder+1","Seek+1","Leap+1","RitualDagger+1","Beam Cell+1","Ball Lightning+1","Ball Lightning+1","Echo Form+1","BootSequence+1","Madness+1","Madness+1"],"relics":["Cracked Core","Omamori","Anchor","Orichalcum","Inserter","Turnip","Lantern","Smiling Mask","Eternal Feather","Mark of the Bloom","Pen Nib"],"potions_floor_usage":[16,23,31,33,33,33,36,40],"damage_taken":[{"damage":1,"enemies":"Cultist","floor":1,"turns":4},{"damage":0,"enemies":"2 Louse","floor":4,"turns":3},{"damage":29,"enemies":"3 Sentries","floor":6,"turns":8},{"damage":0,"enemies":"Small Slimes","floor":10,"turns":3},{"damage":6,"enemies":"Gremlin Nob","floor":12,"turns":3},{"damage":0,"enemies":"Looter","floor":14,"turns":2},{"damage":35,"enemies":"The Guardian","floor":16,"turns":5},{"damage":4,"enemies":"Spheric Guardian","floor":18,"turns":3},{"damage":10,"enemies":"3 Byrds","floor":20,"turns":3},{"damage":4,"enemies":"3 Cultists","floor":21,"turns":4},{"damage":30,"enemies":"Gremlin Leader","floor":23,"turns":3},{"damage":13,"enemies":"Shelled Parasite and Fungi","floor":24,"turns":4},{"damage":10,"enemies":"Centurion and Healer","floor":28,"turns":3},{"damage":13,"enemies":"Snake Plant","floor":29,"turns":3},{"damage":9,"enemies":"3 Cultists","floor":31,"turns":4},{"damage":64,"enemies":"Champ","floor":33,"turns":8},{"damage":18,"enemies":"Orb Walker","floor":35,"turns":3},{"damage":38,"enemies":"3 Darklings","floor":36,"turns":4},{"damage":23,"enemies":"Reptomancer","floor":40,"turns":2}],"seed_played":"3465138072200386195","potions_obtained":[{"floor":6,"key":"EssenceOfSteel"},{"floor":10,"key":"SteroidPotion"},{"floor":14,"key":"Fruit Juice"},{"floor":16,"key":"Strength Potion"},{"floor":21,"key":"AttackPotion"},{"floor":23,"key":"SpeedPotion"},{"floor":31,"key":"EssenceOfSteel"},{"floor":33,"key":"PowerPotion"},{"floor":35,"key":"LiquidBronze"}],"is_trial":false,"path_per_floor":["M","$","?","M","?","E","$","R","T","M","R","E","R","M","R","B",null,"M","?","M","M","$","E","M","$","T","R","M","M","R","M","R","B",null,"M","M","?","?","$","E"],"character_chosen":"DEFECT","items_purchased":["Glacier","Barrage","Lantern","Pen Nib"],"campfire_rested":4,"item_purchase_floors":[2,7,25,39],"current_hp_per_floor":[81,81,70,70,70,41,41,41,41,41,65,59,59,59,59,29,87,83,77,67,63,63,33,20,20,20,46,36,23,49,40,66,2,87,69,31,20,20,20,0],"gold":59,"neow_bonus":"TEN_PERCENT_HP_BONUS","is_prod":false,"is_daily":false,"chose_seed":false,"campfire_upgraded":3,"win_rate":0,"timestamp":1549474935,"path_taken":["M","?","?","M","?","E","$","R","T","M","R","E","R","M","R","BOSS","M","?","M","M","$","E","M","$","T","R","M","M","R","M","R","BOSS","M","M","?","?","$","E"],"build_version":"2019-01-23","purchased_purges":3,"victory":false,"max_hp_per_floor":[82,82,82,82,82,82,82,82,82,82,82,82,82,82,82,87,87,87,87,87,87,87,87,87,87,87,87,87,87,87,87,87,87,87,87,87,87,87,87,87],"card_choices":[{"not_picked":["Loop","Reprogram"],"picked":"Streamline","floor":1},{"not_picked":["Recycle","Capacitor"],"picked":"Static Discharge","floor":4},{"not_picked":["Hello World","Gash"],"picked":"Ball Lightning","floor":6},{"not_picked":["Consume","Cold Snap","Beam Cell"],"picked":"SKIP","floor":10},{"not_picked":["Compile Driver","Scrape"],"picked":"Lockon","floor":12},{"not_picked":["Go for the Eyes","Sweeping Beam"],"picked":"Sunder","floor":14},{"not_picked":["Thunder Strike","Fission"],"picked":"Seek","floor":16},{"not_picked":["Loop","Rebound"],"picked":"Leap","floor":18},{"not_picked":["Redo+1","Hologram+1"],"picked":"Beam Cell+1","floor":20},{"not_picked":["Scrape+1","Gash","Doom and Gloom"],"picked":"SKIP","floor":21},{"not_picked":["Thunder Strike","Sweeping Beam","Go for the Eyes"],"picked":"SKIP","floor":23},{"not_picked":["Redo","Coolheaded"],"picked":"Ball Lightning","floor":24},{"not_picked":["Loop","Capacitor","Barrage"],"picked":"SKIP","floor":28},{"not_picked":["Gash+1","Blizzard"],"picked":"Ball Lightning+1","floor":29},{"not_picked":["Auto Shields+1","Loop","Cold Snap"],"picked":"SKIP","floor":31},{"not_picked":["Hyperbeam","Fission"],"picked":"Echo Form","floor":33},{"not_picked":["Double Energy+1","Barrage+1","Tempest+1"],"picked":"SKIP","floor":35},{"not_picked":["Static Discharge","Barrage+1"],"picked":"BootSequence","floor":36}],"player_experience":345195,"relics_obtained":[{"floor":6,"key":"Omamori"},{"floor":9,"key":"Anchor"},{"floor":12,"key":"Orichalcum"},{"floor":23,"key":"Turnip"},{"floor":26,"key":"Smiling Mask"}],"event_choices":[{"damage_healed":0,"gold_gain":75,"player_choice":"Gather Gold","damage_taken":11,"max_hp_gain":0,"max_hp_loss":0,"event_name":"World of Goop","floor":3,"gold_loss":0},{"cards_removed":["Strike_B"],"damage_healed":0,"gold_gain":0,"player_choice":"Card Removal","damage_taken":0,"max_hp_gain":0,"max_hp_loss":0,"event_name":"The Cleric","floor":5,"gold_loss":50},{"damage_healed":0,"gold_gain":0,"player_choice":"Joined the Cult","damage_taken":6,"max_hp_gain":0,"max_hp_loss":0,"event_name":"Nest","floor":19,"gold_loss":0,"cards_obtained":["RitualDagger"]},{"damage_healed":0,"gold_gain":0,"player_choice":"Embrace Madness","damage_taken":11,"max_hp_gain":0,"max_hp_loss":0,"event_name":"Winding Halls","floor":37,"gold_loss":0,"cards_obtained":["Madness","Madness"]},{"damage_healed":0,"gold_gain":0,"player_choice":"Upgrade","damage_taken":0,"relics_obtained":["Mark of the Bloom"],"max_hp_gain":0,"max_hp_loss":0,"event_name":"MindBloom","floor":38,"gold_loss":0,"cards_upgraded":["Strike_B","Defend_B","Defend_B","Defend_B","Defend_B","Zap","Dualcast","Streamline","Glacier","Ball Lightning","Barrage","Seek","Leap","RitualDagger","Ball Lightning","Echo Form","BootSequence","Madness","Madness"]}],"is_beta":false,"boss_relics":[{"not_picked":["White Beast Statue","Fusion Hammer"],"picked":"Inserter"},{"not_picked":["Pandora\u0027s Box","Runic Dome"],"picked":"Eternal Feather"}],"items_purged_floors":[7,22,39],"is_endless":false,"potions_floor_spawned":[6,10,14,16,21,23,31,33,35],"killed_by":"Reptomancer","ascension_level":0}