{"gold_per_floor":[113,113,133,3,21,21,49,49,75,75,0,34,44,61,61,138,138,152,165,215,231,231],"floor_reached":22,"playtime":1047,"items_purged":[],"score":392,"play_id":"287913b6-8964-4ea5-a4f2-944968024ef8","local_time":"20190211003828","is_ascension_mode":true,"campfire_choices":[{"data":"Redo","floor":6,"key":"SMITH"},{"data":"Defragment","floor":8,"key":"SMITH"},{"data":"Dualcast","floor":10,"key":"SMITH"},{"data":"Zap","floor":15,"key":"SMITH"}],"neow_cost":"TEN_PERCENT_HP_LOSS","seed_source_timestamp":1422974928376600,"circlet_count":0,"master_deck":["AscendersBane","Strike_B+1","Strike_B+1","Strike_B","Defend_B","Defend_B","Defend_B","Defend_B","Zap+1","Dualcast+1","Doom and Gloom+1","Turbo","Defragment+1","Hologram","Redo+1","Conserve Battery","Go for the Eyes","Rebound","Hologram","Machine Learning","FTL","Compile Driver+1","Leap+1"],"relics":["Cracked Core","Gambling Chip","Happy Flower","Whetstone","Pocketwatch","Sozu"],"potions_floor_usage":[7,12],"damage_taken":[{"damage":0,"enemies":"Small Slimes","floor":1,"turns":2},{"damage":1,"enemies":"Cultist","floor":3,"turns":3},{"damage":0,"enemies":"2 Louse","floor":5,"turns":1},{"damage":8,"enemies":"Gremlin Nob","floor":7,"turns":3},{"damage":21,"enemies":"Lagavulin","floor":12,"turns":4},{"damage":5,"enemies":"2 Fungi Beasts","floor":13,"turns":3},{"damage":8,"enemies":"Gremlin Gang","floor":14,"turns":3},{"damage":15,"enemies":"Hexaghost","floor":16,"turns":8},{"damage":14,"enemies":"3 Byrds","floor":18,"turns":4},{"damage":14,"enemies":"Spheric Guardian","floor":19,"turns":4},{"damage":12,"enemies":"Centurion and Healer","floor":21,"turns":6},{"damage":20,"enemies":"Sentry and Sphere","floor":22,"turns":5}],"seed_played":"-108707762550861560","potions_obtained":[{"floor":1,"key":"Dexterity Potion"},{"floor":5,"key":"GamblersBrew"},{"floor":14,"key":"SteroidPotion"}],"is_trial":false,"path_per_floor":["M","?","M","$","M","R","E","R","T","R","?","E","M","M","R","B",null,"M","M","?","M","M"],"character_chosen":"DEFECT","items_purchased":["Defragment","Hologram"],"campfire_rested":0,"item_purchase_floors":[4,4],"current_hp_per_floor":[64,64,63,63,63,63,55,55,55,55,55,34,29,21,21,6,50,36,22,22,10,0],"gold":231,"neow_bonus":"ONE_RARE_RELIC","is_prod":false,"is_daily":false,"chose_seed":false,"campfire_upgraded":4,"win_rate":0,"timestamp":1549874308,"path_taken":["M","?","M","$","?","R","E","R","T","R","?","E","M","M","R","BOSS","M","M","?","M","M"],"build_version":"2019-02-06","purchased_purges":0,"victory":false,"max_hp_per_floor":[64,64,64,64,64,64,64,64,64,64,64,64,64,64,64,64,64,64,64,64,64,64],"card_choices":[{"not_picked":["Hologram","Cold Snap"],"picked":"Doom and Gloom","floor":1},{"not_picked":["Force Field","Sweeping Beam"],"picked":"Turbo","floor":3},{"not_picked":["Self Repair","Gash"],"picked":"Redo","floor":5},{"not_picked":["Hologram","Steam"],"picked":"Conserve Battery","floor":7},{"not_picked":["Aggregate","Hyperbeam"],"picked":"Go for the Eyes","floor":12},{"not_picked":["Streamline","Ball Lightning"],"picked":"Rebound","floor":13},{"not_picked":["Gash","Ball Lightning"],"picked":"Hologram","floor":14},{"not_picked":["All For One","Amplify"],"picked":"Machine Learning","floor":16},{"not_picked":["Ball Lightning","Rebound"],"picked":"FTL","floor":18},{"not_picked":["Defragment","Reprogram"],"picked":"Compile Driver+1","floor":19},{"not_picked":["Turbo+1","Gash+1"],"picked":"Leap+1","floor":21}],"player_experience":3260371,"relics_obtained":[{"floor":7,"key":"Happy Flower"},{"floor":9,"key":"Whetstone"},{"floor":12,"key":"Pocketwatch"}],"event_choices":[{"damage_healed":0,"gold_gain":0,"player_choice":"Upgraded","damage_taken":0,"max_hp_gain":0,"max_hp_loss":0,"event_name":"Upgrade Shrine","floor":2,"gold_loss":0,"cards_upgraded":["Doom and Gloom"]},{"cards_removed":["Strike_B"],"damage_healed":0,"gold_gain":0,"player_choice":"Card Removal","damage_taken":0,"max_hp_gain":0,"max_hp_loss":0,"event_name":"The Cleric","floor":11,"gold_loss":75},{"damage_healed":0,"gold_gain":50,"player_choice":"Pray","damage_taken":0,"max_hp_gain":0,"max_hp_loss":0,"event_name":"Golden Shrine","floor":20,"gold_loss":0}],"is_beta":true,"boss_relics":[{"not_picked":["Empty Cage","Fusion Hammer"],"picked":"Sozu"}],"items_purged_floors":[],"is_endless":false,"potions_floor_spawned":[1,5,14,18,19],"killed_by":"Sentry and Sphere","ascension_level":20}