{"gold_per_floor":[119,44,67,67,117,150,150,179,179,179,211,211,229,8,8,87,87,106,21,21,21,32,32,43,43,43,62,62,75,87,122,122,122],"floor_reached":33,"playtime":746,"items_purged":["Strike_R"],"score":662,"play_id":"7ccabdf1-9921-4702-837a-6ea3cf7afa09","local_time":"20190316160523","is_ascension_mode":true,"campfire_choices":[{"data":"Bash","floor":7,"key":"SMITH"},{"data":"Bludgeon","floor":10,"key":"SMITH"},{"data":"Uppercut","floor":12,"key":"SMITH"},{"floor":15,"key":"REST"},{"data":"Pommel Strike","floor":23,"key":"SMITH"},{"floor":25,"key":"REST"},{"data":"Fiend Fire","floor":28,"key":"SMITH"},{"floor":32,"key":"REST"}],"neow_cost":"NONE","seed_source_timestamp":64284461358690,"circlet_count":0,"master_deck":["AscendersBane","Strike_R","Strike_R","Strike_R","Strike_R","Defend_R","Defend_R","Defend_R","Defend_R","Bash+1","Bludgeon+1","Uppercut+1","Fiend Fire+1","Flex+1","Pommel Strike+1","Battle Trance","Spot Weakness"],"relics":["Burning Blood","NeowsBlessing","Red Skull","Ice Cream","WingedGreaves","Mango","Gambling Chip","Dodecahedron","ClockworkSouvenir","Sozu","Vajra","Ancient Tea Set","Pen Nib"],"potions_floor_usage":[11,31],"damage_taken":[{"damage":0,"enemies":"Cultist","floor":1,"turns":1},{"damage":0,"enemies":"3 Sentries","floor":6,"turns":2},{"damage":0,"enemies":"Gremlin Nob","floor":8,"turns":1},{"damage":10,"enemies":"3 Sentries","floor":11,"turns":4},{"damage":9,"enemies":"2 Louse","floor":13,"turns":3},{"damage":70,"enemies":"Hexaghost","floor":16,"turns":9},{"damage":30,"enemies":"3 Byrds","floor":18,"turns":6},{"damage":0,"enemies":"Chosen","floor":22,"turns":2},{"damage":22,"enemies":"Sentry and Sphere","floor":24,"turns":4},{"damage":0,"enemies":"Cultist and Chosen","floor":27,"turns":3},{"damage":0,"enemies":"Snake Plant","floor":29,"turns":1},{"damage":10,"enemies":"Centurion and Healer","floor":30,"turns":3},{"damage":29,"enemies":"Slavers","floor":31,"turns":3},{"damage":87,"enemies":"Automaton","floor":33,"turns":6}],"seed_played":"7105203969694239035","potions_obtained":[{"floor":6,"key":"AttackPotion"},{"floor":16,"key":"Dexterity Potion"}],"is_trial":false,"path_per_floor":["M","$","T","?","?","E","R","E","T","R","E","R","M","$","R","B",null,"M","?","?","$","M","R","M","R","T","M","R","M","M","E","R","B"],"character_chosen":"IRONCLAD","items_purchased":["ClockworkSouvenir"],"campfire_rested":3,"item_purchase_floors":[14],"current_hp_per_floor":[74,74,74,48,41,47,47,67,67,67,63,63,60,60,86,22,72,48,48,48,48,54,54,38,64,64,70,70,76,72,49,75,0],"gold":122,"neow_bonus":"THREE_ENEMY_KILL","is_prod":false,"is_daily":false,"chose_seed":false,"campfire_upgraded":5,"win_rate":0,"timestamp":1552737923,"path_taken":["M","$","?","?","?","E","R","E","T","R","E","R","?","?","R","BOSS","M","?","?","$","M","R","M","R","T","M","R","M","?","E","R","BOSS"],"build_version":"2019-01-23","purchased_purges":1,"victory":false,"max_hp_per_floor":[75,75,75,75,75,75,75,89,89,89,89,89,89,89,89,89,89,89,89,89,89,89,89,89,89,89,89,89,89,89,89,89,89],"card_choices":[{"not_picked":["Havoc","Intimidate","Sentinel"],"picked":"SKIP","floor":1},{"not_picked":["Entrench","Sword Boomerang","Power Through"],"picked":"SKIP","floor":6},{"not_picked":["Cleave","Havoc"],"picked":"Bludgeon","floor":8},{"not_picked":["Cleave","Bludgeon"],"picked":"Uppercut","floor":11},{"not_picked":["Feel No Pain","Power Through","Fire Breathing"],"picked":"SKIP","floor":13},{"not_picked":["Juggernaut","Demon Form"],"picked":"Fiend Fire","floor":16},{"not_picked":["Sentinel","Anger"],"picked":"Flex","floor":18},{"not_picked":["Clothesline","Twin Strike"],"picked":"Pommel Strike","floor":22},{"not_picked":["Wild Strike","Sword Boomerang"],"picked":"Battle Trance","floor":24},{"not_picked":["Cleave","Wild Strike","Battle Trance"],"picked":"SKIP","floor":27},{"not_picked":["Anger","Feel No Pain","Warcry+1"],"picked":"SKIP","floor":29},{"not_picked":["True Grit","Wild Strike","Exhume"],"picked":"SKIP","floor":30},{"not_picked":["Burning Pact+1","Carnage"],"picked":"Spot Weakness","floor":31}],"player_experience":737850,"relics_obtained":[{"floor":3,"key":"Red Skull"},{"floor":6,"key":"WingedGreaves"},{"floor":8,"key":"Mango"},{"floor":9,"key":"Gambling Chip"},{"floor":11,"key":"Dodecahedron"},{"floor":26,"key":"Ancient Tea Set"},{"floor":31,"key":"Pen Nib"}],"event_choices":[{"damage_healed":0,"gold_gain":0,"player_choice":"Success","damage_taken":26,"relics_obtained":["Ice Cream"],"max_hp_gain":0,"max_hp_loss":0,"event_name":"Scrap Ooze","floor":4,"gold_loss":0},{"damage_healed":0,"gold_gain":50,"player_choice":"Touch","damage_taken":7,"max_hp_gain":0,"max_hp_loss":0,"event_name":"FaceTrader","floor":5,"gold_loss":0},{"damage_healed":0,"gold_gain":0,"player_choice":"Obtained Relic","damage_taken":0,"relics_obtained":["Vajra"],"max_hp_gain":0,"max_hp_loss":0,"event_name":"Addict","floor":19,"gold_loss":85},{"damage_healed":0,"gold_gain":0,"player_choice":"Forge","damage_taken":0,"max_hp_gain":0,"max_hp_loss":0,"event_name":"Accursed Blacksmith","floor":20,"gold_loss":0,"cards_upgraded":["Flex"]}],"is_beta":false,"boss_relics":[{"not_picked":["Calling Bell","Orrery"],"picked":"Sozu"}],"items_purged_floors":[2],"is_endless":false,"potions_floor_spawned":[6,16,18,22,29],"killed_by":"Automaton","ascension_level":20}