{"gold_per_floor":[113,128,128,128,128,128,156,168,252,264,276,301,338,350,362,473,485,515,511,523,535],"floor_reached":21,"playtime":854,"items_purged":[],"score":242,"play_id":"adc70143-0bc2-41f2-8cbb-912723a14e8d","local_time":"20190415215526","is_ascension_mode":true,"campfire_choices":[{"data":"Infinite Blades","floor":6,"key":"SMITH"},{"floor":11,"key":"RECALL"},{"data":"Blade Dance","floor":15,"key":"SMITH"}],"neow_cost":"NONE","seed_source_timestamp":340813917010493,"circlet_count":0,"master_deck":["Defend_G","Defend_G","Defend_G","Defend_G","Defend_G","Strike_G","Strike_G","Strike_G","Strike_G","Survivor","Neutralize","Infinite Blades+1","Deflect","Caltrops+1","Blade Dance+1","Caltrops+1","Tools of the Trade+1","Blade Dance","Decay"],"relics":["Ring of the Snake","NeowsBlessing","Tingsha","Frozen Egg 2","MawBank","Shuriken","Pocketwatch","Black Star"],"potions_floor_usage":[19],"damage_taken":[{"damage":0,"enemies":"Cultist","floor":1,"turns":1},{"damage":0,"enemies":"Jaw Worm","floor":2,"turns":1},{"damage":0,"enemies":"Gremlin Nob","floor":7,"turns":1},{"damage":0,"enemies":"2 Louse","floor":12,"turns":3},{"damage":26,"enemies":"Lagavulin","floor":13,"turns":6},{"damage":17,"enemies":"Slime Boss","floor":16,"turns":7},{"damage":3,"enemies":"3 Byrds","floor":18,"turns":3},{"damage":28,"enemies":"2 Thieves","floor":19,"turns":4},{"damage":40,"enemies":"Sentry and Sphere","floor":21,"turns":4}],"seed_played":"1638209877348460470","potions_obtained":[{"floor":1,"key":"LiquidBronze"},{"floor":18,"key":"Block Potion"}],"is_trial":false,"path_per_floor":["M","M","?","?","T","R","E","$","T","$","R","M","E","?","R","B",null,"M","M","?","M"],"character_chosen":"THE_SILENT","items_purchased":[],"campfire_rested":0,"item_purchase_floors":[],"current_hp_per_floor":[70,70,70,67,67,67,67,67,67,67,67,67,41,64,64,47,70,67,39,39,0],"gold":535,"neow_bonus":"THREE_ENEMY_KILL","is_prod":false,"is_daily":false,"chose_seed":false,"campfire_upgraded":2,"win_rate":0,"timestamp":1555379726,"path_taken":["M","?","?","?","?","R","E","$","T","?","R","M","E","?","R","BOSS","M","M","?","M"],"build_version":"2019-01-23","purchased_purges":0,"victory":false,"max_hp_per_floor":[70,70,70,70,70,70,70,70,70,70,70,70,70,70,70,70,70,70,70,70,70],"card_choices":[{"not_picked":["Masterful Stab","Dagger Spray","Eviscerate"],"picked":"SKIP","floor":1},{"not_picked":["Blade Dance","Underhanded Strike"],"picked":"Infinite Blades","floor":2},{"not_picked":["Sucker Punch","Deflect"],"picked":"Caltrops+1","floor":7},{"not_picked":["Poisoned Stab","Slice"],"picked":"Blade Dance","floor":12},{"not_picked":["Envenom+1","Deadly Poison"],"picked":"Caltrops+1","floor":13},{"not_picked":["Die Die Die","Bullet Time"],"picked":"Tools of the Trade+1","floor":16},{"not_picked":["Eviscerate","Concentrate+1"],"picked":"Blade Dance","floor":18},{"not_picked":["Quick Slash","Sucker Punch","Reflex"],"picked":"SKIP","floor":19}],"player_experience":260568,"relics_obtained":[{"floor":5,"key":"Frozen Egg 2"},{"floor":7,"key":"MawBank"},{"floor":9,"key":"Shuriken"},{"floor":13,"key":"Pocketwatch"}],"event_choices":[{"damage_healed":0,"gold_gain":0,"cards_transformed":["Strike_G"],"player_choice":"Change","damage_taken":0,"max_hp_gain":0,"max_hp_loss":0,"event_name":"Living Wall","floor":3,"gold_loss":0,"cards_obtained":["Deflect"]},{"damage_healed":0,"gold_gain":0,"player_choice":"Success","damage_taken":3,"relics_obtained":["Tingsha"],"max_hp_gain":0,"max_hp_loss":0,"event_name":"Scrap Ooze","floor":4,"gold_loss":0},{"damage_healed":23,"gold_gain":0,"player_choice":"Banana","damage_taken":0,"max_hp_gain":0,"max_hp_loss":0,"event_name":"Big Fish","floor":14,"gold_loss":0},{"damage_healed":0,"gold_gain":0,"player_choice":"Smashed Altar","damage_taken":0,"max_hp_gain":0,"max_hp_loss":0,"event_name":"Forgotten Altar","floor":20,"gold_loss":0,"cards_obtained":["Decay"]}],"is_beta":false,"boss_relics":[{"not_picked":["Coffee Dripper","Eternal Feather"],"picked":"Black Star"}],"items_purged_floors":[],"is_endless":false,"potions_floor_spawned":[1,18],"killed_by":"Sentry and Sphere","ascension_level":3}