{"gold_per_floor":[113,123,73,85,0,0,18,18,97,110,20,20,32,46,46,143,143,158,174,194,212,223,223,241,341,367,377,377,377,110,124,124,124],"floor_reached":33,"playtime":1220,"items_purged":["Steam"],"score":245,"play_id":"fd82238e-5303-47f5-a9a9-f7d185a334a1","local_time":"20180814195507","is_ascension_mode":false,"campfire_choices":[{"floor":6.0,"key":"REST"},{"floor":12.0,"key":"REST"},{"floor":15.0,"key":"REST"},{"floor":23.0,"key":"REST"},{"floor":29,"key":"REST"},{"floor":32,"key":"REST"}],"neow_cost":"NONE","seed_source_timestamp":0,"circlet_count":0,"master_deck":["Strike_B+1","Strike_B+1","Defend_B+1","Defend_B+1","Defend_B+1","Zap","Dualcast","Melter","Loop","Ball Lightning","Scrape","Auto Shields","Static Discharge","Cold Snap","Streamline","Defragment","Rainbow","Streamline+1","Turbo+1","Barrage+1","Sweeping Beam+1","Conserve Battery+1","Go for the Eyes","Apotheosis"],"special_seed":0,"relics":["Fusion Hammer","Matryoshka","Centennial Puzzle","Symbiotic Virus","Empty Cage","Art of War","Bag of Marbles"],"potions_floor_usage":[31,33,33,33],"damage_taken":[{"damage":2.0,"enemies":"2 Louse","floor":1.0,"turns":3.0},{"damage":6.0,"enemies":"Jaw Worm","floor":2.0,"turns":3.0},{"damage":0.0,"enemies":"Cultist","floor":4.0,"turns":3.0},{"damage":9.0,"enemies":"Exordium Thugs","floor":7.0,"turns":3.0},{"damage":14.0,"enemies":"Gremlin Gang","floor":10.0,"turns":4.0},{"damage":9.0,"enemies":"Lots of Slimes","floor":13.0,"turns":3.0},{"damage":0.0,"enemies":"Large Slime","floor":14.0,"turns":4.0},{"damage":58.0,"enemies":"The Guardian","floor":16.0,"turns":7.0},{"damage":0.0,"enemies":"Chosen","floor":18.0,"turns":3.0},{"damage":0.0,"enemies":"Spheric Guardian","floor":19.0,"turns":2.0},{"damage":3.0,"enemies":"Snecko","floor":20.0,"turns":3.0},{"damage":22.0,"enemies":"Centurion and Healer","floor":21.0,"turns":4.0},{"damage":20.0,"enemies":"3 Cultists","floor":22.0,"turns":6.0},{"damage":18.0,"enemies":"Snecko","floor":24.0,"turns":4.0},{"damage":13,"enemies":"Cultist and Chosen","floor":27,"turns":5},{"damage":12,"enemies":"Centurion and Healer","floor":31,"turns":5},{"damage":66,"enemies":"Automaton","floor":33,"turns":8}],"seed_played":"-6381964167542499512","potions_obtained":[{"floor":4.0,"key":"Explosive Potion"},{"floor":10.0,"key":"EssenceOfSteel"},{"floor":13.0,"key":"FearPotion"},{"floor":27,"key":"PowerPotion"},{"floor":31,"key":"Regen Potion"}],"is_trial":false,"path_per_floor":["M","M","?","M","$","R","M","T","T","M","$","R","M","M","R","B",null,"M","M","M","M","M","R","M","?","T","M","?","R","$","M","R"],"character_chosen":"DEFECT","items_purchased":["Ball Lightning","Scrape","Static Discharge","Cold Snap","Apotheosis"],"campfire_rested":6,"item_purchase_floors":[5,5,11,11,30],"current_hp_per_floor":[73,67,67,67,67,75,66,66,66,52,52,74,65,65,75,17,75,75,75,72,50,30,52,34,34,34,21,21,43,43,31,53,0],"gold":124,"neow_bonus":"BOSS_RELIC","is_prod":false,"is_daily":false,"chose_seed":false,"campfire_upgraded":0,"win_rate":0,"timestamp":1534290907,"path_taken":["M","M","?","M","$","R","?","?","T","M","$","R","M","M","R","BOSS","M","M","M","M","?","R","M","?","T","M","?","R","$","M","R","BOSS"],"build_version":"2018-08-09","purchased_purges":1,"victory":false,"max_hp_per_floor":[75,75,75,75,75,75,75,75,75,75,75,75,75,75,75,75,75,75,75,75,75,75,75,75,75,75,75,75,75,75,75,75,75],"card_choices":[{"not_picked":["Steam","Compile Driver"],"picked":"Melter","floor":1.0},{"not_picked":["Sweeping Beam","Rip and Tear","Stack"],"picked":"SKIP","floor":2.0},{"not_picked":["Go for the Eyes","Storm"],"picked":"Loop","floor":4.0},{"not_picked":["Sweeping Beam","Lockon"],"picked":"Steam","floor":7.0},{"not_picked":["Loop","Steam"],"picked":"Auto Shields","floor":10.0},{"not_picked":["Sweeping Beam","Rip and Tear"],"picked":"Streamline","floor":13.0},{"not_picked":["Storm","Recycle"],"picked":"Defragment","floor":14.0},{"not_picked":["Machine Learning","Buffer"],"picked":"Rainbow","floor":16.0},{"not_picked":["Heatsinks+1","Blizzard"],"picked":"Streamline+1","floor":18.0},{"not_picked":["Stack","Aggregate"],"picked":"Turbo+1","floor":19.0},{"not_picked":["Hologram","Cold Snap"],"picked":"Barrage+1","floor":20.0},{"not_picked":["Beam Cell","Sweeping Beam","Loop"],"picked":"SKIP","floor":21.0},{"not_picked":["Leap","Machine Learning"],"picked":"Sweeping Beam+1","floor":22.0},{"not_picked":["Steam Power+1","Ball Lightning+1"],"picked":"Conserve Battery+1","floor":24.0},{"not_picked":["Redo","Echo Form"],"picked":"Go for the Eyes","floor":27},{"not_picked":["BootSequence","Aggregate","Doom and Gloom"],"picked":"SKIP","floor":31}],"player_experience":304754,"relics_obtained":[{"floor":8.0,"key":"Matryoshka"},{"floor":9.0,"key":"Centennial Puzzle"},{"floor":9.0,"key":"Symbiotic Virus"},{"floor":26,"key":"Art of War"},{"floor":26,"key":"Bag of Marbles"}],"event_choices":[{"event_name":"The Cleric","player_choice":"Card Removal","floor":3.0,"damage_taken":0.0},{"event_name":"Golden Shrine","player_choice":"Pray","floor":25,"damage_taken":0},{"event_name":"Back to Basics","player_choice":"Simplicity","floor":28,"damage_taken":0}],"is_beta":false,"boss_relics":[{"not_picked":["White Beast Statue","Eternal Feather"],"picked":"Empty Cage"}],"items_purged_floors":[30],"is_endless":false,"potions_floor_spawned":[4,10,13,16,22,27,31],"killed_by":"Automaton","ascension_level":0}