{"gold_per_floor":[112,112,191,205,131,131,163,163,163,192,210,227,243,243,243,342,342,354,354,129,129,129,129,154,154],"floor_reached":25,"playtime":812,"items_purged":[],"score":250,"play_id":"882ee9fa-9924-4292-ab93-d32556cb6bc1","local_time":"20190406160425","is_ascension_mode":true,"campfire_choices":[{"data":"Defragment","floor":6,"key":"SMITH"},{"floor":15,"key":"REST"},{"data":"Apotheosis","floor":23,"key":"SMITH"}],"neow_cost":"NONE","seed_source_timestamp":249061193287606,"circlet_count":0,"master_deck":["Strike_B+1","Strike_B+1","Strike_B+1","Defend_B+1","Defend_B+1","Zap","Dualcast","Defragment+1","Streamline","Gash","Beam Cell+1","Scrape","Defragment","Capacitor","Seek","Go for the Eyes","Rainbow","Gash","Redo","Skim","Apotheosis+1","Loop","Loop"],"relics":["Cracked Core","Lantern","Orichalcum","Gremlin Horn","Runic Pyramid","Anchor"],"potions_floor_usage":[10,16,16],"damage_taken":[{"damage":2,"enemies":"Jaw Worm","floor":1,"turns":3},{"damage":2,"enemies":"2 Louse","floor":4,"turns":2},{"damage":30,"enemies":"3 Sentries","floor":7,"turns":6},{"damage":14,"enemies":"Lagavulin","floor":10,"turns":3},{"damage":0,"enemies":"Small Slimes","floor":11,"turns":2},{"damage":0,"enemies":"3 Louse","floor":12,"turns":2},{"damage":2,"enemies":"Large Slime","floor":13,"turns":4},{"damage":12,"enemies":"Slime Boss","floor":16,"turns":5},{"damage":28,"enemies":"2 Thieves","floor":18,"turns":4},{"damage":42,"enemies":"Slavers","floor":24,"turns":4},{"damage":9,"enemies":"Colosseum Slavers","floor":25,"turns":1}],"seed_played":"-4434349489056387410","potions_obtained":[{"floor":7,"key":"Poison Potion"},{"floor":11,"key":"Fire Potion"},{"floor":12,"key":"SkillPotion"},{"floor":16,"key":"SteroidPotion"},{"floor":24,"key":"Ancient Potion"}],"is_trial":false,"path_per_floor":["M","?","?","M","$","R","E","?","T","E","M","M","M","?","R","B",null,"M","?","$","?","$","R","E","?"],"character_chosen":"DEFECT","items_purchased":["Gash","Beam Cell","Apotheosis","Loop"],"campfire_rested":1,"item_purchase_floors":[5,5,20,20],"current_hp_per_floor":[73,58,58,56,56,56,26,26,26,12,12,12,10,35,57,45,75,47,47,47,47,47,47,5,0],"gold":154,"neow_bonus":"TRANSFORM_CARD","is_prod":false,"is_daily":false,"chose_seed":false,"campfire_upgraded":2,"win_rate":0,"timestamp":1554581065,"path_taken":["M","?","?","M","$","R","E","?","T","E","M","M","?","?","R","BOSS","M","?","$","?","$","R","E","?"],"build_version":"2019-01-23","purchased_purges":0,"victory":false,"max_hp_per_floor":[75,75,75,75,75,75,75,75,75,75,75,75,75,75,75,75,75,75,75,75,75,75,75,75,75],"card_choices":[{"not_picked":["Hologram","Coolheaded"],"picked":"Streamline","floor":1},{"not_picked":["Stack","Steam","Undo"],"picked":"SKIP","floor":4},{"not_picked":["Chill","Ball Lightning"],"picked":"Scrape","floor":7},{"not_picked":["Heatsinks","Rip and Tear"],"picked":"Defragment","floor":10},{"not_picked":["Ball Lightning","Turbo"],"picked":"Capacitor","floor":11},{"not_picked":["Stack","Hologram"],"picked":"Seek","floor":12},{"not_picked":["Leap","Coolheaded"],"picked":"Go for the Eyes","floor":13},{"not_picked":["Multi-Cast","Core Surge"],"picked":"Rainbow","floor":16},{"not_picked":["Beam Cell","Ball Lightning"],"picked":"Gash","floor":18},{"not_picked":["Steam+1","Hello World"],"picked":"Loop","floor":24}],"player_experience":213053,"relics_obtained":[{"floor":7,"key":"Lantern"},{"floor":9,"key":"Orichalcum"},{"floor":10,"key":"Gremlin Horn"},{"floor":24,"key":"Anchor"}],"event_choices":[{"damage_healed":0,"gold_gain":0,"player_choice":"Entered Light","damage_taken":15,"max_hp_gain":0,"max_hp_loss":0,"event_name":"Shining Light","floor":2,"gold_loss":0,"cards_upgraded":["Strike_B","Strike_B"]},{"damage_healed":0,"gold_gain":79,"player_choice":"Gained Gold","damage_taken":0,"max_hp_gain":0,"max_hp_loss":0,"event_name":"Golden Wing","floor":3,"gold_loss":0},{"damage_healed":0,"gold_gain":0,"player_choice":"Grow","damage_taken":0,"max_hp_gain":0,"max_hp_loss":0,"event_name":"Living Wall","floor":8,"gold_loss":0,"cards_upgraded":["Beam Cell"]},{"damage_healed":25,"gold_gain":0,"player_choice":"Banana","damage_taken":0,"max_hp_gain":0,"max_hp_loss":0,"event_name":"Big Fish","floor":14,"gold_loss":0},{"damage_healed":0,"gold_gain":0,"cards_transformed":["Defend_B","Defend_B"],"player_choice":"Became Test Subject","damage_taken":0,"max_hp_gain":0,"max_hp_loss":0,"event_name":"Drug Dealer","floor":19,"gold_loss":0,"cards_obtained":["Redo","Skim"]},{"damage_healed":0,"gold_gain":0,"player_choice":"Simplicity","damage_taken":0,"max_hp_gain":0,"max_hp_loss":0,"event_name":"Back to Basics","floor":21,"gold_loss":0,"cards_upgraded":["Strike_B","Defend_B","Defend_B"]},{"damage_healed":0,"gold_gain":0,"player_choice":"Fight","damage_taken":0,"max_hp_gain":0,"max_hp_loss":0,"event_name":"Colosseum","floor":25,"gold_loss":0}],"is_beta":false,"boss_relics":[{"not_picked":["Fusion Hammer","Coffee Dripper"],"picked":"Runic Pyramid"}],"items_purged_floors":[],"is_endless":false,"potions_floor_spawned":[7,11,12,16,24],"killed_by":"Colosseum Slavers","ascension_level":2}