{"gold_per_floor":[119,138,168,183,183,214,214,245,245,270,296,296,317,347,347,452,452,467,467,392,392,307,339,353,380,380,380,413,413,413,428,428,529,529,549,549,562,576,576,293,328,328,355,365,379,413,425,460,460,460],"floor_reached":51,"playtime":3478,"items_purged":["Defend_R"],"score":998,"play_id":"2feae26d-5a59-45d8-98cd-142dbdca3b30","local_time":"20190227004448","is_ascension_mode":true,"campfire_choices":[{"data":"Iron Wave","floor":7,"key":"SMITH"},{"data":"Spot Weakness","floor":15,"key":"SMITH"},{"floor":32,"key":"REST"},{"data":"Limit Break","floor":42,"key":"SMITH"},{"data":"Flame Barrier","floor":49,"key":"SMITH"}],"neow_cost":"NONE","seed_source_timestamp":182035185445453,"circlet_count":0,"master_deck":["Defend_R","Defend_R","Defend_R","Bash","Iron Wave+1","Iron Wave+1","Iron Wave+1","Flame Barrier+1","Spot Weakness+1","Battle Trance","Limit Break+1","Bite","Bite","Bite","Flex+1","Panacea+1","Madness+1","Armaments+1","Warcry+1","Flex+1","Shockwave+1","Shrug It Off+1"],"relics":["Burning Blood","NeowsBlessing","Tiny Chest","WingedGreaves","Mercury Hourglass","Matryoshka","Whetstone","Centennial Puzzle","Odd Mushroom","Orichalcum","Busted Crown","Mango","Happy Flower","Anchor","Nunchaku","Toxic Egg 2","Dream Catcher","Strawberry","Bottled Flame","Runic Cube","Oddly Smooth Stone","Bottled Lightning","Omamori","Charon\u0027s Ashes","Sundial"],"potions_floor_usage":[50,50],"damage_taken":[{"damage":0,"enemies":"Small Slimes","floor":1,"turns":1},{"damage":0,"enemies":"2 Louse","floor":2,"turns":1},{"damage":0,"enemies":"Jaw Worm","floor":4,"turns":1},{"damage":14,"enemies":"3 Sentries","floor":6,"turns":11},{"damage":7,"enemies":"Gremlin Nob","floor":8,"turns":5},{"damage":13,"enemies":"Lagavulin","floor":10,"turns":7},{"damage":0,"enemies":"The Mushroom Lair","floor":13,"turns":4},{"damage":1,"enemies":"Gremlin Nob","floor":14,"turns":4},{"damage":17,"enemies":"The Guardian","floor":16,"turns":12},{"damage":8,"enemies":"2 Thieves","floor":18,"turns":3},{"damage":12,"enemies":"Slavers","floor":23,"turns":5},{"damage":0,"enemies":"3 Byrds","floor":24,"turns":2},{"damage":21,"enemies":"Book of Stabbing","floor":25,"turns":4},{"damage":27,"enemies":"Slavers","floor":28,"turns":6},{"damage":11,"enemies":"Snecko","floor":31,"turns":6},{"damage":64,"enemies":"Collector","floor":33,"turns":7},{"damage":23,"enemies":"3 Darklings","floor":35,"turns":6},{"damage":9,"enemies":"Orb Walker","floor":37,"turns":3},{"damage":25,"enemies":"Jaw Worm Horde","floor":38,"turns":4},{"damage":24,"enemies":"Reptomancer","floor":41,"turns":5},{"damage":0,"enemies":"4 Shapes","floor":44,"turns":5},{"damage":3,"enemies":"Maw","floor":45,"turns":5},{"damage":9,"enemies":"Giant Head","floor":46,"turns":6},{"damage":0,"enemies":"Jaw Worm Horde","floor":47,"turns":4},{"damage":16,"enemies":"Nemesis","floor":48,"turns":7},{"damage":56,"enemies":"Donu and Deca","floor":50,"turns":9}],"seed_played":"-1033074147975867246","potions_obtained":[{"floor":2,"key":"Block Potion"},{"floor":6,"key":"SmokeBomb"},{"floor":8,"key":"FearPotion"},{"floor":10,"key":"Weak Potion"},{"floor":28,"key":"PowerPotion"}],"is_trial":false,"path_per_floor":["M","M","?","M","?","E","R","E","T","E","T","?","?","E","R","B",null,"M","?","?","?","?","E","M","E","T","?","E","T","?","M","R","B",null,"M","?","M","M","?","$","E","R","T","M","M","E","M","E","R","B",null],"character_chosen":"IRONCLAD","items_purchased":["Oddly Smooth Stone","Flex+1"],"campfire_rested":1,"item_purchase_floors":[40,40],"current_hp_per_floor":[80,80,73,79,63,55,55,54,54,47,47,47,55,62,62,53,80,78,92,92,73,73,69,77,64,64,64,58,58,58,59,90,49,106,100,100,101,92,92,92,84,84,84,99,101,99,101,101,101,63],"gold":460,"neow_bonus":"THREE_ENEMY_KILL","is_prod":false,"is_daily":false,"chose_seed":false,"campfire_upgraded":4,"win_rate":0,"timestamp":1551246288,"path_taken":["M","M","?","M","?","E","R","E","T","E","?","?","?","E","R","BOSS","M","?","?","?","?","E","?","E","T","?","E","?","?","M","R","BOSS","M","?","?","M","?","$","E","R","T","M","M","E","M","E","R","BOSS"],"build_version":"2019-01-23","purchased_purges":1,"victory":true,"max_hp_per_floor":[80,80,80,80,80,80,80,80,80,80,80,80,80,80,80,80,80,80,94,94,99,99,99,99,99,99,99,106,106,106,106,106,106,106,106,106,106,106,101,101,101,101,101,101,101,101,101,101,101,101],"card_choices":[{"not_picked":["Thunderclap","Burning Pact"],"picked":"Iron Wave","floor":1},{"not_picked":["Anger","Pommel Strike"],"picked":"Iron Wave","floor":2},{"not_picked":["Havoc","Wild Strike"],"picked":"Iron Wave","floor":4},{"not_picked":["Thunderclap","Perfected Strike","Havoc"],"picked":"SKIP","floor":6},{"not_picked":["Sentinel","Blood for Blood"],"picked":"Flame Barrier","floor":8},{"not_picked":["Feed","Warcry","Carnage"],"picked":"SKIP","floor":10},{"not_picked":["Dropkick","Rage"],"picked":"Spot Weakness","floor":13},{"not_picked":["Searing Blow","Uppercut"],"picked":"Battle Trance","floor":14},{"not_picked":["Exhume","Brutality"],"picked":"Limit Break","floor":16},{"not_picked":["Havoc+1"],"picked":"SKIP","floor":18},{"not_picked":["Anger"],"picked":"SKIP","floor":23},{"not_picked":["Wild Strike"],"picked":"SKIP","floor":24},{"not_picked":["Thunderclap+1"],"picked":"SKIP","floor":25},{"not_picked":[],"picked":"Flex+1","floor":28},{"not_picked":[],"picked":"Armaments+1","floor":31},{"not_picked":["Clash+1"],"picked":"SKIP","floor":35},{"not_picked":["Perfected Strike"],"picked":"SKIP","floor":37},{"not_picked":[],"picked":"Warcry+1","floor":38},{"not_picked":["Clash+1"],"picked":"SKIP","floor":41},{"not_picked":[],"picked":"Shockwave+1","floor":44},{"not_picked":["True Grit+1"],"picked":"SKIP","floor":45},{"not_picked":[],"picked":"Shrug It Off+1","floor":46},{"not_picked":["Sword Boomerang+1"],"picked":"SKIP","floor":47},{"not_picked":["Sword Boomerang+1"],"picked":"SKIP","floor":48}],"player_experience":96385,"relics_obtained":[{"floor":6,"key":"WingedGreaves"},{"floor":8,"key":"Mercury Hourglass"},{"floor":9,"key":"Matryoshka"},{"floor":10,"key":"Whetstone"},{"floor":11,"key":"Blood Vial"},{"floor":11,"key":"Centennial Puzzle"},{"floor":13,"key":"Odd Mushroom"},{"floor":14,"key":"Orichalcum"},{"floor":23,"key":"Anchor"},{"floor":25,"key":"Nunchaku"},{"floor":26,"key":"Toxic Egg 2"},{"floor":26,"key":"Dream Catcher"},{"floor":28,"key":"Strawberry"},{"floor":29,"key":"Bottled Flame"},{"floor":41,"key":"Bottled Lightning"},{"floor":43,"key":"Omamori"},{"floor":46,"key":"Charon\u0027s Ashes"},{"floor":48,"key":"Sundial"}],"event_choices":[{"damage_healed":0,"gold_gain":0,"player_choice":"Success","damage_taken":7,"relics_obtained":["Tiny Chest"],"max_hp_gain":0,"max_hp_loss":0,"event_name":"Scrap Ooze","floor":3,"gold_loss":0},{"damage_healed":0,"gold_gain":0,"player_choice":"Entered Light","damage_taken":16,"max_hp_gain":0,"max_hp_loss":0,"event_name":"Shining Light","floor":5,"gold_loss":0,"cards_upgraded":["Iron Wave","Iron Wave"]},{"damage_healed":0,"gold_gain":0,"player_choice":"Ignored","damage_taken":0,"max_hp_gain":0,"max_hp_loss":0,"event_name":"Liars Game","floor":12,"gold_loss":0},{"damage_healed":0,"gold_gain":0,"player_choice":"Fought Mushrooms","damage_taken":0,"max_hp_gain":0,"max_hp_loss":0,"event_name":"Mushrooms","floor":13,"gold_loss":0},{"damage_healed":0,"gold_gain":0,"player_choice":"Opened","damage_taken":0,"relics_obtained":["Mango"],"max_hp_gain":0,"max_hp_loss":0,"event_name":"The Mausoleum","floor":19,"gold_loss":0},{"cards_removed":["Strike_R"],"damage_healed":0,"gold_gain":0,"player_choice":"Gave Gold","damage_taken":0,"max_hp_gain":0,"max_hp_loss":0,"event_name":"Beggar","floor":20,"gold_loss":75},{"damage_healed":0,"gold_gain":0,"player_choice":"Shed Blood","damage_taken":24,"max_hp_gain":5,"max_hp_loss":0,"event_name":"Forgotten Altar","floor":21,"gold_loss":0},{"damage_healed":0,"gold_gain":0,"player_choice":"Obtained Relic","damage_taken":0,"relics_obtained":["Happy Flower"],"max_hp_gain":0,"max_hp_loss":0,"event_name":"Addict","floor":22,"gold_loss":85},{"damage_healed":0,"gold_gain":0,"player_choice":"Became a vampire (Vial)","damage_taken":0,"max_hp_gain":0,"max_hp_loss":0,"event_name":"Vampires","floor":27,"relics_lost":["Blood Vial"],"gold_loss":0,"cards_obtained":["Bite","Bite","Bite","Bite","Bite"]},{"damage_healed":0,"gold_gain":0,"cards_transformed":["Bite","Bite"],"player_choice":"Became Test Subject","damage_taken":0,"max_hp_gain":0,"max_hp_loss":0,"event_name":"Drug Dealer","floor":30,"gold_loss":0,"cards_obtained":["Panacea","Madness"]},{"damage_healed":0,"gold_gain":0,"player_choice":"Bought 0 Potions","damage_taken":0,"max_hp_gain":0,"max_hp_loss":0,"event_name":"The Woman in Blue","floor":36,"gold_loss":0},{"damage_healed":0,"gold_gain":0,"player_choice":"Max HP","damage_taken":0,"max_hp_gain":0,"max_hp_loss":5,"event_name":"Winding Halls","floor":39,"gold_loss":0}],"is_beta":false,"boss_relics":[{"not_picked":["Lizard Tail","Velvet Choker"],"picked":"Busted Crown"},{"not_picked":["Cursed Key","Fusion Hammer"],"picked":"Runic Cube"}],"items_purged_floors":[40],"is_endless":false,"potions_floor_spawned":[2,6,8,10,24,28,33,35,37,41,46],"ascension_level":2}