{"gold_per_floor":[211,224,149,149,168,168,168,180,192,204,247,273,319,341,353,365],"floor_reached":16,"playtime":817,"items_purged":["Strike_R"],"score":127,"play_id":"a4cfc61a-a554-4000-bd19-557531c8dd5d","local_time":"20190325104558","is_ascension_mode":true,"campfire_choices":[{"floor":6,"key":"RECALL"},{"data":"Bash","floor":8,"key":"SMITH"},{"floor":15,"key":"REST"}],"neow_cost":"NONE","seed_source_timestamp":0,"circlet_count":0,"master_deck":["Strike_R","Strike_R","Strike_R","Strike_R","Defend_R","Defend_R","Defend_R","Defend_R","Bash+1","True Grit+1","Whirlwind","Iron Wave"],"special_seed":0,"relics":["Burning Blood","MawBank","Anchor","Darkstone Periapt"],"potions_floor_usage":[13,13],"damage_taken":[{"damage":7.0,"enemies":"Small Slimes","floor":1.0,"turns":4.0},{"damage":6.0,"enemies":"Jaw Worm","floor":2.0,"turns":4.0},{"damage":0,"enemies":"2 Louse","floor":5,"turns":4},{"damage":47,"enemies":"3 Sentries","floor":11,"turns":19},{"damage":0,"enemies":"Large Slime","floor":12,"turns":6},{"damage":29,"enemies":"Lagavulin","floor":13,"turns":8},{"damage":0,"enemies":"Lots of Slimes","floor":14,"turns":1},{"damage":36,"enemies":"Hexaghost","floor":16,"turns":10}],"seed_played":"-8821897156293457840","potions_obtained":[{"floor":2.0,"key":"SteroidPotion"},{"floor":5,"key":"Weak Potion"},{"floor":11,"key":"Strength Potion"}],"is_trial":false,"path_per_floor":["M","M","$","?","M","R","?","R","T","?","E","M","E","M","R","B"],"character_chosen":"IRONCLAD","items_purchased":[],"campfire_rested":1,"item_purchase_floors":[],"current_hp_per_floor":[79,79,79,79,80,80,73,73,73,73,32,38,15,21,45,9],"gold":365,"neow_bonus":"HUNDRED_GOLD","is_prod":false,"is_daily":false,"chose_seed":false,"campfire_upgraded":1,"win_rate":0,"timestamp":1553507158,"path_taken":["M","M","$","?","M","R","?","R","T","?","E","M","E","M","R","BOSS"],"build_version":"2019-01-23","purchased_purges":1,"victory":false,"max_hp_per_floor":[80,80,80,80,80,80,80,80,80,80,80,80,80,80,80,80],"card_choices":[{"not_picked":["Thunderclap","Perfected Strike"],"picked":"True Grit","floor":1.0},{"not_picked":["Body Slam","Corruption","Flex"],"picked":"SKIP","floor":2.0},{"not_picked":["True Grit","Clothesline","Entrench"],"picked":"SKIP","floor":5},{"not_picked":["True Grit","Twin Strike"],"picked":"Whirlwind","floor":11},{"not_picked":["Pommel Strike","Thunderclap"],"picked":"Iron Wave","floor":12},{"not_picked":["Headbutt","Carnage","Corruption"],"picked":"SKIP","floor":13},{"not_picked":["Body Slam","Cleave","Heavy Blade"],"picked":"SKIP","floor":14}],"player_experience":80940,"relics_obtained":[{"floor":11,"key":"Anchor"},{"floor":13,"key":"Darkstone Periapt"}],"event_choices":[{"damage_healed":0,"gold_gain":0,"player_choice":"Grow","damage_taken":0,"max_hp_gain":0,"max_hp_loss":0,"event_name":"Living Wall","floor":4,"gold_loss":0,"cards_upgraded":["True Grit"]},{"damage_healed":0,"gold_gain":0,"player_choice":"Success","damage_taken":7,"relics_obtained":["MawBank"],"max_hp_gain":0,"max_hp_loss":0,"event_name":"Scrap Ooze","floor":7,"gold_loss":0},{"damage_healed":0,"gold_gain":0,"player_choice":"Ignored","damage_taken":0,"max_hp_gain":0,"max_hp_loss":0,"event_name":"Liars Game","floor":10,"gold_loss":0}],"is_beta":false,"boss_relics":[],"items_purged_floors":[3],"is_endless":false,"potions_floor_spawned":[2,5,11],"killed_by":"Hexaghost","ascension_level":3}