{"gold_per_floor":[115,15,15,32,47,47,57,67,67,67,131,151,185,185],"floor_reached":14,"playtime":547,"items_purged":[],"score":102,"play_id":"403a18a3-0e17-4005-8da4-63619756ebaf","local_time":"20190210103017","is_ascension_mode":false,"campfire_choices":[{"data":"Noxious Fumes","floor":6,"key":"SMITH"},{"data":"Neutralize","floor":10,"key":"SMITH"}],"neow_cost":"NONE","seed_source_timestamp":7202258657618,"circlet_count":0,"master_deck":["Defend_G","Defend_G","Defend_G","Defend_G","Defend_G","Strike_G","Strike_G","Strike_G","Strike_G","Strike_G","Survivor","Neutralize+1","Noxious Fumes+1","Poisoned Stab","Deadly Poison","Backflip","Quick Slash","All Out Attack","Blur","Cloak And Dagger","Bane"],"relics":["Coffee Dripper","Matryoshka","Tiny Chest","Paper Crane"],"potions_floor_usage":[13,13,14],"damage_taken":[{"damage":0,"enemies":"2 Louse","floor":1,"turns":4},{"damage":3,"enemies":"Small Slimes","floor":4,"turns":3},{"damage":6,"enemies":"Jaw Worm","floor":5,"turns":4},{"damage":1,"enemies":"Blue Slaver","floor":7,"turns":3},{"damage":5,"enemies":"Gremlin Gang","floor":8,"turns":2},{"damage":26,"enemies":"Gremlin Nob","floor":11,"turns":5},{"damage":18,"enemies":"Lots of Slimes","floor":12,"turns":3},{"damage":12,"enemies":"3 Sentries","floor":13,"turns":7},{"damage":4,"enemies":"3 Sentries","floor":14,"turns":2}],"seed_played":"5430169215198427862","potions_obtained":[{"floor":1,"key":"SkillPotion"},{"floor":5,"key":"Strength Potion"},{"floor":11,"key":"PowerPotion"},{"floor":13,"key":"Explosive Potion"}],"is_trial":false,"path_per_floor":["M","$","?","M","M","R","M","M","T","R","E","M","E","?"],"character_chosen":"THE_SILENT","items_purchased":["Poisoned Stab","Deadly Poison"],"campfire_rested":0,"item_purchase_floors":[2,2],"current_hp_per_floor":[70,70,75,72,66,66,65,60,60,60,34,16,4,0],"gold":185,"neow_bonus":"BOSS_RELIC","is_prod":false,"is_daily":false,"chose_seed":false,"campfire_upgraded":2,"win_rate":0,"timestamp":1549812617,"path_taken":["M","$","?","M","M","R","M","M","T","R","E","M","E","?"],"build_version":"2019-01-23","purchased_purges":0,"victory":false,"max_hp_per_floor":[70,70,75,75,75,75,75,75,75,75,75,75,75,75],"card_choices":[{"not_picked":["Bane","Cloak And Dagger"],"picked":"Noxious Fumes","floor":1},{"not_picked":["Underhanded Strike","Blade Dance"],"picked":"Backflip","floor":4},{"not_picked":["Deadly Poison","Distraction"],"picked":"Quick Slash","floor":5},{"not_picked":["Poisoned Stab","Well Laid Plans"],"picked":"All Out Attack","floor":7},{"not_picked":["Outmaneuver","Underhanded Strike"],"picked":"Blur","floor":8},{"not_picked":["Acrobatics","All Out Attack","Phantasmal Killer"],"picked":"SKIP","floor":11},{"not_picked":["Deadly Poison","Leg Sweep"],"picked":"Cloak And Dagger","floor":12},{"not_picked":["Flying Knee","Blur"],"picked":"Bane","floor":13}],"player_experience":372088,"relics_obtained":[{"floor":9,"key":"Matryoshka"},{"floor":11,"key":"Tiny Chest"},{"floor":13,"key":"Paper Crane"}],"event_choices":[{"damage_healed":0,"gold_gain":0,"player_choice":"Donut","damage_taken":0,"max_hp_gain":5,"max_hp_loss":0,"event_name":"Big Fish","floor":3,"gold_loss":0},{"damage_healed":0,"gold_gain":0,"player_choice":"Searched \u00271\u0027 times","damage_taken":0,"max_hp_gain":0,"max_hp_loss":0,"event_name":"Dead Adventurer","floor":14,"gold_loss":0}],"is_beta":false,"boss_relics":[],"items_purged_floors":[],"is_endless":false,"potions_floor_spawned":[1,5,11,12,13],"killed_by":"3 Sentries","ascension_level":0}