{"path_per_floor":["M","M","M","M","?","R","$","?","T","E","M","R","$","?","R","B",null,"M","M","?","M","M","$"],"character_chosen":"THE_SILENT","items_purchased":["Backflip","Bouncing Flask","Block Potion","Madness","Regen Potion"],"gold_per_floor":[119,131,151,170,170,170,53,3,28,54,66,66,17,42,42,137,137,152,168,168,185,196,22,22],"floor_reached":24,"campfire_rested":3,"playtime":4248,"item_purchase_floors":[7,7,13,23,23],"current_hp_per_floor":[61,61,57,48,48,69,69,69,69,60,46,70,70,49,70,51,70,52,35,35,21,6,6,0],"items_purged":[],"gold":22,"score":223,"play_id":"443cc0a2-5a3b-45ea-aac5-e1193843d7c3","local_time":"20180615091741","is_prod":false,"is_daily":false,"chose_seed":false,"is_ascension_mode":false,"campfire_upgraded":0,"win_rate":0.0,"timestamp":1529068661,"campfire_choices":[{"floor":6,"key":"REST"},{"floor":12,"key":"REST"},{"floor":15,"key":"REST"}],"path_taken":["M","M","M","M","?","R","$","?","T","E","M","R","$","?","R","BOSS","M","M","?","M","M","$","M"],"build_version":"2018-06-14v2","seed_source_timestamp":175254933894565,"purchased_purges":0,"victory":false,"master_deck":["Defend_G","Defend_G","Defend_G","Defend_G","Defend_G","Strike_G","Strike_G","Strike_G","Strike_G","Survivor","Neutralize","Bane","Poisoned Stab","Choke","Noxious Fumes","Backflip","Bouncing Flask","All Out Attack","Deflect","Leg Sweep","Adrenaline","Flying Knee+1","Deadly Poison","Ghostly","Ghostly","Ghostly","Ghostly","Ghostly","Quick Slash+1","Bane+1","Madness"],"max_hp_per_floor":[70,70,70,70,70,70,70,70,70,70,70,70,70,70,70,70,70,70,70,35,35,35,35,35],"relics":["Ring of the Snake","Regal Pillow","Bag of Preparation","Odd Mushroom"],"card_choices":[{"not_picked":["Calculated Gamble","Sucker Punch"],"picked":"Bane","floor":1},{"not_picked":["PiercingWail","Footwork"],"picked":"Poisoned Stab","floor":2},{"not_picked":["Flying Knee","Deflect"],"picked":"Choke","floor":3},{"not_picked":["Quick Slash","Flechettes"],"picked":"Noxious Fumes","floor":4},{"not_picked":["Prepared","Leg Sweep"],"picked":"All Out Attack","floor":10},{"not_picked":["PiercingWail","Skewer"],"picked":"Deflect","floor":11},{"not_picked":["Heel Hook","Flying Knee"],"picked":"Leg Sweep","floor":14},{"not_picked":["Doppelganger","Venomology"],"picked":"Adrenaline","floor":16},{"not_picked":["Deflect+1","Escape Plan"],"picked":"Flying Knee+1","floor":18},{"not_picked":["Flying Knee","Riddle With Holes"],"picked":"Deadly Poison","floor":19},{"not_picked":["Riddle With Holes","Acrobatics"],"picked":"Quick Slash+1","floor":21},{"not_picked":["Acrobatics","Dodge and Roll"],"picked":"Bane+1","floor":22}],"player_experience":41067,"potions_floor_usage":[10,16,21,24],"damage_taken":[{"damage":9,"enemies":"Jaw Worm","floor":1,"turns":7},{"damage":0,"enemies":"Cultist","floor":2,"turns":5},{"damage":4,"enemies":"2 Louse","floor":3,"turns":2},{"damage":9,"enemies":"Blue Slaver","floor":4,"turns":4},{"damage":9,"enemies":"3 Sentries","floor":10,"turns":7},{"damage":14,"enemies":"2 Fungi Beasts","floor":11,"turns":4},{"damage":21,"floor":14,"turns":3},{"damage":19,"enemies":"Slime Boss","floor":16,"turns":9},{"damage":18,"enemies":"Spheric Guardian","floor":18,"turns":5},{"damage":17,"enemies":"Chosen","floor":19,"turns":4},{"damage":14,"enemies":"3 Cultists","floor":21,"turns":7},{"damage":15,"enemies":"Snake Plant","floor":22,"turns":5},{"damage":27,"enemies":"Slaver and Parasite","floor":24,"turns":6}],"relics_obtained":[{"floor":9,"key":"Regal Pillow"},{"floor":10,"key":"Bag of Preparation"},{"floor":14,"key":"Odd Mushroom"}],"event_choices":[{"event_name":"Golden Idol","player_choice":"Ignored","floor":5,"damage_taken":0},{"event_name":"The Cleric","player_choice":"Card Removal","floor":8,"damage_taken":0},{"event_name":"Mushrooms","player_choice":"Fought Mushrooms","floor":14,"damage_taken":0},{"event_name":"Ghosts","player_choice":"Became a Ghost","floor":20,"damage_taken":0}],"boss_relics":[{"not_picked":["Philosopher\u0027s Stone","Sozu","Coffee Dripper"]}],"items_purged_floors":[],"is_endless":false,"potions_floor_spawned":[1,3,4,16,18],"seed_played":"5717245828083776336","killed_by":"Slaver and Parasite","ascension_level":0,"potions_obtained":[{"floor":1,"key":"SkillPotion"},{"floor":3,"key":"AttackPotion"},{"floor":4,"key":"Strength Potion"},{"floor":16,"key":"Energy Potion"}],"is_trial":false}