{"gold_per_floor":[115,265,58,75,87,87,37,49,49,59,59,59,59,72,72,151,151,164,89,104,15,15,15,15],"floor_reached":24,"playtime":1274,"items_purged":["Doubt"],"score":472,"play_id":"3788a9aa-fde5-4048-827c-b6fae5b5dfbd","local_time":"20190114043748","is_ascension_mode":true,"campfire_choices":[{"data":"Skewer","floor":6.0,"key":"SMITH"},{"data":"Adrenaline","floor":11.0,"key":"SMITH"},{"data":"Footwork","floor":13.0,"key":"SMITH"},{"data":"Cloak And Dagger","floor":15.0,"key":"SMITH"},{"data":"Concentrate","floor":23.0,"key":"SMITH"}],"neow_cost":"TEN_PERCENT_HP_LOSS","seed_source_timestamp":6663260201022900,"circlet_count":0,"master_deck":["AscendersBane","Defend_G","Defend_G","Defend_G","Defend_G","Strike_G","Survivor","Neutralize","Terror","Dagger Throw","Blur","Concentrate+1","Skewer+1","Footwork+1","Acrobatics","Cloak And Dagger+1","Adrenaline+1","Backflip","Escape Plan","Corpse Explosion","Calculated Gamble+1","PiercingWail","Footwork","Terror","Acrobatics"],"special_seed":0,"relics":["Ring of the Snake","Gremlin Horn","Busted Crown"],"potions_floor_usage":[],"damage_taken":[{"damage":0.0,"enemies":"Small Slimes","floor":1.0,"turns":4.0},{"damage":0.0,"enemies":"Jaw Worm","floor":4.0,"turns":1.0},{"damage":0.0,"enemies":"2 Louse","floor":5.0,"turns":2.0},{"damage":0.0,"enemies":"Exordium Wildlife","floor":8.0,"turns":4.0},{"damage":0.0,"enemies":"Looter","floor":10.0,"turns":2.0},{"damage":11.0,"enemies":"Large Slime","floor":14.0,"turns":7.0},{"damage":0.0,"enemies":"The Guardian","floor":16.0,"turns":11.0},{"damage":3.0,"enemies":"Spheric Guardian","floor":18.0,"turns":4.0},{"damage":0.0,"enemies":"Shell Parasite","floor":20.0,"turns":2.0},{"damage":57,"enemies":"Book of Stabbing","floor":24,"turns":6}],"seed_played":"-7584153703493559339","potions_obtained":[{"floor":1.0,"key":"Ancient Potion"},{"floor":8.0,"key":"SneckoOil"}],"is_trial":false,"path_per_floor":["M","?","$","M","M","R","$","M","T","M","R","?","R","M","R","B",null,"M","?","M","$","?","R","E"],"character_chosen":"THE_SILENT","items_purchased":["Concentrate","Skewer","Cloak And Dagger","Footwork"],"campfire_rested":0,"item_purchase_floors":[3,3,7,21],"current_hp_per_floor":[59,59,59,59,59,59,59,59,59,59,59,59,59,48,48,48,57,54,54,54,54,54,54,0],"gold":15,"neow_bonus":"TRANSFORM_TWO_CARDS","is_prod":false,"is_daily":false,"chose_seed":false,"campfire_upgraded":5,"win_rate":0,"timestamp":1547469468,"path_taken":["M","?","$","M","M","R","$","M","T","M","R","?","R","M","R","BOSS","M","?","M","$","?","R","E"],"build_version":"2019-01-10","purchased_purges":1,"victory":false,"max_hp_per_floor":[60,60,60,60,60,60,60,60,60,60,60,60,60,60,60,60,60,60,60,60,60,60,60,60],"card_choices":[{"not_picked":["Catalyst","Blade Dance"],"picked":"Blur","floor":1.0},{"not_picked":["Dodge and Roll","Backflip"],"picked":"Footwork","floor":4.0},{"not_picked":["Distraction","Slice"],"picked":"Acrobatics","floor":5.0},{"not_picked":["Backflip","Bane"],"picked":"Adrenaline","floor":8.0},{"not_picked":["Dodge and Roll","Catalyst"],"picked":"Backflip","floor":10.0},{"not_picked":["Acrobatics","Expertise"],"picked":"Escape Plan","floor":14.0},{"not_picked":["Unload","Tools of the Trade"],"picked":"Corpse Explosion","floor":16.0},{"not_picked":[],"picked":"Calculated Gamble+1","floor":18.0},{"not_picked":[],"picked":"PiercingWail","floor":20.0}],"player_experience":3215689,"relics_obtained":[{"floor":9.0,"key":"Gremlin Horn"}],"event_choices":[{"damage_healed":0.0,"max_hp_gain":0.0,"max_hp_loss":0.0,"gold_gain":150.0,"event_name":"Liars Game","player_choice":"AGREE","floor":2.0,"gold_loss":0.0,"damage_taken":0.0,"cards_obtained":["Doubt"]},{"damage_healed":0.0,"max_hp_gain":0.0,"max_hp_loss":0.0,"gold_gain":0.0,"event_name":"The Cleric","player_choice":"Leave","floor":12.0,"gold_loss":0.0,"damage_taken":0.0},{"cards_removed":["Strike_G"],"damage_healed":0.0,"max_hp_gain":0.0,"max_hp_loss":0.0,"gold_gain":0.0,"event_name":"Beggar","player_choice":"Gave Gold","floor":19.0,"gold_loss":75.0,"damage_taken":0.0},{"damage_healed":0.0,"max_hp_gain":0.0,"max_hp_loss":0.0,"gold_gain":0.0,"cards_transformed":["Strike_G","Strike_G"],"event_name":"Drug Dealer","player_choice":"Became Test Subject","floor":22.0,"gold_loss":0.0,"damage_taken":0.0,"cards_obtained":["Terror","Acrobatics"]}],"is_beta":true,"boss_relics":[{"not_picked":["Runic Pyramid","Calling Bell"],"picked":"Busted Crown"}],"items_purged_floors":[3],"is_endless":false,"potions_floor_spawned":[1,8,14,16],"killed_by":"Book of Stabbing","ascension_level":20}