{"gold_per_floor":[111,126,144,159,8,40,40,52,103,103,63,95,95,111,111,111],"floor_reached":16,"playtime":889,"items_purged":[],"score":196,"play_id":"783baa87-cda6-4327-8a6c-15724de37dcf","local_time":"20190113183132","is_ascension_mode":true,"campfire_choices":[{"data":"Infernal Blade","floor":10,"key":"SMITH"},{"floor":13,"key":"REST"},{"floor":15,"key":"REST"}],"neow_cost":"TEN_PERCENT_HP_LOSS","seed_source_timestamp":294662755467118,"circlet_count":0,"master_deck":["AscendersBane","Strike_R","Strike_R","Strike_R","Strike_R","Strike_R","Defend_R","Defend_R","Defend_R","Defend_R","Bash","Secret Weapon","Secret Technique","Iron Wave","Iron Wave","Sword Boomerang","Shrug It Off","Anger+1","Parasite","Infernal Blade+1","Uppercut+1"],"relics":["Burning Blood","Bag of Preparation","Molten Egg 2","Bag of Marbles","Self Forming Clay"],"potions_floor_usage":[3,6,12,16],"damage_taken":[{"damage":6,"enemies":"Cultist","floor":1,"turns":4},{"damage":0,"enemies":"Small Slimes","floor":2,"turns":3},{"damage":7,"enemies":"Jaw Worm","floor":3,"turns":4},{"damage":29,"enemies":"Lots of Slimes","floor":4,"turns":6},{"damage":22,"enemies":"Gremlin Nob","floor":6,"turns":5},{"damage":14,"enemies":"Blue Slaver","floor":8,"turns":4},{"damage":32,"enemies":"3 Sentries","floor":12,"turns":6},{"damage":9,"enemies":"3 Louse","floor":14,"turns":3},{"damage":48,"enemies":"The Guardian","floor":16,"turns":10}],"seed_played":"735069991013949539","potions_obtained":[{"floor":1,"key":"SkillPotion"},{"floor":4,"key":"SkillPotion"},{"floor":8,"key":"Explosive Potion"},{"floor":11,"key":"LiquidBronze"}],"is_trial":false,"path_per_floor":["M","M","M","M","$","E","?","M","T","R","?","E","R","M","R","B"],"character_chosen":"IRONCLAD","items_purchased":["Bag of Preparation"],"campfire_rested":2,"item_purchase_floors":[5],"current_hp_per_floor":[68,68,67,44,44,28,45,37,37,37,37,11,31,28,48,0],"gold":111,"neow_bonus":"RANDOM_COLORLESS_2","is_prod":false,"is_daily":false,"chose_seed":false,"campfire_upgraded":1,"win_rate":0,"timestamp":1547433092,"path_taken":["M","M","M","M","$","E","?","M","T","R","?","E","R","?","R","BOSS"],"build_version":"2019-01-10","purchased_purges":0,"victory":false,"max_hp_per_floor":[68,68,68,68,68,68,68,68,68,68,68,68,68,68,68,68],"card_choices":[{"not_picked":["Power Through","Disarm"],"picked":"Iron Wave","floor":1},{"not_picked":["Warcry","Headbutt"],"picked":"Iron Wave","floor":2},{"not_picked":["Warcry","Armaments"],"picked":"Sword Boomerang","floor":3},{"not_picked":["Flex","Twin Strike"],"picked":"Shrug It Off","floor":4},{"not_picked":["Feed","Fire Breathing"],"picked":"Anger","floor":6},{"not_picked":["Second Wind","Ghostly Armor"],"picked":"Infernal Blade","floor":8},{"not_picked":["Dual Wield","Entrench"],"picked":"Uppercut+1","floor":12},{"not_picked":["Evolve","Thunderclap+1","Headbutt+1"],"picked":"SKIP","floor":14}],"player_experience":480029,"relics_obtained":[{"floor":6,"key":"Molten Egg 2"},{"floor":9,"key":"Bag of Marbles"},{"floor":12,"key":"Self Forming Clay"}],"event_choices":[{"damage_healed":17,"gold_gain":0,"player_choice":"Healed and dodged fight","damage_taken":0,"max_hp_gain":0,"max_hp_loss":0,"event_name":"Mushrooms","floor":7,"gold_loss":0,"cards_obtained":["Parasite"]},{"damage_healed":0,"gold_gain":0,"player_choice":"Bought 3 Potions","damage_taken":0,"max_hp_gain":0,"max_hp_loss":0,"event_name":"The Woman in Blue","floor":11,"gold_loss":0}],"is_beta":false,"boss_relics":[],"items_purged_floors":[],"is_endless":false,"potions_floor_spawned":[1,4,8],"killed_by":"The Guardian","ascension_level":15}