{"gold_per_floor":[12,12,12,12,32,66,66,84,109,124,134,13,13,24,24,24],"floor_reached":16,"playtime":524,"items_purged":["Strike_R"],"score":102,"play_id":"6789a301-7d30-4ddc-b961-81845585a2ea","local_time":"20190212133037","is_ascension_mode":false,"campfire_choices":[{"floor":7,"key":"REST"},{"data":"Bash","floor":13,"key":"SMITH"},{"floor":15,"key":"REST"}],"neow_cost":"NO_GOLD","seed_source_timestamp":190844991835791,"circlet_count":0,"master_deck":["Strike_R","Strike_R","Defend_R","Defend_R","Defend_R","Defend_R","Bash+1","Shrug It Off","Headbutt","Headbutt"],"relics":["Burning Blood","Happy Flower","Blood Vial"],"potions_floor_usage":[10,16],"damage_taken":[{"damage":5,"enemies":"2 Louse","floor":1,"turns":3},{"damage":1,"enemies":"Jaw Worm","floor":5,"turns":3},{"damage":34,"enemies":"Gremlin Nob","floor":6,"turns":5},{"damage":3,"enemies":"Small Slimes","floor":8,"turns":4},{"damage":10,"enemies":"Looter","floor":10,"turns":3},{"damage":16,"enemies":"Large Slime","floor":11,"turns":7},{"damage":29,"enemies":"Gremlin Gang","floor":14,"turns":7},{"damage":74,"enemies":"The Guardian","floor":16,"turns":9}],"seed_played":"-2221222437648569493","potions_obtained":[{"floor":5,"key":"SpeedPotion"},{"floor":6,"key":"Explosive Potion"},{"floor":11,"key":"Strength Potion"}],"is_trial":false,"path_per_floor":["M","$","?","$","M","E","R","M","T","M","M","$","R","M","R","B"],"character_chosen":"IRONCLAD","items_purchased":["Headbutt"],"campfire_rested":2,"item_purchase_floors":[12],"current_hp_per_floor":[80,80,80,80,80,52,76,79,79,76,68,68,68,47,71,0],"gold":24,"neow_bonus":"REMOVE_TWO","is_prod":false,"is_daily":false,"chose_seed":false,"campfire_upgraded":1,"win_rate":0,"timestamp":1549996237,"path_taken":["M","$","?","$","M","E","R","M","T","M","M","$","R","M","R","BOSS"],"build_version":"2019-01-23","purchased_purges":1,"victory":false,"max_hp_per_floor":[80,80,80,80,80,80,80,80,80,80,80,80,80,80,80,80],"card_choices":[{"not_picked":["Warcry","Seeing Red","Body Slam"],"picked":"SKIP","floor":1},{"not_picked":["Feel No Pain","Havoc"],"picked":"Shrug It Off","floor":5},{"not_picked":["Heavy Blade","Rage","Searing Blow"],"picked":"SKIP","floor":6},{"not_picked":["Armaments","Clash","Body Slam"],"picked":"SKIP","floor":8},{"not_picked":["Fiend Fire","Pommel Strike"],"picked":"Headbutt","floor":10},{"not_picked":["Blood for Blood","Clothesline","True Grit"],"picked":"SKIP","floor":11},{"not_picked":["Spot Weakness","Body Slam","Disarm"],"picked":"SKIP","floor":14}],"player_experience":396089,"relics_obtained":[{"floor":6,"key":"Happy Flower"},{"floor":9,"key":"Blood Vial"}],"event_choices":[{"damage_healed":0,"gold_gain":0,"player_choice":"Ignored","damage_taken":0,"max_hp_gain":0,"max_hp_loss":0,"event_name":"Liars Game","floor":3,"gold_loss":0}],"is_beta":false,"boss_relics":[],"items_purged_floors":[12],"is_endless":false,"potions_floor_spawned":[5,6,11],"killed_by":"The Guardian","ascension_level":0}