{"gold_per_floor":[114,39,54,69,69,69,99,114,189,219,249,249],"floor_reached":12,"playtime":422,"items_purged":["Purity"],"score":88,"play_id":"44bc0a37-12d3-4256-9044-fe392e3d6df5","local_time":"20180712194827","daily_mods":["Allstar","Elite Swarm","Night Terrors"],"is_ascension_mode":false,"campfire_choices":[{"data":"Zap","floor":6,"key":"SMITH"}],"neow_cost":"","seed_source_timestamp":0,"circlet_count":0,"master_deck":["Strike_B","Strike_B","Strike_B","Strike_B","Defend_B","Defend_B","Defend_B","Defend_B","Zap+1","Dualcast","Magnetism","Blind","Transmutation","Master of Strategy","Leap","Echo Form"],"special_seed":17724,"relics":["Cracked Core","Ice Cream","Cables","Dodecahedron"],"potions_floor_usage":[],"damage_taken":[{"damage":4,"enemies":"Cultist","floor":1,"turns":3},{"damage":5,"enemies":"Small Slimes","floor":3,"turns":3},{"damage":0,"enemies":"2 Louse","floor":4,"turns":4},{"damage":47,"enemies":"Gremlin Nob","floor":7,"turns":5},{"damage":4,"enemies":"Blue Slaver","floor":8,"turns":4},{"damage":11,"enemies":"Lagavulin","floor":10,"turns":6},{"damage":10,"enemies":"2 Fungi Beasts","floor":12,"turns":1}],"seed_played":"-4311942942209726919","potions_obtained":[{"floor":7,"key":"SteroidPotion"},{"floor":8,"key":"AttackPotion"},{"floor":10,"key":"Block Potion"}],"is_trial":false,"path_per_floor":["M","$","M","M","?","R","E","M","T","E","?"],"character_chosen":"DEFECT","items_purchased":[],"campfire_rested":0,"item_purchase_floors":[],"current_hp_per_floor":[71,71,66,66,71,71,24,20,20,9,9,0],"gold":249,"neow_bonus":"","is_prod":false,"is_daily":true,"chose_seed":false,"campfire_upgraded":1,"win_rate":0.0,"timestamp":1531439307,"path_taken":["M","$","?","M","?","R","E","?","T","E","?","?"],"build_version":"2018-07-05","purchased_purges":1,"victory":false,"max_hp_per_floor":[75,75,75,75,80,80,80,80,80,80,80,80],"card_choices":[{"not_picked":["Go for the Eyes","Sweeping Beam","Steam"],"picked":"SKIP","floor":1},{"not_picked":["Beam Cell","BootSequence"],"picked":"Leap","floor":3},{"not_picked":["Hello World","Sunder","Hologram"],"picked":"SKIP","floor":4},{"not_picked":["Reboot","All For One"],"picked":"Echo Form","floor":7},{"not_picked":["Coolheaded","Auto Shields","Beam Cell"],"picked":"SKIP","floor":8},{"not_picked":["Machine Learning","Thunder Strike","Biased Cognition"],"picked":"SKIP","floor":10}],"player_experience":222533,"relics_obtained":[{"floor":7,"key":"Ice Cream"},{"floor":9,"key":"Cables"},{"floor":10,"key":"Dodecahedron"}],"event_choices":[{"event_name":"Big Fish","player_choice":"Donut","floor":5,"damage_taken":0},{"event_name":"Dead Adventurer","player_choice":"Searched \u00272\u0027 times","floor":11,"damage_taken":0}],"boss_relics":[],"items_purged_floors":[2],"is_endless":false,"potions_floor_spawned":[7,8,10],"killed_by":"2 Fungi Beasts","ascension_level":0}