{"gold_per_floor":[165,165,182,196,215,215,85,112,112,137,166,178,215,246,258,270],"floor_reached":16,"playtime":847,"items_purged":["Strike_G"],"score":208,"play_id":"086548e3-3f8b-4647-9362-383b5f39c2d5","local_time":"20190121120758","is_ascension_mode":true,"campfire_choices":[{"data":"Dash","floor":6.0,"key":"SMITH"},{"floor":12.0,"key":"REST"},{"floor":15.0,"key":"REST"}],"neow_cost":"NONE","seed_source_timestamp":7295569994014900,"circlet_count":0,"master_deck":["AscendersBane","Defend_G","Defend_G","Defend_G","Defend_G","Defend_G","Strike_G","Strike_G","Strike_G","Strike_G","Survivor+1","Neutralize","All Out Attack","All Out Attack","All Out Attack","Dash+1","PiercingWail","Backflip","Night Terror","Blur","Eviscerate","Backflip"],"special_seed":0,"relics":["Tiny House","Happy Flower","Mummified Hand","MawBank","Juzu Bracelet"],"potions_floor_usage":[16],"damage_taken":[{"damage":13.0,"enemies":"Jaw Worm","floor":1.0,"turns":7.0},{"damage":3.0,"enemies":"2 Louse","floor":3.0,"turns":3.0},{"damage":0.0,"enemies":"Cultist","floor":4.0,"turns":3.0},{"damage":0.0,"enemies":"3 Louse","floor":5.0,"turns":3.0},{"damage":10.0,"enemies":"3 Sentries","floor":8.0,"turns":6.0},{"damage":1.0,"enemies":"Exordium Wildlife","floor":10.0,"turns":4.0},{"damage":13.0,"enemies":"Red Slaver","floor":11.0,"turns":4.0},{"damage":3.0,"enemies":"Lots of Slimes","floor":14.0,"turns":4.0},{"damage":51,"enemies":"Slime Boss","floor":16,"turns":11}],"seed_played":"-8795825926580499169","potions_obtained":[{"floor":0.0,"key":"Energy Potion"},{"floor":4.0,"key":"Explosive Potion"},{"floor":5.0,"key":"Dexterity Potion"},{"floor":8.0,"key":"Swift Potion"},{"floor":10.0,"key":"Ancient Potion"}],"is_trial":false,"path_per_floor":["?","T"],"character_chosen":"THE_SILENT","items_purchased":["Backflip"],"campfire_rested":2,"item_purchase_floors":[7],"current_hp_per_floor":[51,33,30,30,30,30,30,20,20,19,6,27,27,24,45,0],"gold":270,"neow_bonus":"BOSS_RELIC","is_prod":false,"is_daily":false,"chose_seed":false,"campfire_upgraded":1,"win_rate":0,"timestamp":1548101278,"path_taken":["M","?","M","M","M","R","$","E","T","M","M","R","?","M","R","BOSS"],"build_version":"2019-01-20","purchased_purges":1,"victory":false,"max_hp_per_floor":[71,71,71,71,71,71,71,71,71,71,71,71,71,71,71,71],"card_choices":[{"not_picked":["Dodge and Roll","Poisoned Stab"],"picked":"All Out Attack","floor":0.0},{"not_picked":["Endless Agony","Bane"],"picked":"All Out Attack","floor":1.0},{"not_picked":["Well Laid Plans","Catalyst"],"picked":"All Out Attack","floor":3.0},{"not_picked":["Outmaneuver","Deadly Poison"],"picked":"Dash","floor":4.0},{"not_picked":["Infinite Blades","Bane"],"picked":"PiercingWail","floor":5.0},{"not_picked":["PiercingWail","Slice"],"picked":"Night Terror","floor":8.0},{"not_picked":["Quick Slash","Tactician"],"picked":"Blur","floor":10.0},{"not_picked":["Finisher","Noxious Fumes"],"picked":"Eviscerate","floor":11.0},{"not_picked":["Riddle With Holes","Outmaneuver"],"picked":"Backflip","floor":14.0}],"player_experience":3228095,"relics_obtained":[{"floor":8.0,"key":"Mummified Hand"},{"floor":9.0,"key":"MawBank"},{"floor":13.0,"key":"Juzu Bracelet"}],"event_choices":[{"damage_healed":0.0,"max_hp_gain":0.0,"max_hp_loss":0.0,"gold_gain":0.0,"event_name":"Scrap Ooze","player_choice":"Success","floor":2.0,"gold_loss":0.0,"damage_taken":18.0,"relics_obtained":["Happy Flower"]}],"is_beta":true,"boss_relics":[],"items_purged_floors":[7],"is_endless":false,"potions_floor_spawned":[4,5,8,10],"killed_by":"Slime Boss","ascension_level":20}