{"gold_per_floor":[114,129,107,122,122,122,152,152,152,182,197,197,257,57,57,157,157,172,22,22,37,37,67,82,82,82,112,112,142,142,172,172,272,272,287,287,302,317,332,332,332,332,332,347,347,347],"floor_reached":46,"playtime":1442,"items_purged":[],"score":639,"play_id":"6a0e7889-5842-4148-a623-818a32600945","local_time":"20190207183638","daily_mods":["Chimera","Hoarder","Elite Swarm"],"is_ascension_mode":false,"campfire_choices":[{"data":"Zap","floor":6,"key":"SMITH"},{"data":"Survivor","floor":8,"key":"SMITH"},{"floor":12,"key":"REST"},{"data":"Heavy Blade","floor":15,"key":"SMITH"},{"floor":25,"key":"REST"},{"floor":28,"key":"REST"},{"floor":30,"key":"REST"},{"floor":32,"key":"REST"},{"floor":40,"key":"REST"},{"floor":42,"key":"REST"}],"neow_cost":"","seed_source_timestamp":0,"circlet_count":0,"master_deck":["Bash","Survivor+1","Zap+1","Strike_G+1","Defend_R+1","Defend_B+1","Anger+1","Anger","Anger","Anger","Anger","Anger","Heavy Blade+1","Heavy Blade","Heavy Blade","Feel No Pain+1","Feel No Pain+1","Feel No Pain+1","Evolve+1","Evolve+1","Corruption+1","Corruption+1","Corruption+1"],"special_seed":17934,"relics":["Burning Blood","Gremlin Horn","Red Skull","Self Forming Clay","Tiny Chest","Brimstone","Black Star","Whetstone","Lantern","Pen Nib","Singing Bowl","Bottled Lightning","War Paint","Art of War","Dream Catcher","Bottled Flame","Vajra","Astrolabe","Letter Opener"],"potions_floor_usage":[23,23,29,29,39],"damage_taken":[{"damage":2,"enemies":"Small Slimes","floor":1,"turns":4},{"damage":1,"enemies":"Cultist","floor":2,"turns":3},{"damage":5,"enemies":"2 Louse","floor":4,"turns":2},{"damage":28,"enemies":"Gremlin Nob","floor":7,"turns":4},{"damage":18,"enemies":"3 Sentries","floor":10,"turns":4},{"damage":1,"enemies":"2 Fungi Beasts","floor":11,"turns":3},{"damage":6,"enemies":"Gremlin Nob","floor":13,"turns":3},{"damage":0,"enemies":"Slime Boss","floor":16,"turns":4},{"damage":1,"enemies":"Spheric Guardian","floor":18,"turns":3},{"damage":9,"enemies":"3 Byrds","floor":21,"turns":3},{"damage":44,"enemies":"Slavers","floor":23,"turns":4},{"damage":12,"enemies":"Cultist and Chosen","floor":24,"turns":2},{"damage":25,"enemies":"Book of Stabbing","floor":27,"turns":3},{"damage":32,"enemies":"Slavers","floor":29,"turns":3},{"damage":39,"enemies":"Book of Stabbing","floor":31,"turns":4},{"damage":50,"enemies":"Collector","floor":33,"turns":4},{"damage":40,"enemies":"3 Darklings","floor":35,"turns":5},{"damage":15,"enemies":"Orb Walker","floor":37,"turns":3},{"damage":30,"enemies":"Jaw Worm Horde","floor":38,"turns":3},{"damage":31,"enemies":"Maw","floor":39,"turns":6},{"damage":42,"enemies":"Spire Growth","floor":44,"turns":4},{"damage":50,"enemies":"Giant Head","floor":46,"turns":5}],"seed_played":"-7067944116089753152","potions_obtained":[{"floor":4,"key":"Swift Potion"},{"floor":7,"key":"Weak Potion"},{"floor":10,"key":"FearPotion"},{"floor":24,"key":"LiquidBronze"},{"floor":27,"key":"PowerPotion"},{"floor":35,"key":"SteroidPotion"}],"is_trial":false,"path_per_floor":["M","M","$","M","?","R","E","R","T","E","M","R","E","$","R","B",null,"M","$","$","M","?","E","M","R","T","E","R","E","R","E","R","B",null,"M","?","M","M","M","R","$","R","T","M","?","E"],"character_chosen":"IRONCLAD","items_purchased":["Anger","Brimstone","Whetstone"],"campfire_rested":7,"item_purchase_floors":[3,14,19],"current_hp_per_floor":[80,80,80,80,80,80,58,58,58,46,51,75,75,75,75,80,80,80,80,80,77,62,24,18,43,43,26,52,28,56,25,54,12,97,65,65,58,36,13,46,46,80,80,46,35,0],"gold":347,"neow_bonus":"","is_prod":false,"is_daily":true,"chose_seed":false,"campfire_upgraded":3,"win_rate":0.0,"timestamp":1549582598,"path_taken":["M","M","$","M","?","R","E","R","T","E","?","R","E","$","R","BOSS","M","?","$","M","?","E","M","R","T","E","R","E","R","E","R","BOSS","M","?","M","M","M","R","$","R","T","M","?","E"],"build_version":"2019-01-23","purchased_purges":0,"victory":false,"max_hp_per_floor":[80,80,80,80,80,80,80,80,80,80,80,80,80,80,80,80,80,80,80,80,80,85,85,85,85,85,87,87,89,91,93,95,97,97,99,99,101,103,105,107,107,109,109,111,111,111],"card_choices":[{"not_picked":["Headbutt","Cleave"],"picked":"Anger","floor":1},{"not_picked":["Flex","Feel No Pain","Clothesline"],"picked":"SKIP","floor":2},{"not_picked":["Corruption","Body Slam","Second Wind"],"picked":"SKIP","floor":4},{"not_picked":["Exhume","Limit Break","Barricade"],"picked":"SKIP","floor":7},{"not_picked":["Fiend Fire","Berserk","Bludgeon"],"picked":"SKIP","floor":10},{"not_picked":["Rage","Shrug It Off","Clash"],"picked":"SKIP","floor":11},{"not_picked":["Feed","Impervious","Dark Embrace"],"picked":"SKIP","floor":13},{"not_picked":["Rampage","Armaments","Havoc"],"picked":"SKIP","floor":18},{"not_picked":["Fire Breathing","Rupture","Ghostly Armor+1"],"picked":"SKIP","floor":21},{"not_picked":["Immolate","Exhume","Feed"],"picked":"SKIP","floor":23},{"not_picked":["Wild Strike","Warcry+1","Dual Wield"],"picked":"SKIP","floor":24},{"not_picked":["Offering","Reaper","Demon Form"],"picked":"Singing Bowl","floor":27},{"not_picked":["Juggernaut","Limit Break","Offering"],"picked":"Singing Bowl","floor":29},{"not_picked":["Flex+1","Clash","Iron Wave"],"picked":"Singing Bowl","floor":30},{"not_picked":["Limit Break","Double Tap","Exhume"],"picked":"SKIP","floor":31},{"not_picked":["Limit Break","Double Tap","Exhume"],"picked":"Singing Bowl","floor":31},{"not_picked":["True Grit","Burning Pact","Clothesline+1"],"picked":"Singing Bowl","floor":32},{"not_picked":["Offering","Dark Embrace","Limit Break"],"picked":"Singing Bowl","floor":33},{"not_picked":["Inflame","Body Slam+1","Clothesline"],"picked":"Singing Bowl","floor":35},{"not_picked":["Dropkick+1","Uppercut+1","Anger+1"],"picked":"Singing Bowl","floor":37},{"not_picked":["True Grit+1","Disarm+1","Metallicize+1"],"picked":"Singing Bowl","floor":38},{"not_picked":["Seeing Red+1","Feel No Pain+1","Warcry+1"],"picked":"Singing Bowl","floor":39},{"not_picked":["Combust+1","Clothesline+1","Seeing Red+1"],"picked":"Singing Bowl","floor":40},{"not_picked":["Flex","Intimidate+1","Heavy Blade"],"picked":"Singing Bowl","floor":42},{"not_picked":["Feel No Pain+1","Searing Blow","Second Wind+1"],"picked":"Singing Bowl","floor":44}],"player_experience":351637,"relics_obtained":[{"floor":7,"key":"Gremlin Horn"},{"floor":9,"key":"Red Skull"},{"floor":10,"key":"Self Forming Clay"},{"floor":13,"key":"Tiny Chest"},{"floor":23,"key":"Lantern"},{"floor":23,"key":"Pen Nib"},{"floor":26,"key":"Singing Bowl"},{"floor":27,"key":"Bottled Lightning"},{"floor":27,"key":"War Paint"},{"floor":29,"key":"Art of War"},{"floor":29,"key":"Dream Catcher"},{"floor":31,"key":"Bottled Flame"},{"floor":31,"key":"Vajra"},{"floor":43,"key":"Letter Opener"}],"event_choices":[{"damage_healed":0,"gold_gain":0,"player_choice":"1 cards matched","damage_taken":0,"max_hp_gain":0,"max_hp_loss":0,"event_name":"Match and Keep!","floor":5,"gold_loss":0,"cards_obtained":["Heavy Blade"]},{"damage_healed":0,"gold_gain":0,"player_choice":"Shed Blood","damage_taken":20,"max_hp_gain":5,"max_hp_loss":0,"event_name":"Forgotten Altar","floor":22,"gold_loss":0},{"cards_removed":["Evolve"],"damage_healed":0,"gold_gain":0,"player_choice":"Removed Power","damage_taken":0,"max_hp_gain":0,"max_hp_loss":0,"event_name":"Falling","floor":36,"gold_loss":0},{"damage_healed":0,"gold_gain":0,"player_choice":"Damaged","damage_taken":11,"max_hp_gain":0,"max_hp_loss":0,"event_name":"Wheel of Change","floor":45,"gold_loss":0}],"is_beta":false,"boss_relics":[{"not_picked":["Lizard Tail","Snecko Eye"],"picked":"Black Star"},{"not_picked":["Sozu","White Beast Statue"],"picked":"Astrolabe"}],"items_purged_floors":[],"is_endless":false,"potions_floor_spawned":[4,7,10,21,24,27,35,37],"killed_by":"Giant Head","ascension_level":0}