{"gold_per_floor":[109,121,121,121,196,196,207,207,207,207,207,91,117,131,131,232,232,252,74,93,93,108,108,108,108,181,181,199,199,210,224,224,224],"floor_reached":33,"playtime":2337,"items_purged":["Strike_G","Strike_G"],"score":260,"play_id":"59f2fb2b-ec48-4057-850d-8171af6f6a19","local_time":"20180706221132","is_ascension_mode":false,"campfire_choices":[{"data":"Deadly Poison","floor":6,"key":"SMITH"},{"floor":8,"key":"REST"},{"data":"Neutralize","floor":10,"key":"SMITH"},{"data":"Infinite Blades","floor":15,"key":"SMITH"},{"floor":23,"key":"REST"},{"floor":25,"key":"REST"},{"floor":27,"key":"REST"},{"data":"Deadly Poison","floor":29,"key":"SMITH"},{"floor":32,"key":"REST"}],"neow_cost":"NONE","seed_source_timestamp":212931577612317,"circlet_count":0,"master_deck":["Defend_G+1","Defend_G+1","Defend_G+1","Defend_G+1","Defend_G+1","Strike_G+1","Strike_G+1","Strike_G+1","Survivor","Neutralize+1","Backflip+1","Deadly Poison+1","Infinite Blades+1","Injury","Doubt","Writhe","Deadly Poison+1","Leg Sweep+1","Injury","Poisoned Stab"],"relics":["Ring of the Snake","Blue Candle","Ancient Tea Set","Calling Bell","Bag of Marbles","Darkstone Periapt","Turnip","Matryoshka"],"potions_floor_usage":[16],"damage_taken":[{"damage":4,"enemies":"Jaw Worm","floor":1,"turns":8},{"damage":4,"enemies":"Small Slimes","floor":2,"turns":4},{"damage":5,"enemies":"2 Louse","floor":7,"turns":2},{"damage":0,"enemies":"Looter","floor":14,"turns":3},{"damage":60,"enemies":"Slime Boss","floor":16,"turns":17},{"damage":7,"enemies":"Spheric Guardian","floor":18,"turns":6},{"damage":17,"enemies":"3 Byrds","floor":20,"turns":8},{"damage":50,"enemies":"3 Cultists","floor":22,"turns":7},{"damage":13,"enemies":"Centurion and Healer","floor":28,"turns":11},{"damage":11,"enemies":"Snake Plant","floor":30,"turns":6},{"damage":38,"enemies":"Chosen and Byrds","floor":31,"turns":7},{"damage":63,"enemies":"Automaton","floor":33,"turns":8}],"seed_played":"43510248747950269","potions_obtained":[{"floor":2,"key":"Poison Potion"},{"floor":7,"key":"Weak Potion"},{"floor":20,"key":"PowerPotion"},{"floor":28,"key":"Strength Potion"}],"is_trial":false,"path_per_floor":["M","M","?","?","?","R","M","R","T","R","?","$","T","M","R","B",null,"M","$","M","?","M","R","?","R","T","R","M","R","M","M","R"],"character_chosen":"THE_SILENT","items_purchased":["Infinite Blades","Leg Sweep"],"campfire_rested":5,"item_purchase_floors":[12,19],"current_hp_per_floor":[73,69,69,54,43,43,38,61,61,61,66,66,66,66,66,6,82,75,75,58,58,8,32,38,64,64,88,75,75,64,26,52,0],"gold":224,"neow_bonus":"TEN_PERCENT_HP_BONUS","is_prod":false,"is_daily":false,"chose_seed":false,"campfire_upgraded":4,"win_rate":0,"timestamp":1530929492,"path_taken":["M","M","?","?","?","R","M","R","T","R","?","?","?","?","R","BOSS","M","$","M","?","M","R","?","R","T","R","M","R","?","M","R","BOSS"],"build_version":"2018-07-05","purchased_purges":2,"victory":false,"max_hp_per_floor":[77,77,77,77,77,77,77,77,77,77,82,82,82,82,82,82,82,82,82,82,82,82,82,88,88,88,88,88,88,88,88,88,88],"card_choices":[{"not_picked":["Deadly Poison","Acrobatics"],"picked":"Backflip","floor":1},{"not_picked":["Slice","Well Laid Plans"],"picked":"Deadly Poison","floor":2},{"not_picked":["Corpse Explosion","Slice","PiercingWail"],"picked":"SKIP","floor":7},{"not_picked":["Infinite Blades","Setup","Blur"],"picked":"SKIP","floor":14},{"not_picked":["Dodge and Roll+1","Leg Sweep"],"picked":"Deadly Poison","floor":18},{"not_picked":["Well Laid Plans+1","Underhanded Strike","Flying Knee"],"picked":"SKIP","floor":20},{"not_picked":["Acrobatics","Eviscerate+1","Setup"],"picked":"SKIP","floor":22},{"not_picked":["Quick Slash+1","Eviscerate"],"picked":"Poisoned Stab","floor":28},{"not_picked":["Quick Slash","Distraction","Predator"],"picked":"SKIP","floor":30},{"not_picked":["Choke","Accuracy","Skewer"],"picked":"SKIP","floor":31}],"player_experience":198707,"relics_obtained":[{"floor":9,"key":"Blue Candle"},{"floor":13,"key":"Ancient Tea Set"},{"floor":17,"key":"Bag of Marbles"},{"floor":17,"key":"Darkstone Periapt"},{"floor":17,"key":"Turnip"},{"floor":26,"key":"Matryoshka"}],"event_choices":[{"event_name":"Liars Game","player_choice":"disagreed","floor":3,"damage_taken":0},{"event_name":"Shining Light","player_choice":"Entered Light","floor":4,"damage_taken":0},{"event_name":"World of Goop","player_choice":"Gather Gold","floor":5,"damage_taken":0},{"event_name":"Big Fish","player_choice":"Donut","floor":11,"damage_taken":0},{"event_name":"Back to Basics","player_choice":"Simplicity","floor":21,"damage_taken":0},{"event_name":"Accursed Blacksmith","player_choice":"Forge","floor":24,"damage_taken":0}],"boss_relics":[{"not_picked":["White Beast Statue","Eternal Feather"],"picked":"Calling Bell"}],"items_purged_floors":[12,19],"is_endless":false,"potions_floor_spawned":[2,7,20,28,30,31],"killed_by":"Automaton","ascension_level":0}