{"gold_per_floor":[119,119,172,186,186,186,227,227,227,227,302,302,317,335,335,430,430,444,462,462,91,91,91,105,105,131,165,165,25,25,43,43,138,138,151,151,26,26,49,49,64,82,82,82,207,207,227,242,242,242],"floor_reached":50,"playtime":1092,"items_purged":["Writhe","Defend_R","Defend_R"],"score":845,"play_id":"d25b131a-2f9a-4515-8e3b-00bf33d30d48","local_time":"20190315013241","is_ascension_mode":true,"campfire_choices":[{"data":"Bash","floor":6,"key":"SMITH"},{"data":"Heavy Blade","floor":8,"key":"SMITH"},{"floor":10,"key":"REST"},{"data":"Sword Boomerang","floor":15,"key":"SMITH"},{"floor":23,"key":"REST"},{"floor":25,"key":"REST"},{"data":"Flash of Steel","floor":28,"key":"SMITH"},{"floor":32,"key":"REST"},{"floor":40,"key":"REST"},{"floor":44,"key":"REST"},{"floor":46,"key":"REST"},{"floor":49,"key":"REST"}],"neow_cost":"NONE","seed_source_timestamp":224683043671567,"circlet_count":0,"master_deck":["AscendersBane","Strike_R","Strike_R","Strike_R","Strike_R","Strike_R+1","Defend_R","Defend_R+1","Bash+1","Heavy Blade+1","Sword Boomerang+1","Seeing Red+1","Flash of Steel+1","Pummel","J.A.X.","Reaper","Heavy Blade+1","Offering","Flex","Pommel Strike+1"],"relics":["Burning Blood","NeowsBlessing","Vajra","Golden Idol","Question Card","Strawberry","Busted Crown","Bag of Marbles","Ancient Tea Set","Nilry\u0027s Codex","Red Skull","Bottled Lightning","Fusion Hammer","Ornamental Fan","Unceasing Top"],"potions_floor_usage":[14,16,18,24,41,50,50],"damage_taken":[{"damage":0,"enemies":"Small Slimes","floor":1,"turns":1},{"damage":0,"enemies":"Jaw Worm","floor":4,"turns":1},{"damage":0,"enemies":"Gremlin Nob","floor":7,"turns":1},{"damage":0,"enemies":"Cultist","floor":13,"turns":2},{"damage":0,"enemies":"3 Louse","floor":14,"turns":3},{"damage":61,"enemies":"The Guardian","floor":16,"turns":9},{"damage":12,"enemies":"Shell Parasite","floor":18,"turns":3},{"damage":26,"enemies":"3 Byrds","floor":19,"turns":5},{"damage":7,"enemies":"Shelled Parasite and Fungi","floor":24,"turns":2},{"damage":24,"enemies":"Slavers","floor":27,"turns":5},{"damage":25,"enemies":"Sentry and Sphere","floor":31,"turns":4},{"damage":54,"enemies":"Champ","floor":33,"turns":6},{"damage":13,"enemies":"3 Darklings","floor":35,"turns":4},{"damage":23,"enemies":"3 Shapes","floor":39,"turns":5},{"damage":6,"enemies":"3 Darklings","floor":41,"turns":4},{"damage":51,"enemies":"Transient","floor":42,"turns":5},{"damage":36,"enemies":"Mind Bloom Boss Battle","floor":45,"turns":4},{"damage":22,"enemies":"Sphere and 2 Shapes","floor":47,"turns":3},{"damage":21,"enemies":"4 Shapes","floor":48,"turns":2},{"damage":97,"enemies":"Donu and Deca","floor":50,"turns":5}],"seed_played":"731539893723205564","potions_obtained":[{"floor":7,"key":"Fire Potion"},{"floor":14,"key":"SteroidPotion"},{"floor":16,"key":"SteroidPotion"},{"floor":31,"key":"Energy Potion"},{"floor":35,"key":"Swift Potion"},{"floor":45,"key":"Poison Potion"}],"is_trial":false,"path_per_floor":["M","?","T","M","?","R","E","R","T","R","?","?","M","M","R","B",null,"M","M","?","$","?","R","M","R","T","E","R","$","?","M","R","B",null,"M","?","$","?","M","R","M","M","T","R","?","R","M","M","R","B"],"character_chosen":"IRONCLAD","items_purchased":["Flash of Steel","Ancient Tea Set","SteroidPotion","Pummel"],"campfire_rested":8,"item_purchase_floors":[21,21,21,29],"current_hp_per_floor":[74,51,51,57,31,31,37,37,44,68,57,82,82,82,82,27,68,62,42,42,42,21,45,44,68,68,50,50,50,50,31,55,7,63,78,78,78,78,68,78,78,42,42,65,35,58,42,70,78,0],"gold":242,"neow_bonus":"THREE_ENEMY_KILL","is_prod":false,"is_daily":false,"chose_seed":false,"campfire_upgraded":4,"win_rate":0,"timestamp":1552599161,"path_taken":["M","?","?","?","?","R","E","R","T","R","?","?","?","M","R","BOSS","M","M","?","$","?","R","M","R","T","E","R","$","?","M","R","BOSS","M","?","$","?","M","R","M","M","T","R","?","R","M","M","R","BOSS"],"build_version":"2019-01-23","purchased_purges":3,"victory":false,"max_hp_per_floor":[75,75,75,75,75,75,75,75,82,82,82,82,82,82,82,82,82,82,82,82,82,82,82,82,82,82,82,82,82,82,82,82,82,82,82,78,78,78,78,78,78,78,78,78,78,78,78,78,78,78],"card_choices":[{"not_picked":["Headbutt","Rupture","Power Through"],"picked":"SKIP","floor":1},{"not_picked":["Rupture","Intimidate","Entrench"],"picked":"SKIP","floor":4},{"not_picked":["Warcry","Feel No Pain"],"picked":"Heavy Blade","floor":7},{"not_picked":["Power Through","Feel No Pain","Anger","Wild Strike"],"picked":"SKIP","floor":13},{"not_picked":["Rupture","Body Slam","Bloodletting"],"picked":"Sword Boomerang","floor":14},{"not_picked":["Spot Weakness"],"picked":"Seeing Red+1","floor":18},{"not_picked":["Heavy Blade","Armaments"],"picked":"SKIP","floor":19},{"not_picked":["Twin Strike","Uppercut"],"picked":"SKIP","floor":24},{"not_picked":["Anger","Iron Wave"],"picked":"SKIP","floor":27},{"not_picked":["Burning Pact","Anger"],"picked":"SKIP","floor":31},{"not_picked":["Brutality"],"picked":"Reaper","floor":33},{"not_picked":["Pummel"],"picked":"Heavy Blade+1","floor":35},{"not_picked":["Rage","Anger"],"picked":"SKIP","floor":39},{"not_picked":["Power Through","Anger"],"picked":"SKIP","floor":41},{"not_picked":["Clothesline"],"picked":"Offering","floor":42},{"not_picked":["Shrug It Off+1"],"picked":"Flex","floor":47},{"not_picked":["Clash+1"],"picked":"Pommel Strike+1","floor":48}],"player_experience":719924,"relics_obtained":[{"floor":3,"key":"Vajra"},{"floor":7,"key":"Question Card"},{"floor":9,"key":"Strawberry"},{"floor":22,"key":"Nilry\u0027s Codex"},{"floor":26,"key":"Red Skull"},{"floor":27,"key":"Bottled Lightning"},{"floor":43,"key":"Ornamental Fan"},{"floor":45,"key":"Unceasing Top"}],"event_choices":[{"damage_healed":0,"gold_gain":0,"player_choice":"Entered Light","damage_taken":23,"max_hp_gain":0,"max_hp_loss":0,"event_name":"Shining Light","floor":2,"gold_loss":0,"cards_upgraded":["Strike_R","Defend_R"]},{"damage_healed":0,"gold_gain":0,"player_choice":"Take Damage","damage_taken":26,"relics_obtained":["Golden Idol"],"max_hp_gain":0,"max_hp_loss":0,"event_name":"Golden Idol","floor":5,"gold_loss":0},{"damage_healed":0,"gold_gain":75,"player_choice":"Gather Gold","damage_taken":11,"max_hp_gain":0,"max_hp_loss":0,"event_name":"World of Goop","floor":11,"gold_loss":0},{"damage_healed":27,"gold_gain":0,"player_choice":"Banana","damage_taken":0,"max_hp_gain":0,"max_hp_loss":0,"event_name":"Big Fish","floor":12,"gold_loss":0},{"damage_healed":0,"gold_gain":0,"player_choice":"Opened","damage_taken":0,"relics_obtained":["Bag of Marbles"],"max_hp_gain":0,"max_hp_loss":0,"event_name":"The Mausoleum","floor":20,"gold_loss":0,"cards_obtained":["Writhe"]},{"damage_healed":0,"gold_gain":0,"player_choice":"Obtained Book","damage_taken":21,"max_hp_gain":0,"max_hp_loss":0,"event_name":"Cursed Tome","floor":22,"gold_loss":0},{"damage_healed":0,"gold_gain":0,"player_choice":"Obtain J.A.X.","damage_taken":0,"max_hp_gain":0,"max_hp_loss":0,"event_name":"Drug Dealer","floor":30,"gold_loss":0,"cards_obtained":["J.A.X."]},{"damage_healed":0,"gold_gain":0,"player_choice":"Max HP","damage_taken":0,"max_hp_gain":0,"max_hp_loss":4,"event_name":"Winding Halls","floor":36,"gold_loss":0},{"damage_healed":0,"gold_gain":0,"player_choice":"Memory 1","damage_taken":0,"max_hp_gain":0,"max_hp_loss":0,"event_name":"SensoryStone","floor":38,"gold_loss":0},{"damage_healed":0,"gold_gain":0,"player_choice":"Fight","damage_taken":0,"max_hp_gain":0,"max_hp_loss":0,"event_name":"MindBloom","floor":45,"gold_loss":0}],"is_beta":false,"boss_relics":[{"not_picked":["Runic Pyramid","Pandora\u0027s Box"],"picked":"Busted Crown"},{"not_picked":["Mark of Pain","Orrery"],"picked":"Fusion Hammer"}],"items_purged_floors":[21,29,37],"is_endless":false,"potions_floor_spawned":[7,14,16,31,35,45,47],"killed_by":"Donu and Deca","ascension_level":15}