{"gold_per_floor":[114,129,229,229,244,259,259,259,284,314,314,329,104,119,119,219,219,234,249,249,249,264,279,279,294,294,324,324,339,384,83,83,183,183,198,198,198,213,228,228,228,228,228,103,103,118,433,448,448,448],"floor_reached":51,"playtime":1986,"items_purged":["Echo Form","Multi-Cast","Machine Learning+1"],"score":878,"play_id":"155afc42-ad5d-419e-9c52-43e6787bbd0b","local_time":"20180907203524","daily_mods":["Shiny","Uncertain Future","Vintage"],"is_ascension_mode":false,"campfire_choices":[{"data":"Electrodynamics","floor":7,"key":"SMITH"},{"floor":11,"key":"REST"},{"data":"Hyperbeam","floor":15,"key":"SMITH"},{"floor":24,"key":"REST"},{"floor":28,"key":"REST"},{"data":"Echo Form","floor":32,"key":"SMITH"},{"floor":40,"key":"REST"},{"floor":42,"key":"REST"},{"data":"Amplify+1","floor":49,"key":"PURGE"}],"neow_cost":"","seed_source_timestamp":0,"circlet_count":0,"master_deck":["Hyperbeam+1","Thunder Strike+1","Biased Cognition+1","Electrodynamics+1","Buffer+1","Rainbow+1","Seek+1","All For One+1","Reboot+1","Fission+1","Core Surge+1","Echo Form+1","Loop+1","Leap+1","Forethought"],"special_seed":17782,"relics":["Cracked Core","Anchor","Strawberry","Regal Pillow","Bronze Scales","Blood Vial","Orichalcum","Incense Burner","Whetstone","Lantern","Omamori","Cursed Key","Calipers","War Paint","Boot","Du-Vu Doll","Bottled Tornado","Oddly Smooth Stone","Art of War","Tiny Chest","Vajra","Happy Flower","Sozu","Juzu Bracelet","Mark of the Bloom","Ornamental Fan","Pen Nib","Sundial","Darkstone Periapt","Old Coin","Peace Pipe"],"potions_floor_usage":[16,33,41,50],"damage_taken":[{"damage":0,"enemies":"Small Slimes","floor":1,"turns":1},{"damage":15,"enemies":"Cultist","floor":2,"turns":4},{"damage":0,"enemies":"2 Louse","floor":5,"turns":2},{"damage":10,"enemies":"Exordium Thugs","floor":6,"turns":3},{"damage":18,"enemies":"Lagavulin","floor":10,"turns":4},{"damage":0,"enemies":"3 Louse","floor":12,"turns":1},{"damage":0,"enemies":"2 Fungi Beasts","floor":14,"turns":2},{"damage":23,"enemies":"Slime Boss","floor":16,"turns":6},{"damage":8,"enemies":"2 Thieves","floor":18,"turns":3},{"damage":3,"enemies":"Spheric Guardian","floor":19,"turns":3},{"damage":26,"enemies":"Snake Plant","floor":22,"turns":2},{"damage":0,"enemies":"Snecko","floor":23,"turns":3},{"damage":21,"enemies":"Shelled Parasite and Fungi","floor":25,"turns":2},{"damage":14,"enemies":"Book of Stabbing","floor":27,"turns":4},{"damage":9,"enemies":"Snake Plant","floor":29,"turns":3},{"damage":0,"enemies":"Chosen and Byrds","floor":30,"turns":3},{"damage":48,"enemies":"Automaton","floor":33,"turns":7},{"damage":5,"enemies":"Orb Walker","floor":35,"turns":3},{"damage":16,"enemies":"3 Darklings","floor":38,"turns":3},{"damage":0,"enemies":"Sphere and 2 Shapes","floor":39,"turns":3},{"damage":0,"enemies":"Giant Head","floor":41,"turns":4},{"damage":0,"enemies":"4 Shapes","floor":46,"turns":1},{"damage":0,"enemies":"3 Darklings","floor":47,"turns":1},{"damage":0,"enemies":"Transient","floor":48,"turns":5},{"damage":4,"enemies":"Time Eater","floor":50,"turns":8}],"seed_played":"6885944374877382416","potions_obtained":[{"floor":1,"key":"AttackPotion"},{"floor":2,"key":"AttackPotion"},{"floor":10,"key":"FearPotion"},{"floor":12,"key":"SmokeBomb"},{"floor":19,"key":"Energy Potion"}],"is_trial":false,"path_per_floor":["M","M","?","?","M","M","R","?","T","E","R","M","$","M","R","B",null,"M","M","?","?","M","M","R","M","T","E","R","M","M","$","R","B",null,"M","?","?","M","M","R","E","R","T","$","?","M","M","M","R","B"],"character_chosen":"DEFECT","items_purchased":["Whetstone","Vajra","Leap"],"campfire_rested":5,"item_purchase_floors":[13,31,31],"current_hp_per_floor":[75,67,67,67,67,57,57,57,57,41,80,82,82,82,82,59,82,74,73,73,73,49,51,82,61,61,49,82,73,75,75,75,29,82,77,77,77,61,61,61,61,61,61,61,61,61,61,61,61,57],"gold":448,"neow_bonus":"","is_prod":false,"is_daily":true,"chose_seed":false,"campfire_upgraded":3,"win_rate":0,"timestamp":1536366924,"path_taken":["M","M","?","?","M","M","R","?","T","E","R","M","$","M","R","BOSS","M","M","?","?","M","M","R","M","T","E","R","M","?","$","R","BOSS","M","?","?","M","M","R","E","R","T","$","?","M","M","M","R","BOSS"],"build_version":"2018-09-06","purchased_purges":3,"victory":true,"max_hp_per_floor":[75,82,82,82,82,82,82,82,82,82,82,82,82,82,82,82,82,82,82,82,82,82,82,82,82,82,82,82,82,82,82,82,82,82,82,82,82,82,82,82,82,82,82,82,82,82,82,82,82,82],"card_choices":[{"not_picked":["Beam Cell","Barrage"],"picked":"Loop","floor":10},{"not_picked":["Self Repair+1","Chill","Beam Cell+1"],"picked":"SKIP","floor":27},{"not_picked":["Trip","Deep Breath"],"picked":"Forethought","floor":45}],"player_experience":319960,"relics_obtained":[{"floor":1,"key":"Anchor"},{"floor":2,"key":"Strawberry"},{"floor":5,"key":"Regal Pillow"},{"floor":6,"key":"Bronze Scales"},{"floor":9,"key":"Blood Vial"},{"floor":10,"key":"Orichalcum"},{"floor":12,"key":"Incense Burner"},{"floor":14,"key":"Lantern"},{"floor":16,"key":"Omamori"},{"floor":18,"key":"Calipers"},{"floor":19,"key":"War Paint"},{"floor":22,"key":"Boot"},{"floor":23,"key":"Du-Vu Doll"},{"floor":25,"key":"Bottled Tornado"},{"floor":27,"key":"Oddly Smooth Stone"},{"floor":29,"key":"Art of War"},{"floor":30,"key":"Tiny Chest"},{"floor":33,"key":"Happy Flower"},{"floor":35,"key":"Juzu Bracelet"},{"floor":38,"key":"Ornamental Fan"},{"floor":39,"key":"Pen Nib"},{"floor":43,"key":"Sundial"},{"floor":46,"key":"Darkstone Periapt"},{"floor":47,"key":"Old Coin"},{"floor":48,"key":"Peace Pipe"}],"event_choices":[{"event_name":"Golden Shrine","player_choice":"Pray","floor":3,"damage_taken":0},{"event_name":"Transmorgrifier","player_choice":"Transform","floor":4,"damage_taken":0},{"event_name":"Living Wall","player_choice":"Forget","floor":8,"damage_taken":0},{"event_name":"Cursed Tome","player_choice":"Ignored","floor":20,"damage_taken":0},{"event_name":"Ghosts","player_choice":"Ignored","floor":21,"damage_taken":0},{"event_name":"MindBloom","player_choice":"Upgrade","floor":36,"damage_taken":0},{"event_name":"Winding Halls","player_choice":"Writhe","floor":37,"damage_taken":0},{"event_name":"SensoryStone","player_choice":"Memory 1","floor":45,"damage_taken":0}],"is_beta":false,"boss_relics":[{"not_picked":["Calling Bell","Tiny House"],"picked":"Cursed Key"},{"not_picked":["Busted Crown","White Beast Statue"],"picked":"Sozu"}],"items_purged_floors":[13,31,44],"is_endless":false,"potions_floor_spawned":[1,2,10,12,19,25,27,29,38,41,46,47,48],"ascension_level":0}