{"gold_per_floor":[118,137,212,212,231,231,263,263,311,330,330,25,39,67,67,171,171,189,208,222,3,3,3,3,14,14,14,14],"floor_reached":28,"playtime":4012,"items_purged":["Berserk+1"],"score":228,"play_id":"75124d30-fa7d-4079-bcdf-ddaa52d163e6","local_time":"20180824215047","is_ascension_mode":false,"campfire_choices":[{"floor":6,"key":"REST"},{"floor":8,"key":"REST"},{"floor":15,"key":"REST"},{"floor":23,"key":"REST"},{"floor":27,"key":"REST"}],"neow_cost":"NONE","seed_source_timestamp":38384845867463,"circlet_count":0,"master_deck":["Strike_R","Strike_R","Strike_R","Strike_R","Strike_R","Defend_R","Defend_R","Headbutt+1","Flex","Carnage+1","Wild Strike+1","Perfected Strike","Immolate","Spot Weakness+1","Intimidate+1"],"relics":["Burning Blood","Boot","Oddly Smooth Stone","Red Skull","Mercury Hourglass","Peace Pipe","Paper Frog","Astrolabe","Whetstone","Gremlin Horn"],"potions_floor_usage":[2],"damage_taken":[{"damage":1,"enemies":"Cultist","floor":1,"turns":4},{"damage":0,"enemies":"Small Slimes","floor":2,"turns":3},{"damage":11,"enemies":"Jaw Worm","floor":5,"turns":3},{"damage":50,"enemies":"Lagavulin","floor":7,"turns":6},{"damage":11,"enemies":"3 Louse","floor":10,"turns":3},{"damage":10,"enemies":"Lots of Slimes","floor":13,"turns":3},{"damage":24,"enemies":"3 Sentries","floor":14,"turns":5},{"damage":14,"enemies":"Slime Boss","floor":16,"turns":8},{"damage":34,"enemies":"Shell Parasite","floor":18,"turns":4},{"damage":25,"enemies":"3 Byrds","floor":19,"turns":4},{"damage":15,"enemies":"Centurion and Healer","floor":20,"turns":4},{"damage":45,"enemies":"Shelled Parasite and Fungi","floor":25,"turns":5},{"damage":35,"enemies":"Slavers","floor":28,"turns":2}],"seed_played":"6669950186735586395","potions_obtained":[{"floor":1,"key":"AttackPotion"},{"floor":5,"key":"LiquidBronze"},{"floor":7,"key":"Block Potion"},{"floor":10,"key":"Ancient Potion"},{"floor":16,"key":"AttackPotion"}],"is_trial":false,"path_per_floor":["M","M","?","?","M","R","E","R","T","M","?","$","M","E","R","B",null,"M","M","M","$","?","R","$","M","T","R"],"character_chosen":"IRONCLAD","items_purchased":["Peace Pipe","Whetstone"],"campfire_rested":5,"item_purchase_floors":[12,21],"current_hp_per_floor":[80,80,69,69,64,80,36,60,60,55,52,52,48,30,54,46,80,52,33,24,24,24,48,48,9,9,33,0],"gold":14,"neow_bonus":"RANDOM_COMMON_RELIC","is_prod":false,"is_daily":false,"chose_seed":false,"campfire_upgraded":0,"win_rate":0.0,"timestamp":1535161847,"path_taken":["M","M","?","?","M","R","E","R","T","?","?","?","M","E","R","BOSS","M","M","M","$","?","R","$","M","T","R","E"],"build_version":"2018-08-23v2","purchased_purges":1,"victory":false,"max_hp_per_floor":[80,80,80,80,80,80,80,80,80,80,80,80,80,80,80,80,80,80,80,80,80,80,80,80,80,80,80,80],"card_choices":[{"not_picked":["Uppercut","Infernal Blade","Havoc"],"picked":"SKIP","floor":1},{"not_picked":["Cleave","Twin Strike"],"picked":"Headbutt","floor":2},{"not_picked":["Blood for Blood","Sword Boomerang"],"picked":"Flex","floor":5},{"not_picked":["Battle Trance","Reckless Charge"],"picked":"Carnage","floor":7},{"not_picked":["Dark Embrace","Pummel"],"picked":"Wild Strike","floor":10},{"not_picked":["Twin Strike","Thunderclap","Havoc"],"picked":"SKIP","floor":13},{"not_picked":["Warcry","Inflame"],"picked":"Perfected Strike","floor":14},{"not_picked":["Impervious","Juggernaut"],"picked":"Immolate","floor":16},{"not_picked":["Pummel","Headbutt","Evolve+1"],"picked":"SKIP","floor":18},{"not_picked":["Warcry+1","Sever Soul+1","Havoc"],"picked":"SKIP","floor":19},{"not_picked":["Clash+1","True Grit","Clothesline+1"],"picked":"SKIP","floor":20},{"not_picked":["Headbutt+1","Cleave","Iron Wave"],"picked":"SKIP","floor":25}],"player_experience":309677,"relics_obtained":[{"floor":7,"key":"Oddly Smooth Stone"},{"floor":9,"key":"Red Skull"},{"floor":14,"key":"Paper Frog"},{"floor":26,"key":"Gremlin Horn"}],"event_choices":[{"event_name":"World of Goop","player_choice":"Gather Gold","floor":3,"damage_taken":0},{"event_name":"Accursed Blacksmith","player_choice":"Forge","floor":4,"damage_taken":0},{"event_name":"Scrap Ooze","player_choice":"success","floor":11,"damage_taken":3}],"is_beta":false,"boss_relics":[{"not_picked":["Ectoplasm","Runic Pyramid"],"picked":"Astrolabe"}],"items_purged_floors":[21],"is_endless":false,"potions_floor_spawned":[1,5,7,10,14,16,25],"killed_by":"Slavers","ascension_level":0}