{"gold_per_floor":[111,123,142,162,87,87,102,117,117,117,133,162,172,72,72,168,168,180,8,27,42,53,53,66,66,89,89,14,28,28,43,43,43],"floor_reached":33,"playtime":1252,"items_purged":["Strike_G","Defend_G","Strike_G"],"score":255,"play_id":"3616bd03-c7ae-453b-b3f5-acc8525fdf89","local_time":"20190331004752","is_ascension_mode":false,"campfire_choices":[{"data":"Endless Agony","floor":6,"key":"SMITH"},{"floor":10,"key":"REST"},{"floor":15,"key":"REST"},{"floor":23,"key":"REST"},{"floor":25,"key":"REST"},{"floor":27,"key":"REST"},{"floor":32,"key":"REST"}],"neow_cost":"NONE","seed_source_timestamp":553601859553438,"circlet_count":0,"master_deck":["Defend_G","Defend_G","Defend_G","Defend_G","Strike_G","Strike_G","Strike_G","Survivor","Neutralize","Quick Slash","Endless Agony+1","Slice","Cloak And Dagger","Cloak And Dagger","Adrenaline","Infinite Blades","Choke","Blade Dance","Endless Agony"],"relics":["WristBlade","Mummified Hand","Smiling Mask","Busted Crown","Vajra"],"potions_floor_usage":[11,12,16,16,33],"damage_taken":[{"damage":0,"enemies":"Cultist","floor":1,"turns":4},{"damage":3,"enemies":"Jaw Worm","floor":2,"turns":4},{"damage":0,"enemies":"2 Louse","floor":3,"turns":3},{"damage":0,"enemies":"Red Slaver","floor":4,"turns":3},{"damage":8,"enemies":"3 Louse","floor":7,"turns":5},{"damage":10,"enemies":"Exordium Wildlife","floor":8,"turns":4},{"damage":13,"enemies":"Gremlin Gang","floor":11,"turns":4},{"damage":16,"enemies":"Lagavulin","floor":12,"turns":5},{"damage":12,"enemies":"Exordium Thugs","floor":13,"turns":4},{"damage":41,"enemies":"The Guardian","floor":16,"turns":10},{"damage":10,"enemies":"2 Thieves","floor":18,"turns":4},{"damage":0,"enemies":"Chosen","floor":20,"turns":3},{"damage":25,"enemies":"Centurion and Healer","floor":21,"turns":4},{"damage":18,"enemies":"Shelled Parasite and Fungi","floor":22,"turns":4},{"damage":14,"enemies":"Snecko","floor":24,"turns":5},{"damage":18,"enemies":"Snake Plant","floor":29,"turns":3},{"damage":6,"enemies":"Centurion and Healer","floor":31,"turns":4},{"damage":68,"enemies":"Automaton","floor":33,"turns":6}],"seed_played":"-7747892728738259231","potions_obtained":[{"floor":1,"key":"FearPotion"},{"floor":4,"key":"SteroidPotion"},{"floor":8,"key":"Explosive Potion"},{"floor":12,"key":"SteroidPotion"},{"floor":18,"key":"Ancient Potion"},{"floor":29,"key":"Strength Potion"},{"floor":31,"key":"Dexterity Potion"}],"is_trial":false,"path_per_floor":["M","M","M","M","$","R","M","M","T","R","M","E","M","$","R","B",null,"M","$","M","M","M","R","M","R","T","R","?","M","?","M","R","B"],"character_chosen":"THE_SILENT","items_purchased":["Cloak And Dagger","Infinite Blades","Choke"],"campfire_rested":6,"item_purchase_floors":[14,19,19],"current_hp_per_floor":[70,67,67,67,67,67,59,49,49,70,57,41,29,29,50,9,70,60,60,60,35,17,38,24,45,45,66,66,48,48,42,63,0],"gold":43,"neow_bonus":"BOSS_RELIC","is_prod":false,"is_daily":false,"chose_seed":false,"campfire_upgraded":1,"win_rate":0,"timestamp":1554007672,"path_taken":["M","M","?","M","$","R","M","M","T","R","M","E","M","$","R","BOSS","M","$","M","M","M","R","M","R","T","R","?","M","?","M","R","BOSS"],"build_version":"2019-01-23","purchased_purges":3,"victory":false,"max_hp_per_floor":[70,70,70,70,70,70,70,70,70,70,70,70,70,70,70,70,70,70,70,70,70,70,70,70,70,70,70,70,70,70,70,70,70],"card_choices":[{"not_picked":["Catalyst","Dodge and Roll"],"picked":"Quick Slash","floor":1},{"not_picked":["Dagger Spray","Deadly Poison"],"picked":"Endless Agony","floor":2},{"not_picked":["Underhanded Strike","Flying Knee","Footwork"],"picked":"SKIP","floor":3},{"not_picked":["Choke","Dagger Throw","Sucker Punch"],"picked":"SKIP","floor":4},{"not_picked":["Choke","Dagger Throw","Sucker Punch"],"picked":"SKIP","floor":4},{"not_picked":["PiercingWail","Deadly Poison","Underhanded Strike"],"picked":"SKIP","floor":7},{"not_picked":["Expertise","Noxious Fumes","Riddle With Holes"],"picked":"SKIP","floor":8},{"not_picked":["Deadly Poison","Sucker Punch"],"picked":"Slice","floor":11},{"not_picked":["Malaise","Skewer"],"picked":"Cloak And Dagger","floor":12},{"not_picked":["Bane","Sucker Punch","Flying Knee"],"picked":"SKIP","floor":13},{"not_picked":["Envenom","Glass Knife"],"picked":"Adrenaline","floor":16},{"not_picked":["Concentrate"],"picked":"SKIP","floor":18},{"not_picked":[],"picked":"Blade Dance","floor":20},{"not_picked":["Dash"],"picked":"SKIP","floor":21},{"not_picked":["Acrobatics+1"],"picked":"SKIP","floor":22},{"not_picked":[],"picked":"Dagger Spray","floor":24},{"not_picked":[],"picked":"Endless Agony","floor":29},{"not_picked":["Crippling Poison+1"],"picked":"SKIP","floor":31}],"player_experience":423340,"relics_obtained":[{"floor":9,"key":"Mummified Hand"},{"floor":12,"key":"Smiling Mask"},{"floor":26,"key":"Vajra"}],"event_choices":[{"cards_removed":["Dagger Spray"],"damage_healed":0,"gold_gain":0,"player_choice":"Gave Gold","damage_taken":0,"max_hp_gain":0,"max_hp_loss":0,"event_name":"Beggar","floor":28,"gold_loss":75}],"is_beta":false,"boss_relics":[{"not_picked":["Fusion Hammer","Philosopher\u0027s Stone"],"picked":"Busted Crown"}],"items_purged_floors":[5,14,19],"is_endless":false,"potions_floor_spawned":[1,4,8,12,18,29,31],"killed_by":"Automaton","ascension_level":0}