{"gold_per_floor":[116,136,153,173,143,171,186,199,224,224,251,251,281,55,55,55],"floor_reached":16,"playtime":843,"items_purged":["Defend_R"],"score":122,"play_id":"56926b60-40ae-48fa-a500-a7cf376088c8","local_time":"20190205185314","is_ascension_mode":false,"campfire_choices":[{"data":"Perfected Strike","floor":10,"key":"SMITH"},{"data":"Armaments","floor":12,"key":"SMITH"},{"data":"Pommel Strike","floor":15,"key":"SMITH"}],"neow_cost":"NONE","seed_source_timestamp":284424476698307,"circlet_count":0,"master_deck":["Strike_R","Strike_R","Strike_R","Strike_R","Strike_R","Defend_R","Defend_R","Defend_R","Bash","Blind","Iron Wave","Feel No Pain","Shrug It Off","Wild Strike","Perfected Strike+1","Pommel Strike+1","Armaments+1","Flame Barrier"],"relics":["Burning Blood","Pen Nib","Art of War","Frozen Egg 2","Bag of Preparation","Lantern"],"potions_floor_usage":[5,11,13,16],"damage_taken":[{"damage":2,"enemies":"Jaw Worm","floor":1,"turns":6},{"damage":5,"enemies":"2 Louse","floor":2,"turns":3},{"damage":3,"enemies":"Small Slimes","floor":3,"turns":5},{"damage":5,"enemies":"Blue Slaver","floor":4,"turns":5},{"damage":6,"enemies":"Looter","floor":5,"turns":4},{"damage":14,"enemies":"3 Sentries","floor":6,"turns":9},{"damage":9,"enemies":"2 Fungi Beasts","floor":7,"turns":3},{"damage":0,"enemies":"Exordium Thugs","floor":8,"turns":4},{"damage":13,"enemies":"Lagavulin","floor":11,"turns":5},{"damage":24,"enemies":"Gremlin Nob","floor":13,"turns":4},{"damage":50,"enemies":"The Guardian","floor":16,"turns":7}],"seed_played":"2187776614809691210","potions_obtained":[{"floor":1,"key":"Strength Potion"},{"floor":4,"key":"PowerPotion"},{"floor":7,"key":"AttackPotion"},{"floor":11,"key":"Poison Potion"},{"floor":13,"key":"EssenceOfSteel"}],"is_trial":false,"path_per_floor":["M","M","M","M","M","E","M","M","T","R","E","R","E","$","R","B"],"character_chosen":"IRONCLAD","items_purchased":["Lantern"],"campfire_rested":0,"item_purchase_floors":[14],"current_hp_per_floor":[80,80,80,80,80,72,69,75,75,75,68,68,50,50,50,0],"gold":55,"neow_bonus":"RANDOM_COLORLESS","is_prod":false,"is_daily":false,"chose_seed":false,"campfire_upgraded":3,"win_rate":0.0,"timestamp":1549410794,"path_taken":["M","M","M","M","M","E","M","M","T","R","E","R","E","$","R","BOSS"],"build_version":"2019-01-23","purchased_purges":1,"victory":false,"max_hp_per_floor":[80,80,80,80,80,80,80,80,80,80,80,80,80,80,80,80],"card_choices":[{"not_picked":["Clothesline","Dropkick"],"picked":"Iron Wave","floor":1},{"not_picked":["True Grit","Iron Wave"],"picked":"Feel No Pain","floor":2},{"not_picked":["Seeing Red","Uppercut"],"picked":"Shrug It Off","floor":3},{"not_picked":["Limit Break","Rupture"],"picked":"Wild Strike","floor":4},{"not_picked":["Searing Blow","Hemokinesis"],"picked":"Perfected Strike","floor":5},{"not_picked":["Twin Strike","Wild Strike","Rupture"],"picked":"SKIP","floor":6},{"not_picked":["Flex","Intimidate","Iron Wave"],"picked":"SKIP","floor":7},{"not_picked":["Twin Strike","Flex"],"picked":"Pommel Strike","floor":8},{"not_picked":["Intimidate","Fiend Fire"],"picked":"Armaments","floor":11},{"not_picked":["Clash","Limit Break"],"picked":"Flame Barrier","floor":13}],"player_experience":334711,"relics_obtained":[{"floor":6,"key":"Pen Nib"},{"floor":9,"key":"Art of War"},{"floor":11,"key":"Frozen Egg 2"},{"floor":13,"key":"Bag of Preparation"}],"event_choices":[],"is_beta":false,"boss_relics":[],"items_purged_floors":[14],"is_endless":false,"potions_floor_spawned":[1,4,7,11,13],"killed_by":"The Guardian","ascension_level":0}