{"gold_per_floor":[111,111,127,52,52,86,86,86,86,86,142,155,155,180,180,257,257,272,289,301,301,2,2,14,26,91,103,150,162,174,186,198,210],"floor_reached":33,"playtime":1161,"items_purged":["Pain"],"score":609,"play_id":"72e1391f-dbe5-4335-9db3-7445ce0755b5","local_time":"20190203173341","is_ascension_mode":true,"campfire_choices":[{"data":"Demon Form","floor":8,"key":"SMITH"},{"data":"Carnage","floor":10,"key":"SMITH"},{"data":"Uppercut","floor":15,"key":"SMITH"},{"floor":23,"key":"DIG"},{"floor":25,"key":"REST"},{"floor":29,"key":"DIG"},{"floor":32,"key":"REST"}],"neow_cost":"NONE","seed_source_timestamp":792606533956100,"circlet_count":0,"master_deck":["AscendersBane","Defend_R+1","Defend_R+1","Defend_R+1","Defend_R+1","Bash","Corruption","Carnage+1","Flame Barrier","Demon Form+1","Battle Trance","Headbutt","Uppercut+1","Offering","Pain","Twin Strike","Pummel+1","Warcry","Shrug It Off","Rupture","Sword Boomerang","RitualDagger","Bite","Bite","Bite","Bite","Bite","Exhume"],"relics":["Burning Blood","NeowsBlessing","WarpedTongs","Sundial","Dream Catcher","Bottled Flame","Mango","Omamori","Calling Bell","PreservedInsect","Dodecahedron","Shovel","CultistMask","Orichalcum","MawBank","Lantern","Juzu Bracelet","Girya"],"potions_floor_usage":[16,16,18,33,33],"damage_taken":[{"damage":0,"enemies":"Jaw Worm","floor":1,"turns":1},{"damage":0,"enemies":"Cultist","floor":3,"turns":1},{"damage":0,"enemies":"Gremlin Nob","floor":6,"turns":1},{"damage":20,"enemies":"Lagavulin Event","floor":11,"turns":5},{"damage":5,"enemies":"2 Louse","floor":12,"turns":3},{"damage":12,"enemies":"3 Sentries","floor":14,"turns":6},{"damage":19,"enemies":"Slime Boss","floor":16,"turns":7},{"damage":24,"enemies":"Shell Parasite","floor":18,"turns":3},{"damage":20,"enemies":"3 Byrds","floor":19,"turns":5},{"damage":27,"enemies":"Snecko","floor":20,"turns":5},{"damage":26,"enemies":"Book of Stabbing","floor":28,"turns":4},{"damage":98,"enemies":"Collector","floor":33,"turns":7}],"seed_played":"3153850835939952949","potions_obtained":[{"floor":6,"key":"Weak Potion"},{"floor":11,"key":"Poison Potion"},{"floor":16,"key":"AttackPotion"},{"floor":19,"key":"Strength Potion"},{"floor":28,"key":"Swift Potion"}],"is_trial":false,"path_per_floor":["M","?","M","$","T","E","?","R","T","R","?","M","?","E","R","B",null,"M","M","M","?","$","R","?","R","T","?","E","R","?","?","R","B"],"character_chosen":"IRONCLAD","items_purchased":["Orichalcum","Shrug It Off","Rupture"],"campfire_rested":2,"item_purchase_floors":[22,22,22],"current_hp_per_floor":[74,74,75,75,75,75,75,75,75,75,75,76,49,43,43,30,74,56,42,21,21,21,21,21,47,47,41,21,21,21,21,39,0],"gold":210,"neow_bonus":"THREE_ENEMY_KILL","is_prod":false,"is_daily":false,"chose_seed":false,"campfire_upgraded":3,"win_rate":0,"timestamp":1549244021,"path_taken":["M","?","?","?","?","E","?","R","T","R","?","?","?","E","R","BOSS","M","M","M","?","?","R","?","R","T","?","E","R","?","?","R","BOSS"],"build_version":"2019-01-23","purchased_purges":1,"victory":false,"max_hp_per_floor":[75,75,75,75,75,75,75,75,75,75,89,89,89,89,89,89,89,89,89,89,89,89,89,89,89,89,89,89,89,62,62,62,62],"card_choices":[{"not_picked":["Clothesline","Flex"],"picked":"Corruption","floor":1},{"not_picked":["Power Through","Bloodletting"],"picked":"Carnage","floor":3},{"not_picked":["Rupture","Corruption"],"picked":"Flame Barrier","floor":6},{"not_picked":["Seeing Red","Dual Wield"],"picked":"Battle Trance","floor":11},{"not_picked":["Iron Wave","Rupture"],"picked":"Headbutt","floor":12},{"not_picked":["Havoc","Entrench"],"picked":"Uppercut","floor":14},{"not_picked":["Juggernaut","Dark Embrace"],"picked":"Offering","floor":16},{"not_picked":["Flex","Cleave"],"picked":"Twin Strike","floor":18},{"not_picked":["True Grit","Thunderclap"],"picked":"Pummel+1","floor":19},{"not_picked":["Clash","Flex"],"picked":"Warcry","floor":20},{"not_picked":["Sentinel","Clothesline"],"picked":"Sword Boomerang","floor":25},{"not_picked":["Dropkick","Warcry","Whirlwind"],"picked":"SKIP","floor":28},{"not_picked":["Twin Strike","Sword Boomerang"],"picked":"Exhume","floor":32}],"player_experience":3234490,"relics_obtained":[{"floor":5,"key":"Sundial"},{"floor":6,"key":"Dream Catcher"},{"floor":9,"key":"Bottled Flame"},{"floor":11,"key":"Mango"},{"floor":14,"key":"Omamori"},{"floor":17,"key":"PreservedInsect"},{"floor":17,"key":"Dodecahedron"},{"floor":17,"key":"Shovel"},{"floor":23,"key":"MawBank"},{"floor":26,"key":"Lantern"},{"floor":28,"key":"Juzu Bracelet"},{"floor":29,"key":"Girya"}],"event_choices":[{"damage_healed":0,"gold_gain":0,"player_choice":"Rummage","damage_taken":0,"relics_obtained":["WarpedTongs"],"max_hp_gain":0,"max_hp_loss":0,"event_name":"Accursed Blacksmith","floor":2,"gold_loss":0,"cards_obtained":["Pain"]},{"damage_healed":0,"gold_gain":0,"cards_transformed":["Strike_R"],"player_choice":"Change","damage_taken":0,"max_hp_gain":0,"max_hp_loss":0,"event_name":"Living Wall","floor":7,"gold_loss":0,"cards_obtained":["Demon Form"]},{"damage_healed":0,"gold_gain":0,"player_choice":"Searched \u00271\u0027 times","damage_taken":0,"max_hp_gain":0,"max_hp_loss":0,"event_name":"Dead Adventurer","floor":11,"gold_loss":0},{"damage_healed":0,"gold_gain":0,"player_choice":"Entered Light","damage_taken":27,"max_hp_gain":0,"max_hp_loss":0,"event_name":"Shining Light","floor":13,"gold_loss":0,"cards_upgraded":["Strike_R","Defend_R"]},{"damage_healed":0,"gold_gain":0,"player_choice":"Trade","damage_taken":0,"relics_obtained":["CultistMask"],"max_hp_gain":0,"max_hp_loss":0,"event_name":"FaceTrader","floor":21,"gold_loss":0},{"damage_healed":0,"gold_gain":0,"player_choice":"Ignored","damage_taken":0,"max_hp_gain":0,"max_hp_loss":0,"event_name":"Ghosts","floor":24,"gold_loss":0},{"damage_healed":0,"gold_gain":0,"player_choice":"Joined the Cult","damage_taken":6,"max_hp_gain":0,"max_hp_loss":0,"event_name":"Nest","floor":27,"gold_loss":0,"cards_obtained":["RitualDagger"]},{"damage_healed":0,"gold_gain":0,"player_choice":"Became a vampire","damage_taken":0,"max_hp_gain":0,"max_hp_loss":27,"event_name":"Vampires","floor":30,"gold_loss":0,"cards_obtained":["Bite","Bite","Bite","Bite","Bite"]},{"damage_healed":0,"gold_gain":0,"player_choice":"Simplicity","damage_taken":0,"max_hp_gain":0,"max_hp_loss":0,"event_name":"Back to Basics","floor":31,"gold_loss":0,"cards_upgraded":["Defend_R","Defend_R","Defend_R"]}],"is_beta":true,"boss_relics":[{"not_picked":["Runic Pyramid","Pandora\u0027s Box"],"picked":"Calling Bell"}],"items_purged_floors":[4],"is_endless":false,"potions_floor_spawned":[6,11,16,19,28],"killed_by":"Collector","ascension_level":20}