{"gold_per_floor":[141,157,172,185,196,231,231,263,263,263],"floor_reached":10,"playtime":494,"items_purged":[],"score":84,"play_id":"5c21fc5a-c06f-40a4-a0e5-8e96b6bdf453","local_time":"20190222174413","is_ascension_mode":true,"campfire_choices":[{"floor":7,"key":"REST"}],"neow_cost":"NONE","seed_source_timestamp":571239714820908,"circlet_count":0,"master_deck":["Strike_R","Strike_R","Strike_R","Strike_R","Strike_R","Defend_R","Defend_R","Defend_R","Defend_R","Bash","Searing Blow","Armaments","Armaments","Rampage"],"relics":["Burning Blood","Tiny Chest","Blue Candle","Centennial Puzzle","Dodecahedron"],"potions_floor_usage":[6],"damage_taken":[{"damage":0,"enemies":"2 Louse","floor":1,"turns":3},{"damage":9,"enemies":"Cultist","floor":2,"turns":4},{"damage":10,"enemies":"Small Slimes","floor":3,"turns":3},{"damage":45,"enemies":"Exordium Thugs","floor":4,"turns":9},{"damage":9,"enemies":"2 Fungi Beasts","floor":5,"turns":5},{"damage":15,"enemies":"Gremlin Nob","floor":6,"turns":4},{"damage":38,"enemies":"3 Sentries","floor":8,"turns":10},{"damage":14,"enemies":"Gremlin Nob","floor":10,"turns":2}],"seed_played":"-1811263340458951991","potions_obtained":[{"floor":3,"key":"Fire Potion"},{"floor":5,"key":"PowerPotion"},{"floor":8,"key":"AttackPotion"}],"is_trial":false,"path_per_floor":["M","M","M","M","M","E","R","E","T","E"],"character_chosen":"IRONCLAD","items_purchased":[],"campfire_rested":1,"item_purchase_floors":[],"current_hp_per_floor":[80,77,73,34,31,22,46,14,14,0],"gold":263,"neow_bonus":"RANDOM_COMMON_RELIC","is_prod":false,"is_daily":false,"chose_seed":false,"campfire_upgraded":0,"win_rate":0,"timestamp":1550875453,"path_taken":["M","M","M","M","M","E","R","E","T","E"],"build_version":"2019-01-23","purchased_purges":0,"victory":false,"max_hp_per_floor":[80,80,80,80,80,80,80,80,80,80],"card_choices":[{"not_picked":["Twin Strike","Havoc","Clothesline"],"picked":"SKIP","floor":1},{"not_picked":["Havoc","Wild Strike"],"picked":"Searing Blow","floor":2},{"not_picked":["Sword Boomerang","Fire Breathing"],"picked":"Armaments","floor":3},{"not_picked":["Wild Strike","Pommel Strike"],"picked":"Armaments","floor":4},{"not_picked":["Pommel Strike","Burning Pact","Disarm"],"picked":"SKIP","floor":5},{"not_picked":["Iron Wave","Intimidate"],"picked":"Rampage","floor":6},{"not_picked":["Reaper","Iron Wave","Clothesline"],"picked":"SKIP","floor":8}],"player_experience":68754,"relics_obtained":[{"floor":6,"key":"Blue Candle"},{"floor":8,"key":"Centennial Puzzle"},{"floor":9,"key":"Dodecahedron"}],"event_choices":[],"is_beta":false,"boss_relics":[],"items_purged_floors":[],"is_endless":false,"potions_floor_spawned":[3,5,8],"killed_by":"Gremlin Nob","ascension_level":1}