{"gold_per_floor":[112,187,205,224,21,21,40,40,40,69,81,81,6,20,20,123,123,136,136,61,61,75,75,75,75],"floor_reached":25,"playtime":845,"items_purged":["Strike_B"],"score":211,"play_id":"ed3b6386-1d47-4f26-a007-2123f26ba018","local_time":"20190408175505","is_ascension_mode":true,"campfire_choices":[{"data":"Hyperbeam","floor":6,"key":"SMITH"},{"floor":8,"key":"REST"},{"floor":12,"key":"REST"},{"data":"Streamline","floor":15,"key":"SMITH"},{"floor":23,"key":"REST"}],"neow_cost":"NONE","seed_source_timestamp":21663725646162,"circlet_count":0,"master_deck":["Strike_B","Strike_B","Strike_B","Defend_B","Defend_B","Defend_B","Defend_B","Zap","Hyperbeam+1","Streamline+1","Reinforced Body","Hologram","Meteor Strike","Conserve Battery","Gash","Seek","Biased Cognition","Gash"],"relics":["Cracked Core","Singing Bowl","Matryoshka","Sozu","MutagenicStrength"],"potions_floor_usage":[25],"damage_taken":[{"damage":5,"enemies":"Jaw Worm","floor":1,"turns":4},{"damage":0,"enemies":"2 Louse","floor":3,"turns":2},{"damage":0,"enemies":"Cultist","floor":4,"turns":2},{"damage":19,"enemies":"Exordium Thugs","floor":7,"turns":5},{"damage":2,"enemies":"3 Sentries","floor":10,"turns":3},{"damage":10,"enemies":"Exordium Wildlife","floor":11,"turns":2},{"damage":0,"enemies":"Gremlin Gang","floor":14,"turns":1},{"damage":24,"enemies":"Slime Boss","floor":16,"turns":9},{"damage":27,"enemies":"Shell Parasite","floor":18,"turns":4},{"damage":32,"enemies":"3 Byrds","floor":22,"turns":4},{"damage":52,"enemies":"Slavers","floor":25,"turns":3}],"seed_played":"-5219781452058980327","potions_obtained":[{"floor":4,"key":"Ancient Potion"},{"floor":11,"key":"Ancient Potion"},{"floor":14,"key":"EssenceOfSteel"}],"is_trial":false,"path_per_floor":["M","?","M","M","$","R","M","R","T","E","M","R","$","M","R","B",null,"M","?","?","$","M","R","?","E"],"character_chosen":"DEFECT","items_purchased":["Meteor Strike","Conserve Battery"],"campfire_rested":3,"item_purchase_floors":[5,5],"current_hp_per_floor":[70,59,59,59,59,59,40,62,62,60,52,75,75,77,77,53,79,52,52,52,52,22,46,46,0],"gold":75,"neow_bonus":"ONE_RANDOM_RARE_CARD","is_prod":false,"is_daily":false,"chose_seed":false,"campfire_upgraded":2,"win_rate":0,"timestamp":1554760505,"path_taken":["M","?","M","M","$","R","M","R","T","E","M","R","$","M","R","BOSS","M","?","?","$","M","R","?","E"],"build_version":"2019-01-23","purchased_purges":1,"victory":false,"max_hp_per_floor":[75,75,75,75,75,75,75,75,75,75,77,77,77,79,79,79,79,79,79,79,79,81,81,81,81],"card_choices":[{"not_picked":["Capacitor","Coolheaded"],"picked":"Streamline","floor":1},{"not_picked":["Lockon","Ball Lightning"],"picked":"Reinforced Body","floor":3},{"not_picked":["Steam Power","Heatsinks"],"picked":"Hologram","floor":4},{"not_picked":["Compile Driver","Chill"],"picked":"Gash","floor":7},{"not_picked":["Streamline","Beam Cell"],"picked":"Seek","floor":10},{"not_picked":["Conserve Battery","Self Repair","Steam"],"picked":"Singing Bowl","floor":11},{"not_picked":["Turbo","Streamline","Genetic Algorithm"],"picked":"Singing Bowl","floor":14},{"not_picked":["Fission","Thunder Strike"],"picked":"Biased Cognition","floor":16},{"not_picked":["Cold Snap+1","Turbo"],"picked":"Gash","floor":18},{"not_picked":["Beam Cell","Compile Driver+1","Rebound+1"],"picked":"Singing Bowl","floor":22}],"player_experience":467970,"relics_obtained":[{"floor":9,"key":"Singing Bowl"},{"floor":10,"key":"Matryoshka"}],"event_choices":[{"damage_healed":0,"gold_gain":75,"player_choice":"Gather Gold","damage_taken":11,"max_hp_gain":0,"max_hp_loss":0,"event_name":"World of Goop","floor":2,"gold_loss":0},{"damage_healed":0,"gold_gain":0,"player_choice":"Ignored","damage_taken":0,"max_hp_gain":0,"max_hp_loss":0,"event_name":"Ghosts","floor":19,"gold_loss":0},{"cards_removed":["Dualcast"],"damage_healed":0,"gold_gain":0,"player_choice":"Gave Gold","damage_taken":0,"max_hp_gain":0,"max_hp_loss":0,"event_name":"Beggar","floor":20,"gold_loss":75},{"damage_healed":0,"gold_gain":0,"player_choice":"Inject Mutagens","damage_taken":0,"relics_obtained":["MutagenicStrength"],"max_hp_gain":0,"max_hp_loss":0,"event_name":"Drug Dealer","floor":24,"gold_loss":0}],"is_beta":false,"boss_relics":[{"not_picked":["Velvet Choker","Ectoplasm"],"picked":"Sozu"}],"items_purged_floors":[13],"is_endless":false,"potions_floor_spawned":[4,11,14,16,22],"killed_by":"Slavers","ascension_level":1}