{"gold_per_floor":[118,135,135,113,63,63,83,83,83,101,113,113,129,129,129,232,232,249,249,249,249,249],"floor_reached":22,"playtime":905,"items_purged":[],"score":191,"play_id":"f40cebd9-a567-4293-a6c4-74ab5a9ff800","local_time":"20190406184216","is_ascension_mode":true,"campfire_choices":[{"data":"Capacitor","floor":6,"key":"SMITH"},{"data":"Dualcast","floor":8,"key":"SMITH"},{"data":"Creative AI","floor":12,"key":"SMITH"},{"data":"Zap","floor":15,"key":"SMITH"}],"neow_cost":"NONE","seed_source_timestamp":258437453011498,"circlet_count":0,"master_deck":["Strike_B","Strike_B","Strike_B","Defend_B","Defend_B","Defend_B","Defend_B","Zap+1","Dualcast+1","Self Repair","Capacitor+1","Coolheaded","Creative AI+1","Parasite","Echo Form","Conserve Battery","Decay"],"relics":["Cracked Core","Bag of Marbles","Pantograph","Runic Pyramid","Bag of Preparation"],"potions_floor_usage":[16,16,16],"damage_taken":[{"damage":0,"enemies":"Small Slimes","floor":1,"turns":2},{"damage":12,"enemies":"Jaw Worm","floor":2,"turns":2},{"damage":10,"enemies":"2 Louse","floor":7,"turns":3},{"damage":16,"enemies":"Exordium Wildlife","floor":10,"turns":6},{"damage":1,"enemies":"Large Slime","floor":11,"turns":7},{"damage":32,"enemies":"Exordium Thugs","floor":13,"turns":6},{"damage":41,"enemies":"Hexaghost","floor":16,"turns":10},{"damage":60,"enemies":"2 Thieves","floor":18,"turns":5},{"damage":24,"enemies":"Shell Parasite","floor":22,"turns":6}],"seed_played":"-3179559086601730511","potions_obtained":[{"floor":2,"key":"Dexterity Potion"},{"floor":11,"key":"LiquidBronze"},{"floor":13,"key":"Fire Potion"}],"is_trial":false,"path_per_floor":["M","M","?","?","?","R","M","R","T","M","M","R","M","?","R","B",null,"M","?","T","?","M"],"character_chosen":"DEFECT","items_purchased":[],"campfire_rested":0,"item_purchase_floors":[],"current_hp_per_floor":[75,70,70,70,70,70,67,67,67,58,64,64,39,57,57,41,75,22,22,22,22,0],"gold":249,"neow_bonus":"RANDOM_COMMON_RELIC","is_prod":false,"is_daily":false,"chose_seed":false,"campfire_upgraded":4,"win_rate":0,"timestamp":1554590536,"path_taken":["M","M","?","?","?","R","M","R","T","M","M","R","M","?","R","BOSS","M","?","?","?","?"],"build_version":"2019-01-23","purchased_purges":0,"victory":false,"max_hp_per_floor":[75,75,75,75,75,75,75,75,75,75,75,75,75,75,75,75,75,75,75,75,75,75],"card_choices":[{"not_picked":["Cold Snap","Rebound"],"picked":"Self Repair","floor":1},{"not_picked":["Leap","Coolheaded"],"picked":"Capacitor","floor":2},{"not_picked":["Recycle","Force Field"],"picked":"Coolheaded","floor":7},{"not_picked":["Auto Shields","Hologram","Heatsinks"],"picked":"SKIP","floor":10},{"not_picked":["Tempest","Scrape"],"picked":"Creative AI","floor":11},{"not_picked":["Coolheaded","Steam","Chill"],"picked":"SKIP","floor":13},{"not_picked":["Reboot","Meteor Strike"],"picked":"Echo Form","floor":16},{"not_picked":["Lockon","Blizzard"],"picked":"Conserve Battery","floor":18}],"player_experience":213865,"relics_obtained":[{"floor":9,"key":"Pantograph"},{"floor":20,"key":"Bag of Preparation"}],"event_choices":[{"damage_healed":0,"gold_gain":0,"player_choice":"Ignored","damage_taken":0,"max_hp_gain":0,"max_hp_loss":0,"event_name":"Liars Game","floor":3,"gold_loss":0},{"damage_healed":0,"gold_gain":0,"player_choice":"Left Gold","damage_taken":0,"max_hp_gain":0,"max_hp_loss":0,"event_name":"World of Goop","floor":4,"gold_loss":22},{"cards_removed":["Strike_B"],"damage_healed":0,"gold_gain":0,"player_choice":"Card Removal","damage_taken":0,"max_hp_gain":0,"max_hp_loss":0,"event_name":"The Cleric","floor":5,"gold_loss":50},{"damage_healed":18,"gold_gain":0,"player_choice":"Healed and dodged fight","damage_taken":0,"max_hp_gain":0,"max_hp_loss":0,"event_name":"Mushrooms","floor":14,"gold_loss":0,"cards_obtained":["Parasite"]},{"damage_healed":0,"gold_gain":0,"player_choice":"Ignored","damage_taken":0,"max_hp_gain":0,"max_hp_loss":0,"event_name":"Vampires","floor":19,"gold_loss":0},{"damage_healed":0,"gold_gain":0,"player_choice":"Smashed Altar","damage_taken":0,"max_hp_gain":0,"max_hp_loss":0,"event_name":"Forgotten Altar","floor":21,"gold_loss":0,"cards_obtained":["Decay"]}],"is_beta":false,"boss_relics":[{"not_picked":["Busted Crown","Lizard Tail"],"picked":"Runic Pyramid"}],"items_purged_floors":[],"is_endless":false,"potions_floor_spawned":[2,11,13],"killed_by":"Shell Parasite","ascension_level":2}