{"gold_per_floor":[110,110,110,134,145,145,161,161,185,185,185,217,217,230,230,325,325,337,41,51,51,70,70,100,100,100,25,25,60,159,176,176,275,275,294,294,219,229,58,58,70,70,70,70,70,88,98,0,0,0,0,0,0,30,30],"floor_reached":56,"playtime":1587,"items_purged":["Strike_R","Strike_R"],"score":1258,"play_id":"28413946-594d-4c69-98b7-c8d54116eda7","local_time":"20190312004256","is_ascension_mode":false,"campfire_choices":[{"data":"Corruption","floor":6,"key":"SMITH"},{"data":"Flame Barrier","floor":8,"key":"SMITH"},{"data":"Uppercut","floor":11,"key":"SMITH"},{"data":"True Grit","floor":13,"key":"SMITH"},{"data":"Feel No Pain","floor":15,"key":"SMITH"},{"floor":23,"key":"RECALL"},{"floor":28,"key":"REST"},{"floor":32,"key":"REST"},{"floor":40,"key":"REST"},{"floor":42,"key":"REST"},{"floor":44,"key":"REST"},{"floor":49,"key":"REST"},{"floor":52,"key":"REST"}],"neow_cost":"NONE","seed_source_timestamp":86618593740944,"circlet_count":0,"master_deck":["Strike_R","Strike_R","Defend_R+1","Defend_R+1","Defend_R","Bash","Uppercut+1","Corruption+1","Flame Barrier+1","True Grit+1","Feel No Pain+1","True Grit+1","Flash of Steel","Intimidate","True Grit+1","Sentinel+1","Necronomicurse","True Grit+1","Pommel Strike+1","Fiend Fire","Armaments+1","Exhume","Sentinel","Battle Trance","Feel No Pain"],"relics":["Burning Blood","NeowsBlessing","Charon\u0027s Ashes","Strawberry","War Paint","Happy Flower","Fusion Hammer","Brimstone","MutagenicStrength","Oddly Smooth Stone","Necronomicon","Bag of Preparation","Lantern","Sozu","Red Mask","Self Forming Clay"],"potions_floor_usage":[10,14,18,24,29,54],"damage_taken":[{"damage":0,"enemies":"Small Slimes","floor":1,"turns":1},{"damage":0,"enemies":"2 Louse","floor":5,"turns":1},{"damage":0,"enemies":"Jaw Worm","floor":7,"turns":1},{"damage":0,"enemies":"Exordium Thugs","floor":10,"turns":1},{"damage":14,"enemies":"Gremlin Nob","floor":12,"turns":4},{"damage":0,"enemies":"3 Louse","floor":14,"turns":1},{"damage":71,"enemies":"Hexaghost","floor":16,"turns":11},{"damage":4,"enemies":"Spheric Guardian","floor":18,"turns":4},{"damage":3,"enemies":"3 Byrds","floor":20,"turns":4},{"damage":1,"enemies":"Snake Plant","floor":22,"turns":3},{"damage":59,"enemies":"Gremlin Leader","floor":24,"turns":7},{"damage":0,"enemies":"Slavers","floor":29,"turns":4},{"damage":0,"enemies":"Snecko","floor":31,"turns":3},{"damage":0,"enemies":"Automaton","floor":33,"turns":6},{"damage":0,"enemies":"Orb Walker","floor":35,"turns":2},{"damage":0,"enemies":"3 Shapes","floor":38,"turns":3},{"damage":9,"enemies":"Maw","floor":41,"turns":6},{"damage":10,"enemies":"4 Shapes","floor":46,"turns":3},{"damage":0,"enemies":"3 Darklings","floor":47,"turns":3},{"damage":68,"enemies":"Awakened One","floor":50,"turns":7},{"damage":19,"enemies":"Shield and Spear","floor":54,"turns":6},{"damage":69,"enemies":"The Heart","floor":55,"turns":8}],"seed_played":"6928675138629881870","potions_obtained":[{"floor":5,"key":"Explosive Potion"},{"floor":7,"key":"SmokeBomb"},{"floor":12,"key":"SpeedPotion"},{"floor":16,"key":"SkillPotion"},{"floor":22,"key":"EssenceOfSteel"},{"floor":24,"key":"BloodPotion"}],"is_trial":false,"path_per_floor":["M","?","?","T","M","R","M","R","T","M","R","E","R","M","R","B",null,"M","$","M","?","M","R","E","?","T","?","R","E","?","M","R","B",null,"M","?","$","M","$","R","M","R","T","R","?","M","M","?","R","B",null,"R","$","E","B",null],"character_chosen":"IRONCLAD","items_purchased":["Flash of Steel","Brimstone","Battle Trance"],"campfire_rested":7,"item_purchase_floors":[19,19,39],"current_hp_per_floor":[80,73,73,80,86,86,87,87,87,87,87,79,79,85,85,20,87,87,87,87,87,87,87,34,18,18,18,44,58,58,64,87,87,87,87,87,87,87,87,87,84,87,87,87,83,79,83,83,83,21,83,83,83,70,7],"gold":30,"neow_bonus":"THREE_ENEMY_KILL","is_prod":false,"is_daily":false,"chose_seed":false,"campfire_upgraded":5,"win_rate":0,"timestamp":1552336976,"path_taken":["M","?","?","?","M","R","M","R","T","M","R","E","R","M","R","BOSS","M","$","M","?","M","R","E","?","T","?","R","E","?","M","R","BOSS","M","?","?","M","$","R","M","R","T","R","?","M","?","?","R","BOSS","R","$","E","BOSS"],"build_version":"2019-01-23","purchased_purges":2,"victory":true,"max_hp_per_floor":[80,80,80,87,87,87,87,87,87,87,87,87,87,87,87,87,87,87,87,87,87,87,87,87,87,87,87,87,87,87,87,87,87,87,87,87,87,87,87,87,87,87,87,87,83,83,83,83,83,83,83,83,83,83,83],"card_choices":[{"not_picked":["Armaments","Blood for Blood"],"picked":"Uppercut","floor":1},{"not_picked":["Heavy Blade","Anger"],"picked":"Corruption","floor":5},{"not_picked":["True Grit","Thunderclap"],"picked":"Flame Barrier","floor":7},{"not_picked":["Fire Breathing","Reckless Charge"],"picked":"True Grit","floor":12},{"not_picked":["Clothesline","Thunderclap"],"picked":"Feel No Pain","floor":14},{"not_picked":["Rampage","Warcry+1"],"picked":"True Grit+1","floor":18},{"not_picked":["Ghostly Armor","Heavy Blade+1"],"picked":"Intimidate","floor":20},{"not_picked":["Rampage","Armaments"],"picked":"True Grit+1","floor":22},{"not_picked":["Shrug It Off","True Grit+1"],"picked":"Sentinel+1","floor":24},{"not_picked":["Perfected Strike+1","Limit Break"],"picked":"True Grit+1","floor":29},{"not_picked":["Havoc","Pommel Strike+1","Clash"],"picked":"SKIP","floor":31},{"not_picked":["Havoc","Clash"],"picked":"Pommel Strike+1","floor":31},{"not_picked":["Reaper","Berserk"],"picked":"Fiend Fire","floor":33},{"not_picked":["Pummel","Havoc"],"picked":"Armaments+1","floor":35},{"not_picked":["Heavy Blade+1","Pommel Strike"],"picked":"Sentinel","floor":38},{"not_picked":["Thunderclap","Disarm","Clothesline"],"picked":"SKIP","floor":41},{"not_picked":["Cleave+1","Rage","Anger+1"],"picked":"SKIP","floor":46},{"not_picked":["Blood for Blood","True Grit","Rage"],"picked":"SKIP","floor":47},{"not_picked":["Rampage+1","Cleave+1"],"picked":"Feel No Pain","floor":54}],"player_experience":691150,"relics_obtained":[{"floor":4,"key":"Strawberry"},{"floor":9,"key":"War Paint"},{"floor":12,"key":"Happy Flower"},{"floor":24,"key":"Oddly Smooth Stone"},{"floor":25,"key":"Necronomicon"},{"floor":26,"key":"Bag of Preparation"},{"floor":29,"key":"Lantern"},{"floor":54,"key":"Self Forming Clay"}],"event_choices":[{"cards_removed":["Defend_R"],"damage_healed":0,"gold_gain":0,"player_choice":"Card Removal","damage_taken":7,"max_hp_gain":0,"max_hp_loss":0,"event_name":"Golden Wing","floor":2,"gold_loss":0},{"damage_healed":0,"gold_gain":0,"player_choice":"Box","damage_taken":0,"relics_obtained":["Charon\u0027s Ashes"],"max_hp_gain":0,"max_hp_loss":0,"event_name":"Big Fish","floor":3,"gold_loss":0,"cards_obtained":["Regret"]},{"damage_healed":0,"gold_gain":0,"player_choice":"Inject Mutagens","damage_taken":0,"relics_obtained":["MutagenicStrength"],"max_hp_gain":0,"max_hp_loss":0,"event_name":"Drug Dealer","floor":21,"gold_loss":0},{"damage_healed":0,"gold_gain":0,"player_choice":"Obtained Book","damage_taken":16,"max_hp_gain":0,"max_hp_loss":0,"event_name":"Cursed Tome","floor":25,"gold_loss":0},{"cards_removed":["Regret"],"damage_healed":0,"gold_gain":0,"player_choice":"Gave Gold","damage_taken":0,"max_hp_gain":0,"max_hp_loss":0,"event_name":"Beggar","floor":27,"gold_loss":75},{"damage_healed":0,"gold_gain":99,"player_choice":"Stole From Cult","damage_taken":0,"max_hp_gain":0,"max_hp_loss":0,"event_name":"Nest","floor":30,"gold_loss":0},{"damage_healed":0,"gold_gain":0,"cards_transformed":["Strike_R"],"player_choice":"Transformed","damage_taken":0,"max_hp_gain":0,"max_hp_loss":0,"event_name":"Transmorgrifier","floor":36,"gold_loss":0,"cards_obtained":["Exhume"]},{"damage_healed":0,"gold_gain":0,"player_choice":"Max HP","damage_taken":0,"max_hp_gain":0,"max_hp_loss":4,"event_name":"Winding Halls","floor":45,"gold_loss":0},{"damage_healed":0,"gold_gain":0,"player_choice":"Paid","damage_taken":0,"relics_obtained":["Red Mask"],"max_hp_gain":0,"max_hp_loss":0,"event_name":"Tomb of Lord Red Mask","floor":48,"gold_loss":98}],"is_beta":false,"boss_relics":[{"not_picked":["Snecko Eye","Pandora\u0027s Box"],"picked":"Fusion Hammer"},{"not_picked":["Coffee Dripper","Lizard Tail"],"picked":"Sozu"}],"items_purged_floors":[37,39],"is_endless":false,"potions_floor_spawned":[5,7,12,16,22,24,35,41,54],"ascension_level":0}