{"gold_per_floor":[117,134,3,3,15,15,40,54,81,97,97],"floor_reached":11,"playtime":419,"items_purged":["Strike_B"],"score":150,"play_id":"6d96e8af-1eec-4ee2-b727-49a2d781135e","local_time":"20190417223500","is_ascension_mode":true,"campfire_choices":[{"floor":6,"key":"REST"}],"neow_cost":"NONE","seed_source_timestamp":524702226016877,"circlet_count":0,"master_deck":["AscendersBane","Strike_B","Strike_B","Strike_B","Defend_B+1","Defend_B","Defend_B","Defend_B","Zap","Dualcast","Thunder Strike","Reinforced Body","Defragment+1","Ball Lightning","Sweeping Beam","Glacier","Conserve Battery"],"special_seed":0,"relics":["Cracked Core","Orichalcum","Omamori"],"potions_floor_usage":[7,8,10],"damage_taken":[{"damage":16.0,"enemies":"Small Slimes","floor":1.0,"turns":4.0},{"damage":7.0,"enemies":"Jaw Worm","floor":2.0,"turns":5.0},{"damage":6,"enemies":"2 Louse","floor":5,"turns":4},{"damage":16,"enemies":"Lagavulin","floor":7,"turns":6},{"damage":2,"enemies":"Exordium Wildlife","floor":8,"turns":3},{"damage":8,"enemies":"Exordium Thugs","floor":10,"turns":5},{"damage":4,"enemies":"3 Louse","floor":11,"turns":2}],"seed_played":"2891280021284690671","potions_obtained":[{"floor":1.0,"key":"EssenceOfSteel"},{"floor":8,"key":"SkillPotion"}],"is_trial":false,"path_per_floor":["M","M","$","?","M","R","E","M","T","M","M"],"character_chosen":"DEFECT","items_purchased":["AttackPotion"],"campfire_rested":1,"item_purchase_floors":[3],"current_hp_per_floor":[48,41,41,20,14,35,19,17,17,9,5],"gold":97,"neow_bonus":"ONE_RANDOM_RARE_CARD","is_prod":false,"is_daily":false,"chose_seed":false,"campfire_upgraded":0,"win_rate":0,"timestamp":1555508100,"path_taken":["M","M","$","?","M","R","E","M","T","M","M"],"build_version":"2019-01-23","purchased_purges":1,"victory":false,"max_hp_per_floor":[71,71,71,71,71,71,71,71,71,71,71],"card_choices":[{"not_picked":["Sunder","Genetic Algorithm"],"picked":"Reinforced Body","floor":1.0},{"not_picked":["Coolheaded","Go for the Eyes"],"picked":"Defragment","floor":2.0},{"not_picked":["Redo","Blizzard"],"picked":"Ball Lightning","floor":5},{"not_picked":["Barrage","Turbo"],"picked":"Sweeping Beam","floor":7},{"not_picked":["Stack","Hello World"],"picked":"Glacier","floor":8},{"not_picked":["Cold Snap","Ball Lightning"],"picked":"Conserve Battery","floor":10}],"player_experience":615112,"relics_obtained":[{"floor":7,"key":"Orichalcum"},{"floor":9,"key":"Omamori"}],"event_choices":[{"damage_healed":0.0,"max_hp_gain":0.0,"max_hp_loss":0.0,"gold_gain":0.0,"event_name":"Shining Light","player_choice":"Entered Light","floor":4.0,"gold_loss":0.0,"damage_taken":21.0,"cards_upgraded":["Defend_B","Defragment"]}],"is_beta":false,"boss_relics":[],"items_purged_floors":[3],"is_endless":false,"potions_floor_spawned":[1,8],"killed_by":"3 Louse","ascension_level":20}