{"path_per_floor":["M","?","M","$","M","R","?","R","T","$","M","M","E","M","R"],"character_chosen":"IRONCLAD","items_purchased":["Pommel Strike"],"gold_per_floor":[115,115,130,3,21,21,21,21,21,21,35,48,73,89,89,89],"floor_reached":16,"campfire_rested":2,"playtime":438,"item_purchase_floors":[4],"current_hp_per_floor":[72,72,72,72,69,72,65,65,65,65,69,72,48,41,62,0],"items_purged":["Strike_R"],"gold":89,"score":102,"play_id":"7bd0490e-87a0-43ae-811c-e4798cf85624","local_time":"20180619210739","is_prod":false,"is_daily":false,"chose_seed":false,"is_ascension_mode":false,"campfire_upgraded":1,"win_rate":0.0,"timestamp":1529456859,"campfire_choices":[{"floor":6,"key":"REST"},{"data":"Hemokinesis","floor":8,"key":"SMITH"},{"floor":15,"key":"REST"}],"path_taken":["M","?","M","$","M","R","?","R","T","$","M","M","E","?","R","BOSS"],"build_version":"2018-06-14v2","seed_source_timestamp":348070126735588,"purchased_purges":1,"victory":false,"master_deck":["Strike_R","Strike_R","Strike_R","Defend_R","Defend_R","Pommel Strike","Sentinel","Hemokinesis+1","Pommel Strike","Wild Strike","Perfected Strike","Clothesline"],"max_hp_per_floor":[72,72,72,72,72,72,72,72,72,72,72,72,72,72,72,72],"relics":["Burning Blood","Smiling Mask","Dream Catcher"],"card_choices":[{"not_picked":["Uppercut","Thunderclap"],"picked":"Pommel Strike","floor":1},{"not_picked":["Blood for Blood","Havoc"],"picked":"Hemokinesis","floor":3},{"not_picked":["Iron Wave","Corruption"],"picked":"Wild Strike","floor":5},{"not_picked":["Whirlwind","Heavy Blade","Clash"],"picked":"SKIP","floor":11},{"not_picked":["Thunderclap","Body Slam"],"picked":"Perfected Strike","floor":12},{"not_picked":["Corruption","Heavy Blade"],"picked":"Clothesline","floor":13},{"not_picked":["Corruption","Iron Wave","Clothesline"],"picked":"SKIP","floor":14}],"player_experience":140503,"potions_floor_usage":[16,16],"damage_taken":[{"damage":0,"enemies":"2 Louse","floor":1,"turns":3},{"damage":1,"enemies":"Cultist","floor":3,"turns":3},{"damage":9,"enemies":"Jaw Worm","floor":5,"turns":2},{"damage":2,"enemies":"2 Fungi Beasts","floor":11,"turns":2},{"damage":2,"enemies":"Looter","floor":12,"turns":2},{"damage":30,"enemies":"Lagavulin","floor":13,"turns":5},{"damage":13,"enemies":"Exordium Wildlife","floor":14,"turns":2},{"damage":64,"enemies":"Hexaghost","floor":16,"turns":7}],"relics_obtained":[{"floor":9,"key":"Smiling Mask"},{"floor":13,"key":"Dream Catcher"}],"event_choices":[{"event_name":"Transmorgrifier","player_choice":"Transform","floor":2,"damage_taken":0},{"event_name":"Golden Wing","player_choice":"Card Removal","floor":7,"damage_taken":0}],"boss_relics":[],"items_purged_floors":[4],"is_endless":false,"potions_floor_spawned":[1,3,11,13,14],"seed_played":"-7092676766611960997","killed_by":"Hexaghost","ascension_level":0,"potions_obtained":[{"floor":1,"key":"FearPotion"},{"floor":3,"key":"Regen Potion"},{"floor":11,"key":"Strength Potion"}],"is_trial":false}