{"gold_per_floor":[111,126,73,148,148,173,173,224,247,281,314,344,356,383,395,532,544,581,683,709,79,94,135,156,156,209,232,257,301,178,213,213,213],"floor_reached":33,"playtime":2363,"items_purged":["Strike_R","Strike_R"],"score":342,"play_id":"103d4d16-9e31-4788-ab01-30a1b01d7312","local_time":"20190219085410","is_ascension_mode":false,"campfire_choices":[{"data":"Armaments","floor":13,"key":"SMITH"},{"data":"Body Slam","floor":15,"key":"SMITH"},{"floor":32,"key":"REST"}],"neow_cost":"NONE","seed_source_timestamp":278360653023765,"circlet_count":0,"master_deck":["Strike_R","Strike_R","Defend_R","Defend_R+1","Defend_R","Defend_R+1","Bash","Iron Wave","Iron Wave","Cleave","Armaments+1","Body Slam","Body Slam+1","Iron Wave","Juggernaut","Flame Barrier","Shrug It Off","Armaments","Body Slam","Seeing Red+1","Armaments","Ghostly Armor"],"relics":["Burning Blood","NeowsBlessing","War Paint","Golden Idol","Bronze Scales","Anchor","MawBank","Sozu","Self Forming Clay","Matryoshka","Blood Vial","Orichalcum","Bag of Marbles","Centennial Puzzle","Bottled Flame"],"potions_floor_usage":[16,33,33],"damage_taken":[{"damage":0,"enemies":"Cultist","floor":1,"turns":1},{"damage":0,"enemies":"Small Slimes","floor":2,"turns":1},{"damage":0,"enemies":"Lagavulin","floor":6,"turns":1},{"damage":19,"enemies":"3 Sentries","floor":10,"turns":9},{"damage":0,"enemies":"2 Louse","floor":11,"turns":2},{"damage":0,"enemies":"2 Fungi Beasts","floor":12,"turns":3},{"damage":2,"enemies":"Looter","floor":14,"turns":3},{"damage":26,"enemies":"Hexaghost","floor":16,"turns":10},{"damage":16,"enemies":"3 Byrds","floor":18,"turns":4},{"damage":0,"enemies":"Shell Parasite","floor":20,"turns":2},{"damage":26,"enemies":"Chosen and Byrds","floor":22,"turns":6},{"damage":20,"enemies":"Slavers","floor":23,"turns":5},{"damage":5,"enemies":"Centurion and Healer","floor":24,"turns":8},{"damage":17,"enemies":"Cultist and Chosen","floor":27,"turns":6},{"damage":9,"enemies":"3 Cultists","floor":28,"turns":5},{"damage":6,"enemies":"Book of Stabbing","floor":29,"turns":4},{"damage":5,"enemies":"Slavers","floor":31,"turns":4},{"damage":56,"enemies":"Collector","floor":33,"turns":6}],"seed_played":"5364480192512473960","potions_obtained":[{"floor":2,"key":"Energy Potion"},{"floor":6,"key":"GamblersBrew"},{"floor":10,"key":"Dexterity Potion"},{"floor":12,"key":"Ancient Potion"}],"is_trial":false,"path_per_floor":["M","M","$","?","?","E","?","T","T","E","M","M","R","M","R","B",null,"M","?","M","$","M","E","M","?","T","M","M","E","$","E","R","B"],"character_chosen":"IRONCLAD","items_purchased":["Iron Wave","Self Forming Clay","Armaments","Matryoshka","Armaments"],"campfire_rested":1,"item_purchase_floors":[3,21,21,21,30],"current_hp_per_floor":[80,80,80,69,69,75,55,55,55,42,48,54,54,58,58,38,80,70,54,60,60,40,26,29,29,29,20,19,21,21,24,48,0],"gold":213,"neow_bonus":"THREE_ENEMY_KILL","is_prod":false,"is_daily":false,"chose_seed":false,"campfire_upgraded":2,"win_rate":0.0,"timestamp":1550584450,"path_taken":["M","?","$","?","?","E","?","?","T","E","M","M","R","M","R","BOSS","M","?","M","$","M","E","?","?","T","?","M","E","$","E","R","BOSS"],"build_version":"2019-01-23","purchased_purges":2,"victory":false,"max_hp_per_floor":[80,80,80,80,80,80,80,80,80,80,80,80,80,80,80,80,80,80,80,80,80,80,80,80,80,80,80,80,80,80,80,80,80],"card_choices":[{"not_picked":["Twin Strike","Rage","Dual Wield"],"picked":"SKIP","floor":1},{"not_picked":["Seeing Red","Pommel Strike"],"picked":"Iron Wave","floor":2},{"not_picked":["Perfected Strike","Cleave"],"picked":"Armaments","floor":6},{"not_picked":["Combust","Rupture"],"picked":"Body Slam","floor":10},{"not_picked":["Corruption","Twin Strike"],"picked":"Body Slam","floor":11},{"not_picked":["Heavy Blade","Rage"],"picked":"Iron Wave","floor":12},{"not_picked":["Flex","Hemokinesis","Headbutt"],"picked":"SKIP","floor":14},{"not_picked":["Double Tap","Demon Form"],"picked":"Juggernaut","floor":16},{"not_picked":["Burning Pact","Power Through"],"picked":"Flame Barrier","floor":18},{"not_picked":["Headbutt","Perfected Strike"],"picked":"Shrug It Off","floor":20},{"not_picked":["Dropkick+1","Anger"],"picked":"Body Slam","floor":22},{"not_picked":["Power Through","Rage","Anger"],"picked":"SKIP","floor":23},{"not_picked":["Havoc","Perfected Strike","Clash"],"picked":"SKIP","floor":24},{"not_picked":["Havoc","Dropkick","Warcry"],"picked":"SKIP","floor":27},{"not_picked":["Sword Boomerang","Anger","Havoc"],"picked":"SKIP","floor":28},{"not_picked":["Havoc+1","Clothesline+1"],"picked":"Seeing Red+1","floor":29},{"not_picked":["Ghostly Armor","Cleave","Clash"],"picked":"SKIP","floor":31},{"not_picked":["Cleave","Clash"],"picked":"Ghostly Armor","floor":31}],"player_experience":32735,"relics_obtained":[{"floor":6,"key":"War Paint"},{"floor":8,"key":"Bronze Scales"},{"floor":9,"key":"Anchor"},{"floor":10,"key":"MawBank"},{"floor":23,"key":"Blood Vial"},{"floor":26,"key":"Orichalcum"},{"floor":26,"key":"Bag of Marbles"},{"floor":29,"key":"Centennial Puzzle"},{"floor":31,"key":"Bottled Flame"}],"event_choices":[{"damage_healed":0,"gold_gain":75,"player_choice":"Gather Gold","damage_taken":11,"max_hp_gain":0,"max_hp_loss":0,"event_name":"World of Goop","floor":4,"gold_loss":0},{"damage_healed":0,"gold_gain":0,"cards_transformed":["Strike_R"],"player_choice":"Change","damage_taken":0,"max_hp_gain":0,"max_hp_loss":0,"event_name":"Living Wall","floor":5,"gold_loss":0,"cards_obtained":["Cleave"]},{"damage_healed":0,"gold_gain":0,"player_choice":"Take Damage","damage_taken":20,"relics_obtained":["Golden Idol"],"max_hp_gain":0,"max_hp_loss":0,"event_name":"Golden Idol","floor":7,"gold_loss":0},{"damage_healed":0,"gold_gain":90,"player_choice":"GOLD ","damage_taken":16,"max_hp_gain":0,"max_hp_loss":0,"event_name":"Knowing Skull","floor":19,"potions_obtained":[],"gold_loss":0,"cards_obtained":[]},{"damage_healed":0,"gold_gain":0,"player_choice":"Got Potions","damage_taken":0,"max_hp_gain":0,"max_hp_loss":0,"event_name":"Lab","floor":25,"gold_loss":0}],"is_beta":false,"boss_relics":[{"not_picked":["Runic Dome","Orrery"],"picked":"Sozu"}],"items_purged_floors":[21,30],"is_endless":false,"potions_floor_spawned":[2,6,10,12,20,28,29],"killed_by":"Collector","ascension_level":0}