{"gold_per_floor":[118,145,157,169,197,209,231,260,272,304,334,346,383,406,418,526,538,563,592,623,560,574,574,588,614,640,640,672,688,329,329,329,430,430,443,443,462,473,473,473,492,492,492,492,503,503,503,514,514,514],"floor_reached":50,"playtime":1767,"items_purged":["Defend_R","Defend_R"],"score":565,"play_id":"5119deb3-6566-420b-9fa9-9df23cdd0798","local_time":"20190209000042","daily_mods":["Vintage"],"is_ascension_mode":false,"campfire_choices":[{"data":"Strike_R","floor":6,"key":"SMITH"},{"floor":15,"key":"REST"},{"floor":23,"key":"REST"},{"floor":27,"key":"REST"},{"floor":32,"key":"REST"},{"data":"Strike_R","floor":40,"key":"SMITH"},{"data":"Defend_R","floor":42,"key":"SMITH"},{"data":"Madness","floor":46,"key":"SMITH"},{"data":"Madness","floor":49,"key":"SMITH"}],"neow_cost":"","seed_source_timestamp":0,"circlet_count":0,"master_deck":["Strike_R+1","Strike_R+1","Strike_R+1","Strike_R+1","Defend_R","Defend_R+1","Bash+1","Reckless Charge+1","Perfected Strike+1","Fiend Fire+1","Twin Strike+1","Twin Strike+1","Thunderclap+1","Madness+1","Madness+1"],"relics":["Burning Blood","MawBank","Molten Egg 2","Dead Branch","Frozen Egg 2","Pear","Bag of Marbles","Mango","Omamori","Whetstone","Kunai","Orrery","Blue Candle","Shuriken","Meat on the Bone","Boot","Lantern","Anchor","Orichalcum","Bottled Lightning","Blood Vial","Singing Bowl","Enchiridion","Sozu","Happy Flower","Bag of Preparation","Mercury Hourglass","Regal Pillow","Red Skull","Ancient Tea Set","Bottled Flame","Darkstone Periapt"],"potions_floor_usage":[13,14,16,16,20,22,25,33,33],"damage_taken":[{"damage":0,"enemies":"Small Slimes","floor":1,"turns":3},{"damage":1,"enemies":"Cultist","floor":2,"turns":4},{"damage":13,"enemies":"Jaw Worm","floor":5,"turns":3},{"damage":14,"enemies":"Blue Slaver","floor":7,"turns":3},{"damage":31,"enemies":"Lots of Slimes","floor":8,"turns":5},{"damage":10,"enemies":"Looter","floor":10,"turns":2},{"damage":20,"enemies":"3 Louse","floor":11,"turns":3},{"damage":26,"enemies":"Lagavulin","floor":13,"turns":4},{"damage":0,"enemies":"Large Slime","floor":14,"turns":3},{"damage":36,"enemies":"The Guardian","floor":16,"turns":7},{"damage":10,"enemies":"Chosen","floor":18,"turns":2},{"damage":13,"enemies":"Shell Parasite","floor":19,"turns":2},{"damage":10,"enemies":"Cultist and Chosen","floor":20,"turns":3},{"damage":8,"enemies":"Snecko","floor":22,"turns":3},{"damage":16,"enemies":"Snake Plant","floor":24,"turns":2},{"damage":22,"enemies":"Slavers","floor":25,"turns":3},{"damage":17,"enemies":"Book of Stabbing","floor":28,"turns":3},{"damage":4,"enemies":"Centurion and Healer","floor":29,"turns":3},{"damage":101,"enemies":"Automaton","floor":33,"turns":8},{"damage":0,"enemies":"3 Shapes","floor":35,"turns":4},{"damage":10,"enemies":"3 Darklings","floor":37,"turns":3},{"damage":0,"enemies":"Jaw Worm Horde","floor":38,"turns":2},{"damage":2,"enemies":"Spire Growth","floor":41,"turns":2},{"damage":0,"enemies":"Maw","floor":45,"turns":4},{"damage":0,"enemies":"Jaw Worm Horde","floor":48,"turns":2},{"damage":114,"enemies":"Awakened One","floor":50,"turns":6}],"seed_played":"-1398019618977796559","potions_obtained":[{"floor":5,"key":"Swift Potion"},{"floor":10,"key":"Fire Potion"},{"floor":11,"key":"Energy Potion"},{"floor":13,"key":"Energy Potion"},{"floor":14,"key":"Poison Potion"},{"floor":16,"key":"PowerPotion"},{"floor":18,"key":"Block Potion"},{"floor":24,"key":"Ancient Potion"},{"floor":25,"key":"FearPotion"}],"is_trial":true,"path_per_floor":["M","M","$","?","M","R","M","M","T","M","M","?","E","M","R","B",null,"M","M","M","$","M","R","M","E","T","R","E","M","$","?","R","B",null,"M","?","M","M","?","R","M","R","T","?","M","R","?","M","R","B"],"character_chosen":"IRONCLAD","items_purchased":["Singing Bowl"],"campfire_rested":4,"item_purchase_floors":[30],"current_hp_per_floor":[80,80,80,80,73,73,65,50,50,60,46,46,26,32,63,33,104,100,93,89,89,87,104,94,78,78,104,93,95,95,79,104,23,106,106,106,102,106,106,106,106,106,106,93,101,101,101,106,106,0],"gold":514,"neow_bonus":"","is_prod":false,"is_daily":false,"chose_seed":false,"campfire_upgraded":5,"win_rate":0.0,"timestamp":1549688442,"path_taken":["M","M","$","?","?","R","M","M","T","M","M","?","E","M","R","BOSS","M","M","M","$","M","R","M","E","T","R","E","M","$","?","R","BOSS","M","?","M","?","?","R","M","R","T","?","M","R","?","M","R","BOSS"],"build_version":"2019-01-23","purchased_purges":2,"victory":false,"max_hp_per_floor":[80,80,80,80,80,80,80,90,90,104,104,104,104,104,104,104,104,104,104,104,104,104,104,104,104,104,104,104,104,104,104,104,106,106,106,106,106,106,106,106,106,106,106,106,106,106,106,106,106,106],"card_choices":[{"not_picked":["Fire Breathing+1","Iron Wave+1"],"picked":"Perfected Strike+1","floor":13},{"not_picked":["Offering","Brutality+1"],"picked":"Fiend Fire+1","floor":16},{"not_picked":["Evolve+1","Flex"],"picked":"Twin Strike+1","floor":17},{"not_picked":["Flex","True Grit"],"picked":"Armaments","floor":17},{"not_picked":["Cleave+1","Immolate+1"],"picked":"Twin Strike+1","floor":17},{"not_picked":["Bludgeon+1","Metallicize+1"],"picked":"Thunderclap+1","floor":17},{"not_picked":["Sentinel","Shrug It Off","Feed+1"],"picked":"SKIP","floor":25},{"not_picked":["Pommel Strike+1","Combust+1","Flame Barrier+1"],"picked":"SKIP","floor":28},{"not_picked":["Pommel Strike+1","Combust+1","Flame Barrier+1"],"picked":"SKIP","floor":28},{"not_picked":["Fiend Fire+1","Double Tap","Immolate+1"],"picked":"Singing Bowl","floor":33}],"player_experience":366545,"relics_obtained":[{"floor":1,"key":"MawBank"},{"floor":2,"key":"Molten Egg 2"},{"floor":5,"key":"Dead Branch"},{"floor":7,"key":"Frozen Egg 2"},{"floor":8,"key":"Pear"},{"floor":9,"key":"Bag of Marbles"},{"floor":10,"key":"Mango"},{"floor":11,"key":"Omamori"},{"floor":13,"key":"Whetstone"},{"floor":14,"key":"Kunai"},{"floor":18,"key":"Blue Candle"},{"floor":19,"key":"Shuriken"},{"floor":20,"key":"Meat on the Bone"},{"floor":22,"key":"Boot"},{"floor":24,"key":"Lantern"},{"floor":25,"key":"Anchor"},{"floor":26,"key":"Orichalcum"},{"floor":28,"key":"Bottled Lightning"},{"floor":29,"key":"Blood Vial"},{"floor":31,"key":"Enchiridion"},{"floor":35,"key":"Happy Flower"},{"floor":37,"key":"Mercury Hourglass"},{"floor":38,"key":"Regal Pillow"},{"floor":41,"key":"Red Skull"},{"floor":43,"key":"Ancient Tea Set"},{"floor":45,"key":"Bottled Flame"},{"floor":48,"key":"Darkstone Periapt"}],"event_choices":[{"damage_healed":0,"gold_gain":0,"player_choice":"Upgraded","damage_taken":0,"max_hp_gain":0,"max_hp_loss":0,"event_name":"Upgrade Shrine","floor":4,"gold_loss":0,"cards_upgraded":["Bash"]},{"damage_healed":0,"gold_gain":0,"cards_transformed":["Strike_R"],"player_choice":"Change","damage_taken":0,"max_hp_gain":0,"max_hp_loss":0,"event_name":"Living Wall","floor":12,"gold_loss":0,"cards_obtained":["Reckless Charge"]},{"damage_healed":0,"gold_gain":0,"player_choice":"Obtained Book","damage_taken":16,"max_hp_gain":0,"max_hp_loss":0,"event_name":"Cursed Tome","floor":31,"gold_loss":0},{"cards_removed":["Armaments"],"damage_healed":0,"gold_gain":0,"player_choice":"Gave Card","damage_taken":0,"relics_obtained":["Bag of Preparation"],"max_hp_gain":0,"max_hp_loss":0,"event_name":"WeMeetAgain","floor":36,"gold_loss":0},{"damage_healed":0,"gold_gain":0,"player_choice":"Ignored","damage_taken":0,"max_hp_gain":0,"max_hp_loss":0,"event_name":"Tomb of Lord Red Mask","floor":39,"gold_loss":0},{"damage_healed":0,"gold_gain":0,"player_choice":"Embrace Madness","damage_taken":13,"max_hp_gain":0,"max_hp_loss":0,"event_name":"Winding Halls","floor":44,"gold_loss":0,"cards_obtained":["Madness","Madness"]},{"damage_healed":0,"gold_gain":0,"player_choice":"Got Potions","damage_taken":0,"max_hp_gain":0,"max_hp_loss":0,"event_name":"Lab","floor":47,"gold_loss":0}],"is_beta":false,"boss_relics":[{"not_picked":["Black Star","Calling Bell"],"picked":"Orrery"},{"not_picked":["Fusion Hammer","Philosopher\u0027s Stone"],"picked":"Sozu"}],"items_purged_floors":[21,30],"is_endless":false,"potions_floor_spawned":[5,10,11,13,14,16,18,24,25,35,45,48],"killed_by":"Awakened One","ascension_level":0}