{"gold_per_floor":[110,126,126,126,146,146,186,201,249,267,267,267,267,288,288,416,416,437,562,562,610,635,635,655,679,679,207,250,288,288,307,307,307],"floor_reached":33,"playtime":1243,"items_purged":["Strike_R"],"score":292,"play_id":"b7814c83-a051-4381-987b-70a8366166be","local_time":"20190413013359","is_ascension_mode":false,"campfire_choices":[{"data":"Armaments","floor":6.0,"key":"SMITH"},{"data":"Uppercut","floor":11.0,"key":"SMITH"},{"data":"Bash","floor":13.0,"key":"SMITH"},{"data":"Infernal Blade","floor":15.0,"key":"SMITH"},{"data":"1","floor":23.0,"key":"LIFT"},{"data":"2","floor":30.0,"key":"LIFT"},{"data":"3","floor":32.0,"key":"LIFT"}],"neow_cost":"CURSE","seed_source_timestamp":36618913615911,"circlet_count":0,"master_deck":["Strike_R","Strike_R","Strike_R","Strike_R","Defend_R","Defend_R","Defend_R","Defend_R+1","Bash+1","Parasite","Armaments+1","Shame","Battle Trance","Disarm+1","Twin Strike","Uppercut+1","Regret","Infernal Blade+1","Heavy Blade","Twin Strike","Whirlwind","Headbutt"],"special_seed":0,"relics":["Burning Blood","Du-Vu Doll","Golden Idol","Bottled Lightning","Dream Catcher","War Paint","Philosopher\u0027s Stone","Girya","Darkstone Periapt","Centennial Puzzle","Regal Pillow","Potion Belt","Mummified Hand","Sundial","Red Mask"],"potions_floor_usage":[33,33,33],"damage_taken":[{"damage":3.0,"enemies":"Jaw Worm","floor":1.0,"turns":4.0},{"damage":1.0,"enemies":"Cultist","floor":2.0,"turns":3.0},{"damage":0.0,"enemies":"2 Louse","floor":5.0,"turns":3.0},{"damage":10.0,"enemies":"Gremlin Nob","floor":7.0,"turns":3.0},{"damage":5.0,"enemies":"Looter","floor":8.0,"turns":2.0},{"damage":7.0,"enemies":"Blue Slaver","floor":10.0,"turns":4.0},{"damage":8.0,"enemies":"Exordium Wildlife","floor":14.0,"turns":4.0},{"damage":24.0,"enemies":"Hexaghost","floor":16.0,"turns":9.0},{"damage":8.0,"enemies":"3 Byrds","floor":18.0,"turns":5.0},{"damage":25.0,"enemies":"Colosseum Slavers","floor":19.0,"turns":4.0},{"damage":9.0,"enemies":"Colosseum Nobs","floor":19.0,"turns":4.0},{"damage":18.0,"enemies":"2 Thieves","floor":22.0,"turns":4.0},{"damage":15.0,"enemies":"Shelled Parasite and Fungi","floor":24.0,"turns":3.0},{"damage":21.0,"enemies":"Centurion and Healer","floor":25.0,"turns":3.0},{"damage":4.0,"enemies":"Gremlin Leader","floor":28.0,"turns":5.0},{"damage":0.0,"enemies":"Masked Bandits","floor":29.0,"turns":2.0},{"damage":0.0,"enemies":"Snecko","floor":31.0,"turns":2.0},{"damage":67,"enemies":"Champ","floor":33,"turns":6}],"seed_played":"-4363936027652542050","potions_obtained":[{"floor":1.0,"key":"AttackPotion"},{"floor":8.0,"key":"Regen Potion"},{"floor":10.0,"key":"Block Potion"},{"floor":14.0,"key":"SpeedPotion"},{"floor":19.0,"key":"SkillPotion"},{"floor":24.0,"key":"SpeedPotion"},{"floor":28.0,"key":"Dexterity Potion"}],"is_trial":false,"path_per_floor":["M","M","?","?","M","R","E","M","T","M","R","?","R","M","R","B",null,"M","?","?","T","M","R","M","M","T","$","E","?","R","M","R","B"],"character_chosen":"IRONCLAD","items_purchased":["Potion Belt","Mummified Hand"],"campfire_rested":0,"item_purchase_floors":[27,27],"current_hp_per_floor":[80,80,60,60,66,66,62,63,63,62,62,62,62,60,60,42,80,78,56,80,80,68,68,59,44,44,44,46,52,52,58,58,0],"gold":307,"neow_bonus":"ONE_RARE_RELIC","is_prod":false,"is_daily":false,"chose_seed":false,"campfire_upgraded":4,"win_rate":0,"timestamp":1555140839,"path_taken":["M","M","?","?","M","R","E","M","T","?","R","?","R","M","R","BOSS","M","?","?","?","?","R","M","M","T","$","E","?","R","M","R","BOSS"],"build_version":"2019-01-23","purchased_purges":1,"victory":false,"max_hp_per_floor":[80,80,80,80,80,80,80,80,80,80,80,80,80,80,80,80,80,80,80,80,80,80,80,80,80,80,80,80,80,80,80,80,80],"card_choices":[{"not_picked":["Perfected Strike","Cleave","Wild Strike"],"picked":"SKIP","floor":1.0},{"not_picked":["Warcry","Searing Blow"],"picked":"Armaments","floor":2.0},{"not_picked":["Twin Strike","Headbutt"],"picked":"Battle Trance","floor":5.0},{"not_picked":["Twin Strike","Seeing Red"],"picked":"Disarm","floor":7.0},{"not_picked":["Sentinel","Flex"],"picked":"Twin Strike","floor":8.0},{"not_picked":["Exhume","Body Slam"],"picked":"Uppercut","floor":10.0},{"not_picked":["Hemokinesis","Sword Boomerang"],"picked":"Infernal Blade","floor":14.0},{"not_picked":["Reckless Charge","Combust+1"],"picked":"Heavy Blade","floor":18.0},{"not_picked":["Metallicize","Headbutt"],"picked":"Twin Strike","floor":19.0},{"not_picked":["Wild Strike","Clash"],"picked":"Whirlwind","floor":22.0},{"not_picked":["Shrug It Off","Iron Wave","Headbutt"],"picked":"SKIP","floor":24.0},{"not_picked":["Shrug It Off","Iron Wave"],"picked":"Headbutt","floor":24.0},{"not_picked":["Impervious","Burning Pact","Pommel Strike"],"picked":"SKIP","floor":25.0},{"not_picked":["Flex","Iron Wave","Carnage"],"picked":"SKIP","floor":28.0},{"not_picked":["Power Through","Wild Strike","Feel No Pain"],"picked":"SKIP","floor":31.0}],"player_experience":1206994,"relics_obtained":[{"floor":7.0,"key":"Bottled Lightning"},{"floor":9.0,"key":"Dream Catcher"},{"floor":19.0,"key":"Girya"},{"floor":19.0,"key":"Darkstone Periapt"},{"floor":21.0,"key":"Centennial Puzzle"},{"floor":26.0,"key":"Regal Pillow"},{"floor":28.0,"key":"Sundial"},{"floor":29.0,"key":"Red Mask"}],"event_choices":[{"damage_healed":0.0,"max_hp_gain":0.0,"max_hp_loss":0.0,"gold_gain":0.0,"event_name":"Golden Idol","player_choice":"Take Damage","floor":3.0,"gold_loss":0.0,"damage_taken":20.0,"relics_obtained":["Golden Idol"]},{"damage_healed":0.0,"max_hp_gain":0.0,"max_hp_loss":0.0,"gold_gain":0.0,"event_name":"Match and Keep!","player_choice":"1 cards matched","floor":4.0,"gold_loss":0.0,"damage_taken":0.0,"cards_obtained":["Shame"]},{"damage_healed":0.0,"max_hp_gain":0.0,"max_hp_loss":0.0,"gold_gain":0.0,"event_name":"Big Fish","player_choice":"Box","floor":12.0,"gold_loss":0.0,"damage_taken":0.0,"relics_obtained":["War Paint"],"cards_obtained":["Regret"]},{"damage_healed":0.0,"max_hp_gain":0.0,"max_hp_loss":0.0,"gold_gain":0.0,"event_name":"Colosseum","player_choice":"Fight","floor":19.0,"gold_loss":0.0,"damage_taken":0.0},{"damage_healed":0.0,"max_hp_gain":0.0,"max_hp_loss":0.0,"gold_gain":0.0,"event_name":"Colosseum","player_choice":"Fought Nobs","floor":19.0,"gold_loss":0.0,"damage_taken":0.0},{"damage_healed":26.0,"max_hp_gain":0.0,"max_hp_loss":0.0,"gold_gain":0.0,"event_name":"The Library","player_choice":"Heal","floor":20.0,"gold_loss":0.0,"damage_taken":0.0},{"damage_healed":0.0,"max_hp_gain":0.0,"max_hp_loss":0.0,"gold_gain":0.0,"event_name":"Masked Bandits","player_choice":"Fought Bandits","floor":29.0,"gold_loss":0.0,"damage_taken":0.0}],"is_beta":false,"boss_relics":[{"not_picked":["Black Blood","Runic Dome"],"picked":"Philosopher\u0027s Stone"}],"items_purged_floors":[27],"is_endless":false,"potions_floor_spawned":[1,8,10,14,19,19,24,28],"killed_by":"Champ","ascension_level":0}