{"gold_per_floor":[119,136,150,75,75,75,75,75,98,110,110,127,127,139,139,242,242,254,254],"floor_reached":19,"playtime":655,"items_purged":["Defend_B"],"score":159,"play_id":"bc692ea3-d7c3-4bb8-8469-5acd25a3c26b","local_time":"20180721084313","is_ascension_mode":false,"campfire_choices":[{"floor":6.0,"key":"REST"},{"data":"Rebound","floor":8.0,"key":"SMITH"},{"data":"Loop","floor":11.0,"key":"SMITH"},{"floor":13.0,"key":"REST"},{"data":"Dualcast","floor":15.0,"key":"SMITH"}],"neow_cost":"NONE","seed_source_timestamp":0,"circlet_count":0,"master_deck":["Strike_B","Strike_B","Strike_B","Strike_B","Defend_B","Defend_B","Defend_B","Zap+1","Dualcast+1","Leap","Rebound+1","Loop+1","Streamline","Seek"],"special_seed":0,"relics":["Velvet Choker","Anchor","Snecko Eye"],"potions_floor_usage":[],"damage_taken":[{"damage":0.0,"enemies":"2 Louse","floor":1.0,"turns":2.0},{"damage":4.0,"enemies":"Cultist","floor":2.0,"turns":5.0},{"damage":10.0,"enemies":"Small Slimes","floor":3.0,"turns":3.0},{"damage":0.0,"enemies":"Blue Slaver","floor":10.0,"turns":2.0},{"damage":14.0,"enemies":"Exordium Wildlife","floor":12.0,"turns":4.0},{"damage":0.0,"enemies":"Gremlin Gang","floor":14.0,"turns":4.0},{"damage":58.0,"enemies":"Hexaghost","floor":16.0,"turns":9.0},{"damage":0.0,"enemies":"Chosen","floor":18.0,"turns":4.0},{"damage":92,"floor":19,"turns":4}],"seed_played":"5882666379873810691","potions_obtained":[{"floor":1.0,"key":"Fruit Juice"},{"floor":16.0,"key":"PowerPotion"},{"floor":18.0,"key":"EssenceOfSteel"}],"is_trial":false,"path_per_floor":["M","M","M","$","?","R","?","R","T","M","R","M","R","M","R","B",null,"M"],"character_chosen":"DEFECT","items_purchased":[],"campfire_rested":2,"item_purchase_floors":[],"current_hp_per_floor":[75,71,61,61,61,75,80,80,80,80,80,66,80,80,80,27,85,85,0],"gold":254,"neow_bonus":"BOSS_RELIC","is_prod":false,"is_daily":false,"chose_seed":false,"campfire_upgraded":3,"win_rate":0.0,"timestamp":1532176993,"path_taken":["M","M","M","$","?","R","?","R","T","M","R","?","R","M","R","BOSS","M","?"],"build_version":"2018-07-19v2","purchased_purges":1,"victory":false,"max_hp_per_floor":[75,75,75,75,75,75,80,80,80,80,80,80,80,80,80,85,85,85,85],"card_choices":[{"not_picked":["BootSequence","Sweeping Beam"],"picked":"Leap","floor":1.0},{"not_picked":["Storm","Auto Shields","Turbo"],"picked":"SKIP","floor":2.0},{"not_picked":["Auto Shields","Steam"],"picked":"Rebound","floor":3.0},{"not_picked":["Redo","Turbo"],"picked":"Loop","floor":10.0},{"not_picked":["Coolheaded","Genetic Algorithm","Sweeping Beam"],"picked":"SKIP","floor":12.0},{"not_picked":["FTL","Rip and Tear"],"picked":"Streamline","floor":14.0},{"not_picked":["Amplify","Multi-Cast"],"picked":"Seek","floor":16.0},{"not_picked":["Beam Cell","Compile Driver+1","Coolheaded+1"],"picked":"SKIP","floor":18.0}],"player_experience":285134,"relics_obtained":[{"floor":9.0,"key":"Anchor"}],"event_choices":[{"event_name":"Upgrade Shrine","player_choice":"Upgraded","floor":5.0,"damage_taken":0.0},{"event_name":"Big Fish","player_choice":"Donut","floor":7.0,"damage_taken":0.0},{"event_name":"Masked Bandits","player_choice":"Fought over 254 gold","floor":19,"damage_taken":0}],"is_beta":false,"boss_relics":[{"not_picked":["Philosopher\u0027s Stone","Ectoplasm"],"picked":"Snecko Eye"}],"items_purged_floors":[4],"is_endless":false,"potions_floor_spawned":[1,16,18],"ascension_level":0}