{"gold_per_floor":[99,99,99,99,51,51,51,51,51,51,51,21,21,21,21,21,21,21,0,0,0,0,0,0,0,0,0,0,0,0,0,0,0],"floor_reached":33,"playtime":941,"items_purged":[],"score":277,"play_id":"944d7339-8758-4718-971b-deaa3401bbea","local_time":"20190207234801","is_ascension_mode":false,"campfire_choices":[{"data":"Ball Lightning","floor":6,"key":"SMITH"},{"floor":15,"key":"REST"},{"data":"Zap","floor":23,"key":"SMITH"},{"data":"Ball Lightning","floor":25,"key":"SMITH"},{"data":"Seek","floor":29,"key":"SMITH"},{"floor":32,"key":"REST"}],"neow_cost":"NONE","seed_source_timestamp":474815739627932,"circlet_count":0,"master_deck":["Strike_B+1","Strike_B","Strike_B","Strike_B+1","Defend_B","Defend_B","Defend_B+1","Defend_B","Zap+1","Dualcast","Conserve Battery","Hologram","Rebound","Ball Lightning+1","Sunder+1","Ball Lightning+1","Seek+1"],"relics":["Ectoplasm","Oddly Smooth Stone","Whetstone","Question Card","Nuclear Battery","Bag of Marbles","Ginger"],"potions_floor_usage":[21,21,31,33,33,33],"damage_taken":[{"damage":1,"enemies":"Jaw Worm","floor":1,"turns":2},{"damage":5,"enemies":"2 Louse","floor":2,"turns":3},{"damage":0,"enemies":"Small Slimes","floor":4,"turns":3},{"damage":32,"enemies":"Gremlin Nob","floor":7,"turns":4},{"damage":0,"enemies":"Blue Slaver","floor":8,"turns":3},{"damage":6,"enemies":"3 Sentries","floor":10,"turns":5},{"damage":6,"enemies":"Exordium Wildlife","floor":11,"turns":2},{"damage":1,"enemies":"Exordium Thugs","floor":12,"turns":3},{"damage":1,"enemies":"Red Slaver","floor":14,"turns":2},{"damage":26,"enemies":"Slime Boss","floor":16,"turns":6},{"damage":0,"enemies":"3 Byrds","floor":18,"turns":3},{"damage":2,"enemies":"Spheric Guardian","floor":20,"turns":3},{"damage":10,"enemies":"Snecko","floor":21,"turns":4},{"damage":32,"enemies":"Slavers","floor":30,"turns":4},{"damage":6,"enemies":"Chosen and Byrds","floor":31,"turns":3},{"damage":69,"enemies":"Automaton","floor":33,"turns":6}],"seed_played":"3753531952915851523","potions_obtained":[{"floor":1,"key":"EntropicBrew"},{"floor":7,"key":"Strength Potion"},{"floor":10,"key":"GamblersBrew"},{"floor":30,"key":"Fire Potion"},{"floor":31,"key":"SkillPotion"}],"is_trial":false,"path_per_floor":["M","M","?","M","$","R","E","M","T","E","M","M","?","M","R","B",null,"M","?","M","M","?","R","$","R","T","$","$","R","E","M","R","B"],"character_chosen":"DEFECT","items_purchased":["Ball Lightning"],"campfire_rested":2,"item_purchase_floors":[5],"current_hp_per_floor":[74,69,54,54,54,54,22,22,22,16,10,9,9,8,30,4,75,75,75,73,63,63,63,63,63,63,63,63,63,31,25,47,0],"gold":0,"neow_bonus":"BOSS_RELIC","is_prod":false,"is_daily":false,"chose_seed":false,"campfire_upgraded":4,"win_rate":0,"timestamp":1549601281,"path_taken":["M","M","?","M","$","R","E","M","T","E","M","M","?","M","R","BOSS","M","?","M","M","?","R","$","R","T","?","$","R","E","?","R","BOSS"],"build_version":"2019-01-23","purchased_purges":0,"victory":false,"max_hp_per_floor":[75,75,75,75,75,75,75,75,75,75,75,75,75,75,75,75,75,75,75,75,75,75,75,75,75,75,75,75,75,75,75,75,75],"card_choices":[{"not_picked":["Reprogram","Go for the Eyes"],"picked":"Conserve Battery","floor":1},{"not_picked":["Stack","Compile Driver"],"picked":"Hologram","floor":2},{"not_picked":["Redo","Barrage"],"picked":"Rebound","floor":4},{"not_picked":["Force Field","FTL"],"picked":"Sunder","floor":7},{"not_picked":["Rebound","Undo","Leap"],"picked":"SKIP","floor":8},{"not_picked":["Go for the Eyes","Core Surge","Redo"],"picked":"SKIP","floor":10},{"not_picked":["Redo","Stack","Force Field","Glacier"],"picked":"SKIP","floor":11},{"not_picked":["Gash","Melter","Aggregate"],"picked":"Ball Lightning","floor":12},{"not_picked":["Barrage","Leap","Hello World","Gash"],"picked":"SKIP","floor":14},{"not_picked":["Amplify","Buffer","Core Surge"],"picked":"Seek","floor":16},{"not_picked":["Glacier","Defragment","Compile Driver","Coolheaded"],"picked":"SKIP","floor":18},{"not_picked":["Steam","Compile Driver","Coolheaded","Go for the Eyes"],"picked":"SKIP","floor":20},{"not_picked":["Hologram","Chill","Fission","Gash"],"picked":"SKIP","floor":21},{"not_picked":["Hologram+1","Leap+1","Seek","Self Repair"],"picked":"SKIP","floor":30},{"not_picked":["Compile Driver+1","Fusion","Turbo","Cold Snap"],"picked":"SKIP","floor":31}],"player_experience":364293,"relics_obtained":[{"floor":7,"key":"Oddly Smooth Stone"},{"floor":9,"key":"Whetstone"},{"floor":10,"key":"Question Card"},{"floor":26,"key":"Bag of Marbles"},{"floor":30,"key":"Ginger"}],"event_choices":[{"damage_healed":0,"gold_gain":0,"player_choice":"Entered Light","damage_taken":15,"max_hp_gain":0,"max_hp_loss":0,"event_name":"Shining Light","floor":3,"gold_loss":0,"cards_upgraded":["Defend_B","Strike_B"]},{"damage_healed":0,"gold_gain":80,"player_choice":"Gained Gold","damage_taken":0,"max_hp_gain":0,"max_hp_loss":0,"event_name":"Golden Wing","floor":13,"gold_loss":0},{"damage_healed":0,"gold_gain":0,"player_choice":"Paid Fearfully","damage_taken":0,"max_hp_gain":0,"max_hp_loss":0,"event_name":"Masked Bandits","floor":19,"gold_loss":21}],"is_beta":false,"boss_relics":[{"not_picked":["Lizard Tail","Inserter"],"picked":"Nuclear Battery"}],"items_purged_floors":[],"is_endless":false,"potions_floor_spawned":[1,7,10,21,30,31],"killed_by":"Automaton","ascension_level":0}