{"gold_per_floor":[109,109,127,52,70,70,33,33,33,52,52,67,90,365,365,468,468,482,496,530,530,541,566,566,583,583,583,595,595,417,427,427,427],"floor_reached":33,"playtime":709,"items_purged":["Pain","Regret"],"score":307,"play_id":"cbc2d812-b9fa-4623-991e-a5abe2ce75b2","local_time":"20190412000000","is_ascension_mode":false,"campfire_choices":[{"data":"Flex","floor":6.0,"key":"SMITH"},{"data":"Heavy Blade","floor":8.0,"key":"SMITH"},{"data":"Heavy Blade","floor":11.0,"key":"SMITH"},{"data":"Bash","floor":15.0,"key":"SMITH"},{"floor":24,"key":"REST"},{"floor":27,"key":"REST"},{"data":"Immolate","floor":29,"key":"SMITH"},{"data":"Metallicize","floor":32,"key":"SMITH"}],"neow_cost":"NONE","seed_source_timestamp":30533462791020,"circlet_count":0,"master_deck":["Strike_R","Strike_R","Strike_R","Strike_R","Strike_R","Defend_R","Defend_R","Defend_R","Defend_R","Bash+1","Flex+1","Thunderclap","Heavy Blade+1","Rage","Heavy Blade+1","Metallicize+1","Immolate+1","Demon Form","Uppercut+1","Flex","Corruption","Double Tap","Whirlwind+1","Metallicize","Flex+1"],"special_seed":0,"relics":["Burning Blood","NeowsBlessing","WarpedTongs","Self Forming Clay","Odd Mushroom","Philosopher\u0027s Stone","Red Mask","Enchiridion","Boot","Question Card"],"potions_floor_usage":[19,19,25,25,33,33,33],"damage_taken":[{"damage":0.0,"enemies":"Jaw Worm","floor":1.0,"turns":1.0},{"damage":0.0,"enemies":"Cultist","floor":3.0,"turns":1.0},{"damage":0.0,"enemies":"2 Louse","floor":5.0,"turns":1.0},{"damage":0.0,"enemies":"Large Slime","floor":10.0,"turns":4.0},{"damage":14.0,"enemies":"Gremlin Gang","floor":12.0,"turns":5.0},{"damage":13.0,"enemies":"The Mushroom Lair","floor":13.0,"turns":3.0},{"damage":3,"enemies":"Slime Boss","floor":16,"turns":6},{"damage":14,"enemies":"Shell Parasite","floor":18,"turns":5},{"damage":14,"enemies":"2 Thieves","floor":19,"turns":2},{"damage":20,"enemies":"Masked Bandits","floor":20,"turns":3},{"damage":1,"enemies":"3 Cultists","floor":22,"turns":3},{"damage":38,"enemies":"Slavers","floor":23,"turns":4},{"damage":18,"enemies":"Snake Plant","floor":25,"turns":2},{"damage":0,"enemies":"Centurion and Healer","floor":28,"turns":3},{"damage":4,"enemies":"Cultist and Chosen","floor":31,"turns":3},{"damage":57,"enemies":"Automaton","floor":33,"turns":6}],"seed_played":"1057785764414598018","potions_obtained":[{"floor":5.0,"key":"Strength Potion"},{"floor":10.0,"key":"FearPotion"},{"floor":12.0,"key":"Poison Potion"},{"floor":16,"key":"GamblersBrew"},{"floor":22,"key":"PowerPotion"},{"floor":23,"key":"AttackPotion"},{"floor":25,"key":"LiquidBronze"},{"floor":31,"key":"Block Potion"}],"is_trial":false,"path_per_floor":["M","?","M","$","M","R","$","R","T","M","R","M","?","?","R","B",null,"M","M","?","?","M","E","R","M","T","R","M","R","$","M","R","B"],"character_chosen":"IRONCLAD","items_purchased":["Rage","Metallicize"],"campfire_rested":2,"item_purchase_floors":[7,30],"current_hp_per_floor":[80,80,80,80,80,80,80,80,80,80,80,72,65,65,65,68,80,72,64,50,34,39,7,31,19,19,43,49,49,49,51,51,0],"gold":427,"neow_bonus":"THREE_ENEMY_KILL","is_prod":false,"is_daily":false,"chose_seed":false,"campfire_upgraded":6,"win_rate":0,"timestamp":1555048800,"path_taken":["M","?","M","$","M","R","?","R","T","M","R","M","?","?","R","BOSS","M","?","?","?","M","E","R","M","T","R","M","R","$","M","R","BOSS"],"build_version":"2019-01-23","purchased_purges":2,"victory":false,"max_hp_per_floor":[80,80,80,80,80,80,80,80,80,80,80,80,80,80,80,80,80,80,80,80,80,80,80,80,80,80,80,80,80,80,80,80,80],"card_choices":[{"not_picked":["Sentinel","Heavy Blade"],"picked":"Flex","floor":1.0},{"not_picked":["Hemokinesis","True Grit"],"picked":"Thunderclap","floor":3.0},{"not_picked":["Anger","Sentinel"],"picked":"Heavy Blade","floor":5.0},{"not_picked":["Sword Boomerang","Warcry"],"picked":"Heavy Blade","floor":10.0},{"not_picked":["Ghostly Armor","Combust"],"picked":"Metallicize","floor":12.0},{"not_picked":["Cleave","Entrench"],"picked":"Immolate","floor":13.0},{"not_picked":["Reaper","Berserk"],"picked":"Demon Form","floor":16},{"not_picked":["Heavy Blade","Infernal Blade+1"],"picked":"Uppercut+1","floor":18},{"not_picked":["Body Slam","Iron Wave+1"],"picked":"Flex","floor":19},{"not_picked":["Perfected Strike+1","Sword Boomerang","Seeing Red"],"picked":"SKIP","floor":22},{"not_picked":["Shrug It Off","Twin Strike"],"picked":"Corruption","floor":23},{"not_picked":["Rage","Combust"],"picked":"Double Tap","floor":25},{"not_picked":["Shrug It Off","Seeing Red+1","Evolve"],"picked":"Whirlwind+1","floor":28},{"not_picked":["Twin Strike","Cleave","Heavy Blade"],"picked":"Flex+1","floor":31}],"player_experience":1203753,"relics_obtained":[{"floor":9.0,"key":"Self Forming Clay"},{"floor":13.0,"key":"Odd Mushroom"},{"floor":20,"key":"Red Mask"},{"floor":21,"key":"Enchiridion"},{"floor":23,"key":"Boot"},{"floor":26,"key":"Question Card"}],"event_choices":[{"damage_healed":0.0,"max_hp_gain":0.0,"max_hp_loss":0.0,"gold_gain":0.0,"event_name":"Accursed Blacksmith","player_choice":"Rummage","floor":2.0,"gold_loss":0.0,"damage_taken":0.0,"relics_obtained":["WarpedTongs"],"cards_obtained":["Pain"]},{"damage_healed":0.0,"max_hp_gain":0.0,"max_hp_loss":0.0,"gold_gain":0.0,"event_name":"Mushrooms","player_choice":"Fought Mushrooms","floor":13.0,"gold_loss":0.0,"damage_taken":0.0},{"damage_healed":0.0,"max_hp_gain":0.0,"max_hp_loss":0.0,"gold_gain":275.0,"event_name":"Golden Shrine","player_choice":"Desecrate","floor":14.0,"gold_loss":0.0,"damage_taken":0.0,"cards_obtained":["Regret"]},{"damage_healed":0,"gold_gain":0,"player_choice":"Fought Bandits","damage_taken":0,"max_hp_gain":0,"max_hp_loss":0,"event_name":"Masked Bandits","floor":20,"gold_loss":0},{"damage_healed":0,"gold_gain":0,"player_choice":"Obtained Book","damage_taken":16,"max_hp_gain":0,"max_hp_loss":0,"event_name":"Cursed Tome","floor":21,"gold_loss":0}],"is_beta":false,"boss_relics":[{"not_picked":["Black Star","Black Blood"],"picked":"Philosopher\u0027s Stone"}],"items_purged_floors":[4,30],"is_endless":false,"potions_floor_spawned":[5,10,12,16,22,23,25,31],"killed_by":"Automaton","ascension_level":0}