{"path_per_floor":["M","?","?","$","?","R","T","M","T","M","$","?","M","M","R","B",null,"M","M"],"character_chosen":"DEFECT","items_purchased":["Ball Lightning","Streamline","Capacitor"],"gold_per_floor":[112,112,112,37,137,137,188,200,251,266,26,26,37,54,54,151,151,163,178,178],"floor_reached":20,"campfire_rested":2,"playtime":989,"item_purchase_floors":[11,11,11],"current_hp_per_floor":[64,64,57,57,57,75,75,74,74,73,73,73,56,56,75,46,75,57,30,0],"items_purged":["Dualcast","Strike_B"],"gold":178,"score":164,"play_id":"0fad03bc-9de3-448c-8de0-7372a9453459","local_time":"20180620155122","is_prod":false,"is_daily":false,"chose_seed":false,"is_ascension_mode":false,"campfire_upgraded":0,"win_rate":0.0,"timestamp":1529524282,"campfire_choices":[{"floor":6,"key":"REST"},{"floor":15,"key":"REST"}],"path_taken":["M","?","?","$","?","R","?","M","T","M","$","?","M","M","R","BOSS","M","M","?"],"build_version":"2018-06-14v2","seed_source_timestamp":415041608471209,"purchased_purges":2,"victory":false,"master_deck":["Strike_B+1","Strike_B+1","Defend_B","Defend_B","Zap+1","Conserve Battery","Leap","Ball Lightning","Streamline","Capacitor","Defragment","Fission"],"max_hp_per_floor":[75,75,75,75,75,75,75,75,75,75,75,75,75,75,75,75,75,75,75,75],"special_seed":17702,"relics":["Cracked Core","Omamori","Whetstone","Happy Flower","Smiling Mask","Empty Cage"],"card_choices":[{"not_picked":["Redo","Capacitor","FTL"],"picked":"SKIP","floor":1},{"not_picked":["Aggregate","Hello World"],"picked":"Conserve Battery","floor":8},{"not_picked":["Doom and Gloom","Turbo"],"picked":"Leap","floor":10},{"not_picked":["White Noise","Barrage","Reprogram"],"picked":"SKIP","floor":13},{"not_picked":["Redo","Leap"],"picked":"Defragment","floor":14},{"not_picked":["Multi-Cast","Biased Cognition"],"picked":"Fission","floor":16},{"not_picked":["Cold Snap","Barrage","Doom and Gloom"],"picked":"SKIP","floor":18},{"not_picked":["Go for the Eyes","Gash","Stack+1"],"picked":"SKIP","floor":19}],"player_experience":153345,"potions_floor_usage":[16],"damage_taken":[{"damage":11,"enemies":"Jaw Worm","floor":1,"turns":4},{"damage":1,"enemies":"Cultist","floor":8,"turns":3},{"damage":1,"enemies":"2 Louse","floor":10,"turns":3},{"damage":17,"enemies":"Exordium Wildlife","floor":13,"turns":4},{"damage":0,"enemies":"Large Slime","floor":14,"turns":5},{"damage":29,"enemies":"The Guardian","floor":16,"turns":9},{"damage":18,"enemies":"Shell Parasite","floor":18,"turns":6},{"damage":27,"enemies":"3 Byrds","floor":19,"turns":4},{"damage":36,"enemies":"Cultist and Chosen","floor":20,"turns":6}],"relics_obtained":[{"floor":7,"key":"Whetstone"},{"floor":9,"key":"Happy Flower"}],"event_choices":[{"event_name":"Upgrade Shrine","player_choice":"Upgraded","floor":2,"damage_taken":0},{"event_name":"Golden Wing","player_choice":"Card Removal","floor":3,"damage_taken":0},{"event_name":"Golden Shrine","player_choice":"Pray","floor":5,"damage_taken":0},{"event_name":"Wheel of Change","player_choice":"Relic","floor":12,"damage_taken":0}],"boss_relics":[{"not_picked":["Fusion Hammer","Philosopher\u0027s Stone"],"picked":"Empty Cage"}],"items_purged_floors":[4,11],"is_endless":false,"potions_floor_spawned":[10,13,19],"seed_played":"8773383995005469837","killed_by":"Cultist and Chosen","ascension_level":0,"potions_obtained":[{"floor":10,"key":"Dexterity Potion"},{"floor":13,"key":"GamblersBrew"},{"floor":19,"key":"Explosive Potion"}],"is_trial":false}