{"gold_per_floor":[112,112,127,142,142,169,169,189,189,189,189,222,238,252,252,353,353,372,133,143,156,175,175],"floor_reached":23,"playtime":1425,"items_purged":[],"score":226,"play_id":"04654eeb-73e1-47c9-9b52-c77bee8b8dba","local_time":"20190331015357","is_ascension_mode":true,"campfire_choices":[{"floor":10,"key":"REST"},{"floor":15,"key":"REST"}],"neow_cost":"NONE","seed_source_timestamp":446911756413993,"circlet_count":0,"master_deck":["Strike_B","Strike_B","Strike_B","Strike_B","Defend_B","Defend_B","Defend_B","Defend_B","Zap+1","Dualcast","Coolheaded","Conserve Battery+1","Conserve Battery","Redo+1","Redo","Darkness","Reprogram","Echo Form","Loop+1","Conserve Battery"],"relics":["Cracked Core","NeowsBlessing","Darkstone Periapt","Regal Pillow","Sozu","Letter Opener"],"potions_floor_usage":[6,6,6,16,21,23],"damage_taken":[{"damage":0,"enemies":"Jaw Worm","floor":1,"turns":1},{"damage":0,"enemies":"Cultist","floor":3,"turns":1},{"damage":0,"enemies":"2 Louse","floor":4,"turns":1},{"damage":21,"enemies":"Lagavulin","floor":6,"turns":5},{"damage":11,"enemies":"Lots of Slimes","floor":8,"turns":4},{"damage":13,"enemies":"3 Sentries","floor":12,"turns":11},{"damage":0,"enemies":"Red Slaver","floor":13,"turns":3},{"damage":6,"enemies":"Looter","floor":14,"turns":3},{"damage":54,"enemies":"Slime Boss","floor":16,"turns":14},{"damage":28,"enemies":"2 Thieves","floor":18,"turns":4},{"damage":17,"enemies":"3 Byrds","floor":20,"turns":4},{"damage":24,"enemies":"Snake Plant","floor":21,"turns":4},{"damage":0,"enemies":"Snecko","floor":22,"turns":5},{"damage":21,"enemies":"Book of Stabbing","floor":23,"turns":4}],"seed_played":"-4907197658614761667","potions_obtained":[{"floor":2,"key":"Fire Potion"},{"floor":2,"key":"SpeedPotion"},{"floor":2,"key":"AttackPotion"},{"floor":3,"key":"Poison Potion"},{"floor":6,"key":"AttackPotion"},{"floor":12,"key":"Swift Potion"},{"floor":14,"key":"SteroidPotion"},{"floor":16,"key":"Regen Potion"}],"is_trial":false,"path_per_floor":["M","?","M","M","$","E","?","M","T","R","?","E","M","M","R","B",null,"M","$","M","M","M","E"],"character_chosen":"DEFECT","items_purchased":["Letter Opener"],"campfire_rested":2,"item_purchase_floors":[19],"current_hp_per_floor":[75,75,75,75,75,54,39,28,28,50,50,37,37,31,68,14,75,47,47,30,18,18,0],"gold":175,"neow_bonus":"THREE_ENEMY_KILL","is_prod":false,"is_daily":false,"chose_seed":false,"campfire_upgraded":0,"win_rate":0,"timestamp":1554011637,"path_taken":["M","?","?","M","$","E","?","M","T","R","?","E","?","M","R","BOSS","M","$","M","M","M","E"],"build_version":"2019-01-23","purchased_purges":0,"victory":false,"max_hp_per_floor":[75,75,75,75,75,75,75,75,75,75,75,75,75,75,75,75,75,75,75,75,75,75,75],"card_choices":[{"not_picked":["Rebound","Stack","Aggregate"],"picked":"SKIP","floor":1},{"not_picked":["Sweeping Beam","Compile Driver"],"picked":"Coolheaded","floor":3},{"not_picked":["BootSequence","Lockon"],"picked":"Conserve Battery","floor":4},{"not_picked":["Meteor Strike","Self Repair"],"picked":"Conserve Battery","floor":6},{"not_picked":["Compile Driver","Go for the Eyes"],"picked":"Redo","floor":8},{"not_picked":["Storm","Hello World"],"picked":"Redo","floor":12},{"not_picked":["Turbo","Hologram"],"picked":"Darkness","floor":13},{"not_picked":["Sweeping Beam","Redo"],"picked":"Reprogram","floor":14},{"not_picked":["Multi-Cast","Thunder Strike"],"picked":"Echo Form","floor":16},{"not_picked":["Stack","Rebound"],"picked":"Loop+1","floor":18},{"not_picked":["Leap+1","Steam"],"picked":"Conserve Battery","floor":20},{"not_picked":["Streamline","Barrage","Genetic Algorithm"],"picked":"SKIP","floor":21},{"not_picked":["Redo","Rebound","Barrage"],"picked":"SKIP","floor":22}],"player_experience":180734,"relics_obtained":[{"floor":6,"key":"Darkstone Periapt"},{"floor":12,"key":"Regal Pillow"}],"event_choices":[{"damage_healed":0,"gold_gain":0,"player_choice":"Got Potions","damage_taken":0,"max_hp_gain":0,"max_hp_loss":0,"event_name":"Lab","floor":2,"gold_loss":0},{"damage_healed":0,"gold_gain":0,"player_choice":"Entered Light","damage_taken":15,"max_hp_gain":0,"max_hp_loss":0,"event_name":"Shining Light","floor":7,"gold_loss":0,"cards_upgraded":["Conserve Battery","Zap"]},{"damage_healed":0,"gold_gain":0,"player_choice":"Upgraded","damage_taken":0,"max_hp_gain":0,"max_hp_loss":0,"event_name":"Upgrade Shrine","floor":11,"gold_loss":0,"cards_upgraded":["Redo"]}],"is_beta":false,"boss_relics":[{"not_picked":["Busted Crown","Astrolabe"],"picked":"Sozu"}],"items_purged_floors":[],"is_endless":false,"potions_floor_spawned":[3,6,12,14,16,18,20],"killed_by":"Book of Stabbing","ascension_level":2}