{"gold_per_floor":[111,111,126,23,43,43,54,89,169,198,198,40,40,56,56,129,129,144,94,107,21,38,72,72,72,72,43,43,43,73,102,102,173,173,190,201,201,215,229,258,277,277,303,303,303,303,329,54,54,54,54,54,54,1,31,31],"floor_reached":56,"playtime":3354,"items_purged":[],"score":1902,"play_id":"b00b6ee5-d970-47bd-a379-cfd511419100","local_time":"20190216013633","is_ascension_mode":true,"campfire_choices":[{"data":"Zap","floor":6.0,"key":"SMITH"},{"floor":13.0,"key":"REST"},{"data":"Dualcast","floor":15.0,"key":"SMITH"},{"floor":24.0,"key":"REST"},{"data":"Storm","floor":28.0,"key":"SMITH"},{"floor":32.0,"key":"REST"},{"data":"Seek","floor":42,"key":"SMITH"},{"floor":44,"key":"RECALL"},{"data":"Biased Cognition","floor":49,"key":"SMITH"},{"data":"Storm","floor":53,"key":"SMITH"}],"neow_cost":"NONE","seed_source_timestamp":1856004188182100,"circlet_count":0,"master_deck":["AscendersBane","Defend_B","Defend_B+1","Defend_B+1","Defend_B","Zap+1","Dualcast+1","Scrape+1","Melter","Conserve Battery","Sunder","Stack+1","Reprogram","Buffer","Defragment","Chill","Electrodynamics+1","Ball Lightning","Storm+1","Seek+1","White Noise","Steam","Bite","Bite","Bite","Bite","Bite","Ball Lightning","Seek+1","Consume+1","Biased Cognition+1","Go for the Eyes","Electrodynamics","Storm+1","Tempest+1","Madness+1","Madness+1","Pain","Storm+1","Cold Snap","Reboot+1"],"special_seed":0,"relics":["Cracked Core","Bird Faced Urn","Pear","Potion Belt","War Paint","Inserter","Unceasing Top","Toxic Egg 2","Red Mask","Regal Pillow","Sozu","GremlinMask","DataDisk","WarpedTongs","Anchor","Bottled Tornado","Pen Nib"],"potions_floor_usage":[],"damage_taken":[{"damage":6.0,"enemies":"2 Louse","floor":1.0,"turns":5.0},{"damage":0.0,"enemies":"Cultist","floor":3.0,"turns":2.0},{"damage":0.0,"enemies":"Jaw Worm","floor":5.0,"turns":2.0},{"damage":5.0,"enemies":"Gremlin Gang","floor":7.0,"turns":3.0},{"damage":33.0,"enemies":"Lagavulin","floor":8.0,"turns":6.0},{"damage":24.0,"enemies":"Gremlin Nob","floor":10.0,"turns":4.0},{"damage":11.0,"enemies":"Lots of Slimes","floor":14.0,"turns":4.0},{"damage":20.0,"enemies":"The Guardian","floor":16.0,"turns":9.0},{"damage":0.0,"enemies":"2 Thieves","floor":18.0,"turns":5.0},{"damage":23.0,"enemies":"Shell Parasite","floor":20.0,"turns":5.0},{"damage":25.0,"enemies":"Snake Plant","floor":22.0,"turns":4.0},{"damage":46.0,"enemies":"Gremlin Leader","floor":23.0,"turns":7.0},{"damage":0.0,"enemies":"Masked Bandits","floor":30.0,"turns":2.0},{"damage":27.0,"enemies":"Slavers","floor":31.0,"turns":3.0},{"damage":12.0,"enemies":"Collector","floor":33.0,"turns":8.0},{"damage":0.0,"enemies":"3 Darklings","floor":35.0,"turns":1.0},{"damage":0.0,"enemies":"3 Shapes","floor":36.0,"turns":2.0},{"damage":0,"enemies":"3 Darklings","floor":38,"turns":3},{"damage":0,"enemies":"Maw","floor":39,"turns":4},{"damage":15,"enemies":"Reptomancer","floor":40,"turns":3},{"damage":0,"enemies":"Jaw Worm Horde","floor":41,"turns":1},{"damage":14,"enemies":"Nemesis","floor":47,"turns":5},{"damage":23,"enemies":"Donu and Deca","floor":50,"turns":4},{"damage":32,"enemies":"Time Eater","floor":51,"turns":5},{"damage":57,"enemies":"Shield and Spear","floor":55,"turns":3},{"damage":21,"enemies":"The Heart","floor":56,"turns":2}],"seed_played":"-4971530828662014235","potions_obtained":[{"floor":5.0,"key":"Strength Potion"},{"floor":8.0,"key":"Poison Potion"},{"floor":10.0,"key":"FocusPotion"},{"floor":14.0,"key":"Energy Potion"},{"floor":16.0,"key":"Dexterity Potion"},{"floor":20.0,"key":"Fire Potion"},{"floor":30.0,"key":"EssenceOfSteel"},{"floor":33.0,"key":"SteroidPotion"}],"is_trial":false,"path_per_floor":["M","?","M","$","M","R","M","E","T","E","?","$","R","M","R","B",null,"M","?","M","$","M","E","R","?","T","$","R","$","?","E","R","B",null,"M","M","?","M","M","E","M","R","T","R","?","?","E","$","R","B","B",null,"R","$","E","B"],"character_chosen":"DEFECT","items_purchased":["Conserve Battery","Sunder","War Paint","Seek","Ball Lightning","Bottled Tornado","Cold Snap"],"campfire_rested":3,"item_purchase_floors":[4,4,12,21,27,48,54],"current_hp_per_floor":[58,81,81,81,81,81,76,43,53,31,4,4,31,24,24,8,70,76,76,59,59,40,4,31,31,31,31,31,31,37,18,51,57,62,63,63,63,63,63,54,60,60,60,60,49,49,53,53,53,46,39,57,57,57,10,0],"gold":31,"neow_bonus":"TRANSFORM_CARD","is_prod":false,"is_daily":false,"chose_seed":false,"campfire_upgraded":6,"win_rate":0,"timestamp":1550309793,"path_taken":["M","?","?","$","M","R","M","E","T","E","?","$","R","M","R","BOSS","M","?","?","?","M","E","R","?","T","$","R","$","?","E","R","BOSS","M","M","?","M","?","E","M","R","T","R","?","?","E","$","R","BOSS","BOSS","R","$","E","BOSS"],"build_version":"2019-02-06","purchased_purges":0,"victory":false,"max_hp_per_floor":[71,81,81,81,81,81,81,81,91,91,91,91,91,91,91,91,91,91,91,91,91,91,91,91,63,63,63,63,63,63,63,63,63,63,63,63,63,63,63,63,63,63,63,63,63,63,63,63,63,63,63,63,63,63,63,63],"card_choices":[{"not_picked":["Redo","Hologram"],"picked":"Scrape","floor":1.0},{"not_picked":["Consume","Sunder"],"picked":"Melter","floor":3.0},{"not_picked":["Barrage","Compile Driver"],"picked":"Stack","floor":5.0},{"not_picked":["Hello World","Auto Shields"],"picked":"Reprogram","floor":7.0},{"not_picked":["Fusion","Go for the Eyes"],"picked":"Buffer","floor":8.0},{"not_picked":["Conserve Battery","Ball Lightning"],"picked":"Defragment","floor":10.0},{"not_picked":["Hologram","Blizzard"],"picked":"Chill","floor":14.0},{"not_picked":["Amplify","Biased Cognition"],"picked":"Electrodynamics","floor":16.0},{"not_picked":["Sweeping Beam","Leap"],"picked":"Ball Lightning","floor":18.0},{"not_picked":["Blizzard","Streamline"],"picked":"Storm","floor":20.0},{"not_picked":["Reinforced Body","Conserve Battery"],"picked":"White Noise","floor":22.0},{"not_picked":["Compile Driver","Lockon"],"picked":"Steam","floor":23.0},{"not_picked":["Leap+1","Conserve Battery+1"],"picked":"Seek+1","floor":30.0},{"not_picked":["All For One","Leap+1"],"picked":"Consume+1","floor":31.0},{"not_picked":["All For One","Multi-Cast+1"],"picked":"Biased Cognition","floor":33.0},{"not_picked":["Gash","Sweeping Beam+1"],"picked":"Go for the Eyes","floor":35.0},{"not_picked":["Ball Lightning","Stack+1"],"picked":"Electrodynamics","floor":36.0},{"not_picked":["Self Repair","Leap+1"],"picked":"Storm+1","floor":38},{"not_picked":["Go for the Eyes","Sweeping Beam","Beam Cell"],"picked":"SKIP","floor":39},{"not_picked":["Go for the Eyes+1","Steam+1"],"picked":"Tempest+1","floor":40},{"not_picked":["Melter+1","Genetic Algorithm+1","Gash"],"picked":"SKIP","floor":41},{"not_picked":["Consume+1","Rebound"],"picked":"Storm","floor":47},{"not_picked":["Darkness+1","Storm"],"picked":"Reboot+1","floor":55}],"player_experience":3269629,"relics_obtained":[{"floor":8.0,"key":"Bird Faced Urn"},{"floor":9.0,"key":"Pear"},{"floor":10.0,"key":"Potion Belt"},{"floor":23.0,"key":"Unceasing Top"},{"floor":26.0,"key":"Toxic Egg 2"},{"floor":30.0,"key":"Red Mask"},{"floor":31.0,"key":"Regal Pillow"},{"floor":40,"key":"DataDisk"},{"floor":47,"key":"Anchor"},{"floor":55,"key":"Pen Nib"}],"event_choices":[{"cards_removed":["Multi-Cast"],"damage_healed":13.0,"max_hp_gain":10.0,"max_hp_loss":0.0,"gold_gain":0.0,"event_name":"Bonfire Elementals","player_choice":"Offered Rare","floor":2.0,"gold_loss":0.0,"damage_taken":0.0},{"damage_healed":0.0,"max_hp_gain":0.0,"max_hp_loss":0.0,"gold_gain":0.0,"event_name":"Shining Light","player_choice":"Entered Light","floor":11.0,"gold_loss":0.0,"damage_taken":27.0,"cards_upgraded":["Strike_B","Stack"]},{"damage_healed":0.0,"max_hp_gain":0.0,"max_hp_loss":0.0,"gold_gain":0.0,"event_name":"Designer","player_choice":"Upgraded Two","floor":19.0,"gold_loss":50.0,"damage_taken":0.0,"cards_upgraded":["Electrodynamics","Scrape"]},{"damage_healed":0.0,"max_hp_gain":0.0,"max_hp_loss":28.0,"gold_gain":0.0,"event_name":"Vampires","player_choice":"Became a vampire","floor":25.0,"gold_loss":0.0,"damage_taken":0.0,"cards_obtained":["Bite","Bite","Bite","Bite","Bite"]},{"damage_healed":0.0,"max_hp_gain":0.0,"max_hp_loss":0.0,"gold_gain":0.0,"event_name":"Masked Bandits","player_choice":"Fought Bandits","floor":30.0,"gold_loss":0.0,"damage_taken":0.0},{"damage_healed":0.0,"max_hp_gain":0.0,"max_hp_loss":0.0,"gold_gain":0.0,"event_name":"FaceTrader","player_choice":"Trade","floor":37.0,"gold_loss":0.0,"damage_taken":0.0,"relics_obtained":["GremlinMask"]},{"damage_healed":0,"gold_gain":0,"player_choice":"Embrace Madness","damage_taken":11,"max_hp_gain":0,"max_hp_loss":0,"event_name":"Winding Halls","floor":45,"gold_loss":0,"cards_obtained":["Madness","Madness"]},{"damage_healed":0,"gold_gain":0,"player_choice":"Rummage","damage_taken":0,"relics_obtained":["WarpedTongs"],"max_hp_gain":0,"max_hp_loss":0,"event_name":"Accursed Blacksmith","floor":46,"gold_loss":0,"cards_obtained":["Pain"]}],"is_beta":true,"boss_relics":[{"not_picked":["Calling Bell","Pandora\u0027s Box"],"picked":"Inserter"},{"not_picked":["Astrolabe","Orrery"],"picked":"Sozu"}],"items_purged_floors":[],"is_endless":false,"potions_floor_spawned":[5,8,10,14,16,20,30,33,35,38,40,47,55],"killed_by":"The Heart","ascension_level":20}