{"gold_per_floor":[114,114,129,144,144,144,144,144,219,219,249,264,279,294,294,394,394,409,424,124,139,139,139],"floor_reached":23,"playtime":775,"items_purged":[],"score":268,"play_id":"75adf4d3-26b6-4e64-beca-cc754489b24d","local_time":"20180629134742","daily_mods":["Insanity","Uncertain Future","Hoarder"],"is_ascension_mode":false,"campfire_choices":[{"data":"Immolate","floor":8,"key":"SMITH"},{"floor":10,"key":"REST"},{"data":"Demon Form","floor":15,"key":"SMITH"}],"neow_cost":"","seed_source_timestamp":0,"circlet_count":0,"master_deck":["Barricade","Heavy Blade","Seeing Red","Sword Boomerang","Double Tap","Shrug It Off","Power Through","Rampage","Ghostly Armor","Demon Form+1","Headbutt","Uppercut","Sever Soul","Warcry","Metallicize","Demon Form+1","Heavy Blade","Reckless Charge","Warcry","Intimidate","Bludgeon","Immolate+1","Uppercut","Ghostly Armor","Rampage","Dual Wield","Inflame","Flex","Havoc","Uppercut","Havoc","Berserk","Bash","Shrug It Off","Thunderclap","Armaments","Rage+1","Havoc","Iron Wave","Shockwave","Entrench","Inflame","Rage","Barricade","Reaper","Rampage","Cleave","Defend_R","Perfected Strike","Uppercut"],"special_seed":17711,"relics":["Burning Blood","Juzu Bracelet","Bottled Flame","Ice Cream","Lizard Tail","Incense Burner"],"potions_floor_usage":[23,23,23],"damage_taken":[{"damage":0,"enemies":"Small Slimes","floor":1,"turns":3},{"damage":11,"enemies":"Jaw Worm","floor":3,"turns":2},{"damage":0,"enemies":"Cultist","floor":4,"turns":2},{"damage":10,"enemies":"Gremlin Nob","floor":11,"turns":3},{"damage":0,"enemies":"Gremlin Gang","floor":12,"turns":1},{"damage":24,"enemies":"Blue Slaver","floor":13,"turns":3},{"damage":0,"enemies":"Exordium Wildlife","floor":14,"turns":1},{"damage":12,"enemies":"Slime Boss","floor":16,"turns":8},{"damage":21,"enemies":"2 Thieves","floor":18,"turns":4},{"damage":67,"enemies":"Shell Parasite","floor":19,"turns":9},{"damage":17,"enemies":"Cultist and Chosen","floor":21,"turns":6},{"damage":20,"enemies":"Slavers","floor":23,"turns":2}],"seed_played":"6162315489128863662","potions_obtained":[{"floor":1,"key":"PowerPotion"},{"floor":5,"key":"SteroidPotion"},{"floor":5,"key":"Poison Potion"}],"is_trial":false,"path_per_floor":["M","?","M","M","?","T","$","R","T","R","E","M","M","M","R","B",null,"M","M","$","M","?"],"character_chosen":"IRONCLAD","items_purchased":["Incense Burner"],"campfire_rested":1,"item_purchase_floors":[20],"current_hp_per_floor":[80,64,59,65,65,65,65,65,65,80,76,80,74,80,80,74,80,65,46,46,35,20,0],"gold":139,"neow_bonus":"","is_prod":false,"is_daily":true,"chose_seed":false,"campfire_upgraded":2,"win_rate":0.0,"timestamp":1530294462,"path_taken":["M","?","M","M","?","?","$","R","T","R","E","M","M","M","R","BOSS","M","M","$","M","?","E"],"build_version":"2018-06-28","purchased_purges":0,"victory":false,"max_hp_per_floor":[80,80,80,80,80,80,80,80,80,80,80,80,80,80,80,80,80,80,80,80,80,85,85],"card_choices":[{"not_picked":["Ghostly Armor","Warcry","Perfected Strike"],"picked":"SKIP","floor":1},{"not_picked":["Headbutt","Warcry","Pommel Strike"],"picked":"SKIP","floor":3},{"not_picked":["Feel No Pain","Headbutt","Anger"],"picked":"SKIP","floor":4},{"not_picked":["Uppercut","Pummel","Entrench"],"picked":"SKIP","floor":11},{"not_picked":["Rampage","Inflame","Flex"],"picked":"SKIP","floor":12},{"not_picked":["Sword Boomerang","Metallicize","Carnage"],"picked":"SKIP","floor":13},{"not_picked":["Flame Barrier","Carnage","True Grit"],"picked":"SKIP","floor":14},{"not_picked":["Whirlwind","Pommel Strike+1","Warcry"],"picked":"SKIP","floor":18},{"not_picked":["Clash","Iron Wave","Flame Barrier+1"],"picked":"SKIP","floor":19},{"not_picked":["Heavy Blade","Body Slam","Wild Strike"],"picked":"SKIP","floor":21}],"player_experience":186867,"relics_obtained":[{"floor":6,"key":"Juzu Bracelet"},{"floor":9,"key":"Bottled Flame"},{"floor":11,"key":"Ice Cream"}],"event_choices":[{"event_name":"Shining Light","player_choice":"Entered Light","floor":2,"damage_taken":0},{"event_name":"The Lab","player_choice":"Got Potions","floor":5,"damage_taken":0},{"event_name":"Forgotten Altar","player_choice":"Shed Blood","floor":22,"damage_taken":0}],"boss_relics":[{"not_picked":["Runic Dome","Cursed Key"],"picked":"Lizard Tail"}],"items_purged_floors":[],"is_endless":false,"potions_floor_spawned":[1,11,12,14,19,21],"killed_by":"Slavers","ascension_level":0}