{"path_per_floor":["M","M","M","M","$","T","M","R","T","R","M","?","R","M","R","B",null,"M","M"],"character_chosen":"THE_SILENT","items_purchased":["Glass Knife"],"gold_per_floor":[110,121,140,158,20,46,58,58,58,58,68,68,68,88,88,192,222,232,213,213],"floor_reached":20,"campfire_rested":2,"playtime":623,"item_purchase_floors":[5],"current_hp_per_floor":[69,62,62,62,62,62,51,70,70,70,54,70,70,57,70,36,75,43,39,0],"items_purged":[],"gold":213,"score":168,"play_id":"6c4f42e9-cb88-4bfe-9cb9-aca404a92bf1","local_time":"20180620000615","is_prod":false,"is_daily":false,"chose_seed":false,"is_ascension_mode":false,"campfire_upgraded":2,"win_rate":0,"timestamp":1529467575,"campfire_choices":[{"floor":8,"key":"REST"},{"data":"Glass Knife","floor":10,"key":"SMITH"},{"data":"Endless Agony","floor":13,"key":"SMITH"},{"floor":15,"key":"REST"}],"path_taken":["M","M","M","M","$","?","M","R","T","R","M","?","R","?","R","BOSS","M","M","M"],"build_version":"2018-06-14v2","seed_source_timestamp":358709142717056,"purchased_purges":0,"victory":false,"master_deck":["Defend_G","Defend_G","Defend_G","Defend_G","Defend_G","Strike_G","Strike_G","Strike_G","Strike_G","Strike_G","Survivor+1","Neutralize","Cloak And Dagger","Quick Slash","Underhanded Strike","Glass Knife+1","Infinite Blades","Endless Agony+1","Parasite","Quick Slash","Wraith Form v2+1","Poisoned Stab"],"max_hp_per_floor":[70,70,70,70,70,70,70,70,70,70,70,70,70,70,70,70,75,75,75,75],"relics":["Ring of the Snake","Bag of Marbles","Snake Skull","Frozen Egg 2","Tiny House"],"card_choices":[{"not_picked":["Backflip","Dodge and Roll","Slice"],"picked":"SKIP","floor":1},{"not_picked":["Prepared","Deflect"],"picked":"Cloak And Dagger","floor":2},{"not_picked":["Footwork","Accuracy"],"picked":"Quick Slash","floor":3},{"not_picked":["Cloak And Dagger","Acrobatics"],"picked":"Underhanded Strike","floor":4},{"not_picked":["Malaise","Poisoned Stab"],"picked":"Infinite Blades","floor":7},{"not_picked":["Deflect","PiercingWail"],"picked":"Endless Agony","floor":11},{"not_picked":["Well Laid Plans+1","Deflect"],"picked":"Quick Slash","floor":14},{"not_picked":["Venomology","Die Die Die"],"picked":"Wraith Form v2+1","floor":16},{"not_picked":["Dodge and Roll","Prepared"],"picked":"Poisoned Stab","floor":17},{"not_picked":["Dagger Spray","Flying Knee","Deflect"],"picked":"SKIP","floor":18},{"not_picked":["Endless Agony","Accuracy+1","Prepared"],"picked":"SKIP","floor":19}],"player_experience":149009,"potions_floor_usage":[16,18],"damage_taken":[{"damage":1,"enemies":"Cultist","floor":1,"turns":4},{"damage":7,"enemies":"Small Slimes","floor":2,"turns":3},{"damage":0,"enemies":"2 Louse","floor":3,"turns":2},{"damage":0,"enemies":"Large Slime","floor":4,"turns":5},{"damage":11,"enemies":"3 Louse","floor":7,"turns":2},{"damage":16,"enemies":"Blue Slaver","floor":11,"turns":3},{"damage":13,"enemies":"Red Slaver","floor":14,"turns":2},{"damage":34,"enemies":"Slime Boss","floor":16,"turns":9},{"damage":32,"enemies":"Shell Parasite","floor":18,"turns":5},{"damage":4,"enemies":"2 Thieves","floor":19,"turns":4},{"damage":41,"enemies":"Snake Plant","floor":20,"turns":5}],"relics_obtained":[{"floor":6,"key":"Snake Skull"},{"floor":9,"key":"Frozen Egg 2"}],"event_choices":[{"event_name":"Mushrooms","player_choice":"Healed and dodged fight","floor":12,"damage_taken":0}],"boss_relics":[{"not_picked":["Runic Pyramid","Eternal Feather"],"picked":"Tiny House"}],"items_purged_floors":[],"is_endless":false,"potions_floor_spawned":[11,14,16,19],"seed_played":"3678052787632309215","killed_by":"Snake Plant","ascension_level":0,"potions_obtained":[{"floor":11,"key":"GhostInAJar"},{"floor":14,"key":"Swift Potion"},{"floor":16,"key":"Strength Potion"},{"floor":17,"key":"Swift Potion"},{"floor":19,"key":"SpeedPotion"}],"is_trial":false}