{"path_per_floor":["M","?","M","M","$","R","M","E","T","M","R","M","M","$","R","B",null,"M","T","M","?","?"],"character_chosen":"IRONCLAD","items_purchased":["Armaments","Enlightenment"],"gold_per_floor":[116,185,204,214,166,166,177,204,204,223,223,235,253,41,41,142,142,154,200,212,0,0,0],"floor_reached":23,"campfire_rested":3,"playtime":1451,"item_purchase_floors":[5,14],"current_hp_per_floor":[80,80,80,80,80,80,70,52,52,49,73,74,64,64,80,35,80,56,56,37,37,37,0],"items_purged":[],"gold":0,"score":193,"play_id":"8978bf4a-71c9-4e0b-8778-87c24bdc1b5e","local_time":"20180615164930","is_prod":false,"is_daily":false,"chose_seed":false,"is_ascension_mode":false,"campfire_upgraded":0,"win_rate":0.0,"timestamp":1529095770,"campfire_choices":[{"floor":6,"key":"REST"},{"floor":11,"key":"REST"},{"floor":15,"key":"REST"}],"path_taken":["M","?","M","M","$","R","M","E","T","M","R","M","M","$","R","BOSS","M","?","M","?","?","E"],"build_version":"2018-06-14v2","seed_source_timestamp":205175767108879,"purchased_purges":0,"victory":false,"master_deck":["Strike_R","Strike_R","Strike_R","Defend_R","Defend_R","Defend_R","Defend_R","Bash+1","Second Wind","Cleave","Armaments","Carnage","Infernal Blade","Inflame","Twin Strike","Shrug It Off","Enlightenment","Offering+1","Cleave+1","Rage+1","Heavy Blade","Pommel Strike"],"max_hp_per_floor":[80,80,80,80,80,80,80,80,80,80,80,80,80,80,80,80,80,80,80,80,80,80,80],"relics":["Burning Blood","Mummified Hand","Centennial Puzzle","Astrolabe","Boot"],"card_choices":[{"not_picked":["Clash","Pommel Strike"],"picked":"Second Wind","floor":1},{"not_picked":["Inflame","Clothesline"],"picked":"Dual Wield","floor":3},{"not_picked":["Flame Barrier","True Grit"],"picked":"Cleave","floor":4},{"not_picked":["Second Wind","Dual Wield"],"picked":"Carnage","floor":7},{"not_picked":["Barricade","Thunderclap"],"picked":"Infernal Blade","floor":8},{"not_picked":["Warcry","Burning Pact"],"picked":"Inflame","floor":10},{"not_picked":["Warcry","Armaments"],"picked":"Twin Strike","floor":12},{"not_picked":["Armaments","Flex"],"picked":"Shrug It Off","floor":13},{"not_picked":["Clothesline","Seeing Red"],"picked":"Heavy Blade","floor":18},{"not_picked":["Anger","True Grit+1"],"picked":"Pommel Strike","floor":20}],"player_experience":57164,"potions_floor_usage":[8,8,16],"damage_taken":[{"damage":3,"enemies":"Small Slimes","floor":1,"turns":3},{"damage":6,"enemies":"Jaw Worm","floor":3,"turns":3},{"damage":6,"enemies":"Cultist","floor":4,"turns":3},{"damage":16,"enemies":"Blue Slaver","floor":7,"turns":5},{"damage":39,"enemies":"Lagavulin","floor":8,"turns":6},{"damage":9,"enemies":"Red Slaver","floor":10,"turns":2},{"damage":5,"enemies":"Looter","floor":12,"turns":4},{"damage":16,"enemies":"2 Fungi Beasts","floor":13,"turns":3},{"damage":51,"enemies":"Slime Boss","floor":16,"turns":6},{"damage":30,"enemies":"Chosen","floor":18,"turns":5},{"damage":25,"enemies":"2 Thieves","floor":20,"turns":4},{"damage":37,"enemies":"Book of Stabbing","floor":23,"turns":3}],"relics_obtained":[{"floor":8,"key":"Mummified Hand"},{"floor":9,"key":"Centennial Puzzle"},{"floor":19,"key":"Boot"}],"event_choices":[{"event_name":"Golden Wing","player_choice":"Gained Gold","floor":2,"damage_taken":0},{"event_name":"Masked Bandits","player_choice":"Paid Bandits 212 gold","floor":21,"damage_taken":0},{"event_name":"Beggar","player_choice":"Ignored","floor":22,"damage_taken":0}],"boss_relics":[{"not_picked":["Snecko Eye","Philosopher\u0027s Stone"],"picked":"Astrolabe"}],"items_purged_floors":[],"is_endless":false,"potions_floor_spawned":[4,7,12,20],"seed_played":"5203711007919536379","killed_by":"Book of Stabbing","ascension_level":0,"potions_obtained":[{"floor":4,"key":"Regen Potion"},{"floor":7,"key":"Weak Potion"},{"floor":12,"key":"AttackPotion"},{"floor":20,"key":"SpeedPotion"}],"is_trial":false}