{"gold_per_floor":[118,131,142,217,228,228,253,403,474,341,341,374,385,402,402,477,477,457,457,468,48,67,67,67,67,67,101,119,119,130,148,148,225,225,236,236,163,181,181,208,208,227,227,239,265,10,0,19,19,19],"floor_reached":51,"playtime":4467,"items_purged":["Doubt"],"score":1438,"play_id":"a7004ac4-8970-4eb4-852d-1c94a169e740","local_time":"20190301183605","is_ascension_mode":true,"campfire_choices":[{"data":"Armaments","floor":6.0,"key":"SMITH"},{"floor":11.0,"key":"REST"},{"floor":15.0,"key":"REST"},{"floor":23.0,"key":"REST"},{"floor":25.0,"key":"REST"},{"floor":29.0,"key":"REST"},{"floor":32.0,"key":"REST"},{"data":"Corruption","floor":41,"key":"SMITH"},{"floor":49,"key":"REST"}],"neow_cost":"TEN_PERCENT_HP_LOSS","seed_source_timestamp":0,"circlet_count":0,"master_deck":["AscendersBane","Bash","Pommel Strike","Bludgeon","Armaments+1","Pommel Strike","Demon Form","Shrug It Off","Pummel","Heavy Blade","Fiend Fire","Shockwave","Iron Wave","Evolve","True Grit","Bludgeon","Berserk","Flame Barrier","Double Tap","Necronomicurse","Uppercut","Corruption+1","Sentinel","Impervious","Body Slam","Whirlwind","Entrench+1","Flash of Steel"],"special_seed":0,"relics":["Burning Blood","Dead Branch","Darkstone Periapt","Boot","Pandora\u0027s Box","Gambling Chip","Necronomicon","Pear","Oddly Smooth Stone","Eternal Feather","Singing Bowl","Blue Candle","Self Forming Clay","Meat on the Bone","Strawberry","Lantern","Red Mask"],"potions_floor_usage":[48,50],"damage_taken":[{"damage":9.0,"enemies":"Small Slimes","floor":1.0,"turns":4.0},{"damage":7.0,"enemies":"2 Louse","floor":2.0,"turns":3.0},{"damage":0.0,"enemies":"Cultist","floor":3.0,"turns":2.0},{"damage":23.0,"enemies":"3 Louse","floor":5.0,"turns":3.0},{"damage":25.0,"enemies":"3 Sentries","floor":7.0,"turns":7.0},{"damage":7.0,"enemies":"Lagavulin","floor":12.0,"turns":7.0},{"damage":8.0,"enemies":"2 Fungi Beasts","floor":13.0,"turns":4.0},{"damage":5.0,"enemies":"Blue Slaver","floor":14.0,"turns":3.0},{"damage":46.0,"enemies":"Hexaghost","floor":16.0,"turns":9.0},{"damage":30.0,"enemies":"2 Thieves","floor":18.0,"turns":4.0},{"damage":27.0,"enemies":"Spheric Guardian","floor":20.0,"turns":5.0},{"damage":11.0,"enemies":"Centurion and Healer","floor":22.0,"turns":6.0},{"damage":31.0,"enemies":"Slavers","floor":27.0,"turns":5.0},{"damage":15.0,"enemies":"Snake Plant","floor":28.0,"turns":2.0},{"damage":6.0,"enemies":"Snecko","floor":30.0,"turns":2.0},{"damage":6.0,"enemies":"3 Cultists","floor":31.0,"turns":3.0},{"damage":22.0,"enemies":"Automaton","floor":33.0,"turns":6.0},{"damage":3.0,"enemies":"3 Shapes","floor":35.0,"turns":3.0},{"damage":33.0,"enemies":"3 Darklings","floor":38.0,"turns":4.0},{"damage":5.0,"enemies":"Nemesis","floor":40.0,"turns":4.0},{"damage":0,"enemies":"4 Shapes","floor":42,"turns":5},{"damage":31,"enemies":"Maw","floor":44,"turns":6},{"damage":3,"enemies":"Reptomancer","floor":45,"turns":3},{"damage":19,"enemies":"Writhing Mass","floor":48,"turns":4},{"damage":95,"enemies":"Awakened One","floor":50,"turns":10}],"seed_played":"7188279094203856529","potions_obtained":[{"floor":3.0,"key":"Regen Potion"},{"floor":7.0,"key":"SkillPotion"},{"floor":13.0,"key":"LiquidBronze"},{"floor":16.0,"key":"Swift Potion"},{"floor":20.0,"key":"SpeedPotion"},{"floor":27.0,"key":"Swift Potion"},{"floor":31.0,"key":"GamblersBrew"},{"floor":33.0,"key":"Energy Potion"},{"floor":42,"key":"LiquidBronze"}],"is_trial":false,"path_per_floor":["M","M","M","?","M","R","E","?","T","$","R","E","M","M","R","B",null,"M","?","M","$","M","R","?","R","T","E","M","R","M","M","R","B",null,"M","?","?","M","T","E","R","M","T","M","E","$","?","M","R","B",null],"character_chosen":"IRONCLAD","items_purchased":["Shrug It Off","Gambling Chip","Double Tap","Lantern","Flash of Steel"],"campfire_rested":7,"item_purchase_floors":[10,21,21,46,46],"current_hp_per_floor":[65,64,68,57,40,40,21,21,21,21,41,40,38,39,59,33,59,35,35,14,14,9,29,14,36,46,21,12,37,37,37,62,46,75,78,78,78,51,51,52,67,73,73,62,74,74,74,63,97,20],"gold":19,"neow_bonus":"TRANSFORM_TWO_CARDS","is_prod":false,"is_daily":false,"chose_seed":false,"campfire_upgraded":2,"win_rate":0,"timestamp":1551494165,"path_taken":["M","M","M","?","M","R","E","?","T","$","R","E","M","M","R","BOSS","M","?","M","$","?","R","?","R","T","E","M","R","M","M","R","BOSS","M","?","?","?","?","E","R","M","T","M","E","$","?","M","R","BOSS"],"build_version":"2019-01-23","purchased_purges":1,"victory":true,"max_hp_per_floor":[68,68,68,68,68,68,68,68,68,68,68,68,68,68,68,68,68,68,68,68,68,68,68,74,74,84,84,84,84,84,84,84,84,84,84,84,84,84,84,84,84,84,84,86,95,95,95,97,97,97],"card_choices":[{"not_picked":["Headbutt","Pummel"],"picked":"Armaments","floor":1.0},{"not_picked":["Perfected Strike","Body Slam"],"picked":"Headbutt","floor":2.0},{"not_picked":["Perfected Strike","Heavy Blade"],"picked":"Pommel Strike","floor":3.0},{"not_picked":["Sword Boomerang","Iron Wave"],"picked":"Combust","floor":5.0},{"not_picked":["Heavy Blade","Sentinel"],"picked":"Demon Form","floor":7.0},{"not_picked":["Blood for Blood","Twin Strike"],"picked":"Pummel","floor":12.0},{"not_picked":["Hemokinesis","Blood for Blood"],"picked":"Heavy Blade","floor":13.0},{"not_picked":["Clash","Anger","Iron Wave"],"picked":"SKIP","floor":14.0},{"not_picked":["Immolate","Demon Form"],"picked":"Fiend Fire","floor":16.0},{"not_picked":["Body Slam","Perfected Strike","Spot Weakness"],"picked":"SKIP","floor":18.0},{"not_picked":["Clothesline","Flex","Sword Boomerang"],"picked":"SKIP","floor":20.0},{"not_picked":["Pommel Strike","Clash","Armaments"],"picked":"SKIP","floor":22.0},{"not_picked":["Armaments","Iron Wave"],"picked":"Uppercut","floor":27.0},{"not_picked":["Thunderclap","Immolate","Uppercut"],"picked":"SKIP","floor":28.0},{"not_picked":["Sword Boomerang","Inflame"],"picked":"Corruption","floor":30.0},{"not_picked":["Power Through","Rampage"],"picked":"Sentinel","floor":31.0},{"not_picked":["Feed","Berserk"],"picked":"Impervious","floor":33.0},{"not_picked":["Anger","Perfected Strike","Rupture+1"],"picked":"SKIP","floor":35.0},{"not_picked":["Warcry+1","Perfected Strike"],"picked":"Body Slam","floor":38.0},{"not_picked":["Wild Strike","Flex"],"picked":"Whirlwind","floor":40},{"not_picked":["Flex+1","Wild Strike+1"],"picked":"Entrench+1","floor":42},{"not_picked":["Anger+1","Fire Breathing","Perfected Strike"],"picked":"Singing Bowl","floor":44},{"not_picked":["Clothesline","Second Wind","Flex"],"picked":"Singing Bowl","floor":45},{"not_picked":["Exhume","Perfected Strike+1","Heavy Blade"],"picked":"Singing Bowl","floor":48}],"player_experience":578954,"relics_obtained":[{"floor":7.0,"key":"Dead Branch"},{"floor":9.0,"key":"Darkstone Periapt"},{"floor":12.0,"key":"Boot"},{"floor":24.0,"key":"Necronomicon"},{"floor":26.0,"key":"Pear"},{"floor":27.0,"key":"Oddly Smooth Stone"},{"floor":39.0,"key":"Blue Candle"},{"floor":40,"key":"Self Forming Clay"},{"floor":43,"key":"Meat on the Bone"},{"floor":45,"key":"Strawberry"}],"event_choices":[{"damage_healed":0.0,"max_hp_gain":0.0,"max_hp_loss":0.0,"gold_gain":75.0,"event_name":"World of Goop","player_choice":"Gather Gold","floor":4.0,"gold_loss":0.0,"damage_taken":11.0},{"damage_healed":0.0,"max_hp_gain":0.0,"max_hp_loss":0.0,"gold_gain":150.0,"event_name":"Liars Game","player_choice":"AGREE","floor":8.0,"gold_loss":0.0,"damage_taken":0.0,"cards_obtained":["Doubt"]},{"cards_removed":["Combust"],"damage_healed":0.0,"max_hp_gain":0.0,"max_hp_loss":0.0,"gold_gain":0.0,"event_name":"Wheel of Change","player_choice":"Card Removal","floor":19.0,"gold_loss":0.0,"damage_taken":0.0},{"damage_healed":0.0,"max_hp_gain":0.0,"max_hp_loss":0.0,"gold_gain":0.0,"event_name":"Cursed Tome","player_choice":"Obtained Book","floor":24.0,"gold_loss":0.0,"damage_taken":21.0},{"cards_removed":["Headbutt"],"damage_healed":0.0,"max_hp_gain":0.0,"max_hp_loss":0.0,"gold_gain":0.0,"event_name":"Falling","player_choice":"Removed Attack","floor":36.0,"gold_loss":0.0,"damage_taken":0.0},{"damage_healed":0.0,"max_hp_gain":0.0,"max_hp_loss":0.0,"gold_gain":0.0,"event_name":"WeMeetAgain","player_choice":"Paid Gold","floor":37.0,"gold_loss":73.0,"damage_taken":0.0,"relics_obtained":["Singing Bowl"]},{"damage_healed":0,"gold_gain":0,"player_choice":"Paid","damage_taken":0,"relics_obtained":["Red Mask"],"max_hp_gain":0,"max_hp_loss":0,"event_name":"Tomb of Lord Red Mask","floor":47,"gold_loss":10}],"is_beta":false,"boss_relics":[{"not_picked":["Ectoplasm","Astrolabe"],"picked":"Pandora\u0027s Box"},{"not_picked":["Tiny House","Black Blood"],"picked":"Eternal Feather"}],"items_purged_floors":[10],"is_endless":false,"potions_floor_spawned":[3,7,13,16,20,27,31,33,35,42,45],"ascension_level":17}