{"path_per_floor":["M","M","?","M","M","E","$","R","T","M","R","M","M","$","R","B",null,"M","M","M","?","$","R","T","M","T","R","$","M","M"],"character_chosen":"THE_SILENT","items_purchased":["Enlightenment","Dagger Throw","GhostInAJar","Carnage"],"gold_per_floor":[117,128,207,221,239,266,34,34,34,52,52,63,80,3,3,99,99,118,138,151,76,2,2,29,45,45,45,45,61,77,77],"floor_reached":31,"campfire_rested":4,"playtime":2005,"item_purchase_floors":[7,7,14,22],"current_hp_per_floor":[66,60,60,60,58,42,42,63,63,63,63,63,44,44,65,6,70,67,37,3,3,3,24,24,16,30,55,55,47,32,0],"items_purged":[],"gold":77,"score":266,"play_id":"584335b2-682a-4432-aedd-3ecfb33fb497","local_time":"20180615181156","daily_mods":["Draft","Diverse"],"is_prod":false,"is_daily":false,"chose_seed":true,"is_ascension_mode":false,"campfire_upgraded":1,"win_rate":0.0,"timestamp":1529100716,"campfire_choices":[{"floor":8,"key":"REST"},{"data":"Double Energy","floor":11,"key":"SMITH"},{"floor":15,"key":"REST"},{"floor":23,"key":"REST"},{"floor":27,"key":"REST"}],"path_taken":["M","M","?","M","M","E","$","R","T","M","R","M","M","?","R","BOSS","M","M","M","?","?","R","?","M","T","R","$","?","M","M"],"build_version":"2018-06-14v2","seed_source_timestamp":209563073371921,"purchased_purges":0,"victory":false,"master_deck":["Leap","Streamline","Sweeping Beam","Double Energy+1","Blood for Blood","Leap","True Grit","Bane","Steam","Beam Cell","Choke","Catalyst","Quick Slash","Conserve Battery","Rebound","Poisoned Stab","Heavy Blade","Cloak And Dagger","Backflip","Enlightenment","Dagger Throw","Bouncing Flask","All Out Attack","Skewer","Dagger Throw+1","Leap","Carnage","Ball Lightning"],"max_hp_per_floor":[70,70,70,70,70,70,70,70,70,70,70,70,70,70,70,70,70,70,70,70,70,70,70,70,72,86,86,86,88,88,88],"special_seed":50471966854428,"relics":["Ring of the Snake","Dodecahedron","Bottled Lightning","Lizard Tail","Singing Bowl","Mango"],"card_choices":[{"not_picked":["Reinforced Body","Body Slam"],"picked":"Riddle With Holes","floor":0},{"not_picked":["Twin Strike","Clash"],"picked":"Leap","floor":0},{"not_picked":["Heatsinks","Warcry"],"picked":"Streamline","floor":0},{"not_picked":["Turbo","Force Field"],"picked":"Sweeping Beam","floor":0},{"not_picked":["Intimidate","Beam Cell"],"picked":"Double Energy","floor":0},{"not_picked":["Expertise","Conserve Battery"],"picked":"Blood for Blood","floor":0},{"not_picked":["Headbutt","Flame Barrier"],"picked":"Leap","floor":0},{"not_picked":["Endless Agony","Redo"],"picked":"True Grit","floor":0},{"not_picked":["Compile Driver","Headbutt"],"picked":"Bane","floor":0},{"not_picked":["Body Slam","Barrage"],"picked":"Steam","floor":0},{"not_picked":["Flex","Turbo"],"picked":"Beam Cell","floor":0},{"not_picked":["Steam","Dropkick"],"picked":"Choke","floor":0},{"not_picked":["Sentinel","Heavy Blade"],"picked":"Catalyst","floor":0},{"not_picked":["Havoc","Darkness"],"picked":"Quick Slash","floor":0},{"not_picked":["Blood for Blood","Cold Snap"],"picked":"Conserve Battery","floor":0},{"not_picked":["Turbo","Flying Knee"],"picked":"Rebound","floor":1},{"not_picked":["Entrench","Consume"],"picked":"Poisoned Stab","floor":2},{"not_picked":["Compile Driver","Malaise"],"picked":"Heavy Blade","floor":4},{"not_picked":["Spot Weakness","Dodge and Roll"],"picked":"Cloak And Dagger","floor":5},{"not_picked":["Hello World","Eviscerate"],"picked":"Backflip","floor":6},{"not_picked":["Sword Boomerang","Iron Wave"],"picked":"Bouncing Flask","floor":10},{"not_picked":["Warcry","Disarm"],"picked":"All Out Attack","floor":12},{"not_picked":["Pummel","Inflame"],"picked":"Skewer","floor":13},{"not_picked":["Prepared","Evolve+1","Clash"],"picked":"SKIP","floor":18},{"not_picked":["Static Discharge","Bane"],"picked":"Dagger Throw+1","floor":19},{"not_picked":["Fusion","Havoc"],"picked":"Leap","floor":20},{"not_picked":["Coolheaded","Dagger Throw","Headbutt"],"picked":"Singing Bowl","floor":25},{"not_picked":["Riddle With Holes+1","Dodge and Roll","Armaments"],"picked":"Singing Bowl","floor":29},{"not_picked":["Bloodletting+1","Stack"],"picked":"Ball Lightning","floor":30}],"player_experience":61503,"potions_floor_usage":[16,16,20,20,20,30,31],"damage_taken":[{"damage":4,"enemies":"Jaw Worm","floor":1,"turns":2},{"damage":6,"enemies":"Cultist","floor":2,"turns":3},{"damage":0,"enemies":"2 Louse","floor":4,"turns":2},{"damage":2,"enemies":"Exordium Thugs","floor":5,"turns":4},{"damage":16,"enemies":"Gremlin Nob","floor":6,"turns":4},{"damage":0,"enemies":"Blue Slaver","floor":10,"turns":2},{"damage":0,"enemies":"Large Slime","floor":12,"turns":3},{"damage":19,"enemies":"Exordium Thugs","floor":13,"turns":3},{"damage":59,"enemies":"The Guardian","floor":16,"turns":8},{"damage":3,"enemies":"Chosen","floor":18,"turns":3},{"damage":30,"enemies":"2 Thieves","floor":19,"turns":5},{"damage":34,"enemies":"Centurion and Healer","floor":20,"turns":6},{"damage":10,"enemies":"Snecko","floor":25,"turns":4},{"damage":10,"enemies":"Chosen and Byrds","floor":29,"turns":5},{"damage":15,"enemies":"Cultist and Chosen","floor":30,"turns":5},{"damage":82,"enemies":"Slaver and Parasite","floor":31,"turns":6}],"relics_obtained":[{"floor":6,"key":"Dodecahedron"},{"floor":9,"key":"Bottled Lightning"},{"floor":24,"key":"Singing Bowl"},{"floor":26,"key":"Mango"}],"event_choices":[{"event_name":"Golden Wing","player_choice":"Gained Gold","floor":3,"damage_taken":0},{"event_name":"Beggar","player_choice":"Gave Gold","floor":21,"damage_taken":0}],"boss_relics":[{"not_picked":["White Beast Statue","Black Star"],"picked":"Lizard Tail"}],"items_purged_floors":[],"is_endless":false,"potions_floor_spawned":[1,10,16,19,20,30],"seed_played":"-5599665574899098124","killed_by":"Slaver and Parasite","ascension_level":0,"potions_obtained":[{"floor":1,"key":"Dexterity Potion"},{"floor":10,"key":"Energy Potion"},{"floor":16,"key":"Explosive Potion"},{"floor":19,"key":"Strength Potion"},{"floor":20,"key":"Weak Potion"},{"floor":30,"key":"Strength Potion"}],"is_trial":true}