{"path_per_floor":["M","M","M","?","$","R","E","M","T","$","R","?","?","E","R"],"character_chosen":"IRONCLAD","items_purchased":["Pommel Strike"],"gold_per_floor":[119,133,148,148,46,46,81,93,117,17,17,92,92,133,133,133],"floor_reached":16,"campfire_rested":3,"playtime":586,"item_purchase_floors":[5],"current_hp_per_floor":[80,80,80,64,64,80,53,43,43,43,68,57,57,25,50,0],"items_purged":["Bash","Body Slam"],"gold":133,"score":108,"play_id":"683697e6-a1a1-44a2-8088-6a39830f1795","local_time":"20180621181602","is_prod":false,"is_daily":false,"chose_seed":false,"is_ascension_mode":false,"campfire_upgraded":0,"win_rate":0.0,"timestamp":1529619362,"campfire_choices":[{"floor":6,"key":"REST"},{"floor":11,"key":"REST"},{"floor":15,"key":"REST"}],"path_taken":["M","M","M","?","$","R","E","M","T","$","R","?","?","E","R","BOSS"],"build_version":"2018-06-14v2","seed_source_timestamp":926606054998,"purchased_purges":2,"victory":false,"master_deck":["Strike_R","Strike_R+1","Strike_R","Strike_R+1","Strike_R","Defend_R","Defend_R","Defend_R","Defend_R","Flame Barrier","Pommel Strike","Entrench","Ghostly Armor","Cleave","Injury"],"max_hp_per_floor":[80,80,80,80,80,80,85,85,85,85,85,85,85,85,85,85],"relics":["Burning Blood","NeowsBlessing","Juzu Bracelet","Dream Catcher","Golden Idol","Boot"],"card_choices":[{"not_picked":["Pummel","Armaments"],"picked":"Body Slam","floor":1},{"not_picked":["Combust","Whirlwind"],"picked":"Flame Barrier","floor":2},{"not_picked":["Flex","Cleave","Infernal Blade"],"picked":"SKIP","floor":3},{"not_picked":["Heavy Blade","Rupture"],"picked":"Entrench","floor":7},{"not_picked":["Body Slam","Second Wind"],"picked":"Ghostly Armor","floor":8},{"not_picked":["Heavy Blade","Evolve"],"picked":"Cleave","floor":11},{"not_picked":["Flex","Havoc","Bloodletting"],"picked":"SKIP","floor":14}],"player_experience":159000,"potions_floor_usage":[7,16],"damage_taken":[{"damage":0,"enemies":"Small Slimes","floor":1,"turns":1},{"damage":0,"enemies":"Jaw Worm","floor":2,"turns":1},{"damage":0,"enemies":"2 Louse","floor":3,"turns":1},{"damage":38,"enemies":"3 Sentries","floor":7,"turns":10},{"damage":16,"enemies":"Exordium Thugs","floor":8,"turns":6},{"damage":38,"enemies":"Gremlin Nob","floor":14,"turns":5},{"damage":54,"enemies":"Slime Boss","floor":16,"turns":9}],"relics_obtained":[{"floor":7,"key":"Juzu Bracelet"},{"floor":9,"key":"Dream Catcher"},{"floor":14,"key":"Boot"}],"event_choices":[{"event_name":"Shining Light","player_choice":"Entered Light","floor":4,"damage_taken":0},{"event_name":"World of Goop","player_choice":"Gather Gold","floor":12,"damage_taken":0},{"event_name":"Golden Idol","player_choice":"Take Wound","floor":13,"damage_taken":0}],"boss_relics":[],"items_purged_floors":[5,10],"is_endless":false,"potions_floor_spawned":[1,7,14],"seed_played":"-6676950436358826266","killed_by":"Slime Boss","ascension_level":0,"potions_obtained":[{"floor":1,"key":"Fruit Juice"},{"floor":7,"key":"LiquidBronze"},{"floor":14,"key":"SteroidPotion"}],"is_trial":false}