{"gold_per_floor":[113,113,127,141,141,141,155,180,180,180,214,214,226,243,243,344,344,356,372,293,293,304,304,316,331,400,400,420,420,438,449,449,449],"floor_reached":33,"playtime":1196,"items_purged":[],"score":263,"play_id":"f232bd14-0076-4964-9979-bbc13fb7a11b","local_time":"20190212101642","daily_mods":["Green Cards","Heirloom"],"is_ascension_mode":false,"campfire_choices":[{"floor":6,"key":"DIG"},{"floor":10,"key":"REST"},{"data":"Zap","floor":12,"key":"SMITH"},{"floor":15,"key":"REST"},{"floor":23,"key":"REST"},{"floor":27,"key":"REST"},{"floor":32,"key":"REST"}],"neow_cost":"","seed_source_timestamp":0,"circlet_count":0,"master_deck":["Strike_B","Strike_B","Strike_B","Strike_B","Defend_B","Defend_B","Defend_B","Zap+1","Dualcast","Cloak And Dagger","Masterful Stab","Rebound","Adrenaline","Static Discharge","Reboot","Conserve Battery","Rebound","Gash","Panacea","Ball Lightning"],"relics":["Cracked Core","Shovel","The Courier","Bronze Scales","Mercury Hourglass","Anchor","Sozu","Blue Candle"],"potions_floor_usage":[16,16,19,24],"damage_taken":[{"damage":0,"enemies":"Small Slimes","floor":1,"turns":3},{"damage":1,"enemies":"Cultist","floor":3,"turns":4},{"damage":5,"enemies":"Jaw Worm","floor":4,"turns":4},{"damage":3,"enemies":"2 Fungi Beasts","floor":7,"turns":3},{"damage":15,"enemies":"3 Sentries","floor":8,"turns":6},{"damage":30,"enemies":"Lagavulin","floor":11,"turns":5},{"damage":0,"enemies":"Blue Slaver","floor":13,"turns":2},{"damage":8,"enemies":"Exordium Thugs","floor":14,"turns":2},{"damage":44,"enemies":"The Guardian","floor":16,"turns":7},{"damage":0,"enemies":"Chosen","floor":18,"turns":4},{"damage":3,"enemies":"3 Byrds","floor":19,"turns":3},{"damage":29,"enemies":"Snake Plant","floor":22,"turns":3},{"damage":9,"enemies":"3 Cultists","floor":24,"turns":4},{"damage":16,"enemies":"Sentry and Sphere","floor":25,"turns":4},{"damage":13,"enemies":"Snake Plant","floor":28,"turns":4},{"damage":5,"enemies":"Chosen and Byrds","floor":30,"turns":5},{"damage":7,"enemies":"Shelled Parasite and Fungi","floor":31,"turns":4},{"damage":60,"enemies":"Collector","floor":33,"turns":4}],"seed_played":"-8660968515217971656","potions_obtained":[{"floor":7,"key":"Swift Potion"},{"floor":8,"key":"GamblersBrew"},{"floor":11,"key":"FearPotion"},{"floor":16,"key":"EssenceOfSteel"}],"is_trial":true,"path_per_floor":["M","?","M","M","?","R","M","E","T","R","E","R","M","M","R","B",null,"M","M","$","?","M","R","M","M","T","R","M","?","M","M","R","B"],"character_chosen":"DEFECT","items_purchased":["Conserve Battery","Rebound"],"campfire_rested":5,"item_purchase_floors":[20,20],"current_hp_per_floor":[75,75,74,69,74,74,71,56,56,80,50,50,50,42,66,22,80,80,77,77,77,48,72,63,47,47,71,58,42,37,30,54,0],"gold":449,"neow_bonus":"","is_prod":false,"is_daily":false,"chose_seed":false,"campfire_upgraded":1,"win_rate":0,"timestamp":1549984602,"path_taken":["M","?","M","?","?","R","M","E","T","R","E","R","M","M","R","BOSS","M","M","$","?","M","R","M","M","T","R","M","?","M","?","R","BOSS"],"build_version":"2019-01-23","purchased_purges":0,"victory":false,"max_hp_per_floor":[75,75,75,75,80,80,80,80,80,80,80,80,80,80,80,80,80,80,80,80,80,80,80,80,80,80,80,80,80,80,80,80,80],"card_choices":[{"not_picked":["Poisoned Stab","Slice"],"picked":"Cloak And Dagger","floor":1},{"not_picked":["Prepared","Stack","Deflect"],"picked":"SKIP","floor":3},{"not_picked":["Quick Slash","Steam Power"],"picked":"Masterful Stab","floor":4},{"not_picked":["Dagger Spray","Cold Snap","Reflex"],"picked":"SKIP","floor":7},{"not_picked":["Turbo","BootSequence"],"picked":"Rebound","floor":8},{"not_picked":["Catalyst","Storm"],"picked":"Adrenaline","floor":11},{"not_picked":["Deadly Poison","Blizzard","Leap"],"picked":"SKIP","floor":13},{"not_picked":["Dodge and Roll","Accuracy"],"picked":"Static Discharge","floor":14},{"not_picked":["Night Terror","Seek"],"picked":"Reboot","floor":16},{"not_picked":["Stack","Tempest","Sucker Punch"],"picked":"SKIP","floor":18},{"not_picked":["Backflip+1","Hello World","Catalyst+1"],"picked":"SKIP","floor":19},{"not_picked":["Beam Cell","Deadly Poison","Finisher+1"],"picked":"SKIP","floor":22},{"not_picked":["FTL","Streamline+1","Underhanded Strike"],"picked":"SKIP","floor":24},{"not_picked":["Dagger Throw+1","Stack+1","Chaos+1"],"picked":"SKIP","floor":25},{"not_picked":["Blizzard","Poisoned Stab","Reinforced Body"],"picked":"SKIP","floor":28},{"not_picked":["Consume","Corpse Explosion"],"picked":"Ball Lightning","floor":30},{"not_picked":["Undo","Redo","Blade Dance"],"picked":"SKIP","floor":31}],"player_experience":394893,"relics_obtained":[{"floor":6,"key":"The Courier"},{"floor":8,"key":"Bronze Scales"},{"floor":9,"key":"Mercury Hourglass"},{"floor":11,"key":"Anchor"},{"floor":26,"key":"Blue Candle"}],"event_choices":[{"cards_removed":["Defend_B"],"damage_healed":0,"gold_gain":0,"player_choice":"Purged","damage_taken":0,"max_hp_gain":0,"max_hp_loss":0,"event_name":"Purifier","floor":2,"gold_loss":0},{"damage_healed":0,"gold_gain":0,"player_choice":"Donut","damage_taken":0,"max_hp_gain":5,"max_hp_loss":0,"event_name":"Big Fish","floor":5,"gold_loss":0},{"damage_healed":0,"gold_gain":0,"player_choice":"Read","damage_taken":0,"max_hp_gain":0,"max_hp_loss":0,"event_name":"The Library","floor":21,"gold_loss":0,"cards_obtained":["Gash"]},{"damage_healed":0,"gold_gain":0,"player_choice":"CARD ","damage_taken":16,"max_hp_gain":0,"max_hp_loss":0,"event_name":"Knowing Skull","floor":29,"potions_obtained":[],"gold_loss":0,"cards_obtained":["Panacea"]}],"is_beta":false,"boss_relics":[{"not_picked":["Orrery","Ectoplasm"],"picked":"Sozu"}],"items_purged_floors":[],"is_endless":false,"potions_floor_spawned":[7,8,11,14,16,18,24,25,31],"killed_by":"Collector","ascension_level":0}