{"gold_per_floor":[114,114,70,70,89,89,123,123,123,123,7,7,7,25,25,102,102,122,141,66,66,85,85,85,85,112,142,142,57,32,51,51,51],"floor_reached":33,"playtime":1691,"items_purged":[],"score":558,"play_id":"3cc9f83e-cc77-49b1-ac30-c84b9ad0ff44","local_time":"20190313012119","is_ascension_mode":true,"campfire_choices":[{"data":"Deadly Poison","floor":6,"key":"SMITH"},{"data":"Venomology","floor":12,"key":"SMITH"},{"data":"Noxious Fumes","floor":15,"key":"SMITH"},{"data":"Bouncing Flask","floor":23,"key":"SMITH"},{"data":"Leg Sweep","floor":25,"key":"SMITH"},{"data":"Dash","floor":28,"key":"SMITH"},{"floor":32,"key":"REST"}],"neow_cost":"TEN_PERCENT_HP_LOSS","seed_source_timestamp":335946155871900,"circlet_count":0,"master_deck":["AscendersBane","Defend_G","Defend_G","Defend_G","Defend_G","Strike_G","Strike_G","Survivor","Neutralize","Venomology+1","Blade Dance","Sucker Punch","Riddle With Holes","Deadly Poison+1","Bouncing Flask+1","Leg Sweep+1","Noxious Fumes+1","Sucker Punch","Burst","Sucker Punch","Flying Knee","Dodge and Roll","Dash+1","Deflect","Bouncing Flask"],"relics":["Ring of the Snake","Potion Belt","Centennial Puzzle","FossilizedHelix","Eternal Feather","Omamori","Pen Nib","Singing Bowl"],"potions_floor_usage":[1,7,7,16,16,19,19,19,22,22,24,27,27,31,31,33],"damage_taken":[{"damage":4,"enemies":"Small Slimes","floor":1,"turns":3},{"damage":1,"enemies":"Cultist","floor":5,"turns":4},{"damage":19,"enemies":"3 Sentries","floor":7,"turns":11},{"damage":0,"enemies":"2 Louse","floor":14,"turns":3},{"damage":9,"enemies":"Hexaghost","floor":16,"turns":8},{"damage":0,"enemies":"Spheric Guardian","floor":18,"turns":3},{"damage":10,"enemies":"Shell Parasite","floor":19,"turns":6},{"damage":20,"enemies":"Cultist and Chosen","floor":22,"turns":7},{"damage":0,"enemies":"Slavers","floor":24,"turns":1},{"damage":37,"enemies":"Gremlin Leader","floor":27,"turns":6},{"damage":12,"enemies":"Snake Plant","floor":31,"turns":4},{"damage":63,"enemies":"Champ","floor":33,"turns":10}],"seed_played":"8898996411526267521","potions_obtained":[{"floor":7,"key":"FearPotion"},{"floor":14,"key":"GhostInAJar"},{"floor":18,"key":"SteroidPotion"},{"floor":31,"key":"GamblersBrew"}],"is_trial":false,"path_per_floor":["M","?","$","?","M","R","E","?","T","?","$","R","$","M","R","B",null,"M","M","?","$","M","R","E","R","T","E","R","?","$","M","R","B"],"character_chosen":"THE_SILENT","items_purchased":["Riddle With Holes","Leg Sweep","Noxious Fumes","Deflect"],"campfire_rested":1,"item_purchase_floors":[3,11,11,30],"current_hp_per_floor":[55,37,37,37,36,36,17,17,17,17,17,17,17,17,17,8,47,47,37,37,37,32,44,44,56,56,19,31,31,31,19,52,0],"gold":51,"neow_bonus":"TRANSFORM_TWO_CARDS","is_prod":false,"is_daily":false,"chose_seed":false,"campfire_upgraded":6,"win_rate":0,"timestamp":1552465279,"path_taken":["M","?","$","?","?","R","E","?","T","?","?","R","$","M","R","BOSS","M","M","?","$","M","R","E","R","T","E","R","?","$","M","R","BOSS"],"build_version":"2019-02-06","purchased_purges":0,"victory":false,"max_hp_per_floor":[60,60,60,60,60,60,60,60,60,60,60,60,60,60,60,60,60,60,60,60,60,60,60,60,60,60,60,60,60,60,60,60,60],"card_choices":[{"not_picked":["Poisoned Stab","Slice"],"picked":"Sucker Punch","floor":1},{"not_picked":["Quick Slash","Expertise"],"picked":"Deadly Poison","floor":5},{"not_picked":["Distraction","Blur"],"picked":"Bouncing Flask","floor":7},{"not_picked":["Flechettes","Underhanded Strike"],"picked":"Sucker Punch","floor":14},{"not_picked":["Night Terror","Die Die Die"],"picked":"Burst","floor":16},{"not_picked":["Outmaneuver","Cloak And Dagger"],"picked":"Sucker Punch","floor":18},{"not_picked":["Cloak And Dagger","Dagger Throw"],"picked":"Flying Knee","floor":19},{"not_picked":["Prepared","Dodge and Roll","Sucker Punch"],"picked":"SKIP","floor":22},{"not_picked":["Prepared","Sucker Punch"],"picked":"Dodge and Roll","floor":22},{"not_picked":["Flying Knee","Slice"],"picked":"Dash","floor":27},{"not_picked":["Acrobatics","Skewer"],"picked":"Bouncing Flask","floor":31}],"player_experience":3357624,"relics_obtained":[{"floor":7,"key":"Centennial Puzzle"},{"floor":9,"key":"FossilizedHelix"},{"floor":26,"key":"Omamori"},{"floor":27,"key":"Pen Nib"}],"event_choices":[{"damage_healed":0,"gold_gain":0,"player_choice":"Success","damage_taken":18,"relics_obtained":["Potion Belt"],"max_hp_gain":0,"max_hp_loss":0,"event_name":"Scrap Ooze","floor":2,"gold_loss":0},{"cards_removed":["Strike_G"],"damage_healed":0,"gold_gain":0,"player_choice":"Card Removal","damage_taken":0,"max_hp_gain":0,"max_hp_loss":0,"event_name":"Wheel of Change","floor":4,"gold_loss":0},{"damage_healed":0,"gold_gain":0,"player_choice":"Ignored","damage_taken":0,"max_hp_gain":0,"max_hp_loss":0,"event_name":"Shining Light","floor":8,"gold_loss":0},{"damage_healed":0,"gold_gain":0,"player_choice":"Ignored","damage_taken":0,"max_hp_gain":0,"max_hp_loss":0,"event_name":"Golden Wing","floor":10,"gold_loss":0},{"cards_removed":["Strike_G"],"damage_healed":0,"gold_gain":0,"player_choice":"Gave Gold","damage_taken":0,"max_hp_gain":0,"max_hp_loss":0,"event_name":"Beggar","floor":20,"gold_loss":75},{"damage_healed":0,"gold_gain":0,"player_choice":"Obtained Relic","damage_taken":0,"relics_obtained":["Singing Bowl"],"max_hp_gain":0,"max_hp_loss":0,"event_name":"Addict","floor":29,"gold_loss":85}],"is_beta":true,"boss_relics":[{"not_picked":["Velvet Choker","Astrolabe"],"picked":"Eternal Feather"}],"items_purged_floors":[],"is_endless":false,"potions_floor_spawned":[7,14,18,31],"killed_by":"Champ","ascension_level":20}