{"path_per_floor":["M","M","M","M","M","R","M","R","T","R","M","R","$","E","R"],"character_chosen":"IRONCLAD","items_purchased":[],"gold_per_floor":[114,129,144,159,174,174,189,189,189,189,204,204,129,159,159,159],"floor_reached":16,"campfire_rested":3,"playtime":2192,"item_purchase_floors":[],"current_hp_per_floor":[78,76,76,69,60,60,41,62,62,69,68,67,66,31,50,0],"items_purged":["Venomology"],"gold":159,"score":129,"play_id":"b9ffa08e-0445-4f94-9193-567c9692b9d9","local_time":"20180619223408","daily_mods":["Brewmaster","Time Dilation","Terminal"],"is_prod":false,"is_daily":true,"chose_seed":false,"is_ascension_mode":false,"campfire_upgraded":2,"win_rate":0.0,"timestamp":1529462048,"campfire_choices":[{"data":"Venomology","floor":6,"key":"SMITH"},{"floor":8,"key":"REST"},{"floor":10,"key":"REST"},{"data":"Blood for Blood","floor":12,"key":"SMITH"},{"floor":15,"key":"REST"}],"path_taken":["M","M","M","M","?","R","M","R","T","R","M","R","$","E","R","BOSS"],"build_version":"2018-06-14v2","seed_source_timestamp":351613314199001,"purchased_purges":1,"victory":false,"master_deck":["Strike_R","Strike_R","Strike_R","Strike_R","Strike_R","Defend_R","Defend_R","Defend_R","Defend_R","Bash","Venomology","Venomology","Venomology+1","Venomology","Shrug It Off","Combust","Blood for Blood+1","Perfected Strike"],"max_hp_per_floor":[78,77,76,75,74,73,72,71,70,69,68,67,66,65,64,64],"special_seed":17702,"relics":["Burning Blood","White Beast Statue","Bottled Flame","Turnip"],"card_choices":[{"not_picked":["Sword Boomerang","Fire Breathing"],"picked":"Shrug It Off","floor":1},{"not_picked":["Battle Trance","Dual Wield","Twin Strike"],"picked":"SKIP","floor":2},{"not_picked":["Clothesline","Bloodletting","Thunderclap"],"picked":"SKIP","floor":3},{"not_picked":["Bloodletting","Barricade","Twin Strike"],"picked":"SKIP","floor":4},{"not_picked":["Seeing Red","Sentinel"],"picked":"Combust","floor":5},{"not_picked":["Heavy Blade","True Grit","Sword Boomerang"],"picked":"SKIP","floor":7},{"not_picked":["Heavy Blade","Seeing Red"],"picked":"Blood for Blood","floor":11},{"not_picked":["Shrug It Off","Iron Wave"],"picked":"Perfected Strike","floor":14}],"player_experience":143602,"potions_floor_usage":[1,1,1,1,1,2,2,2,2,3,3,3,3,3,4,4,4,4,5,5,7,7,7,7,7,11,11,11,11,14,16,16,16,16],"damage_taken":[{"damage":0,"enemies":"Cultist","floor":1,"turns":4},{"damage":8,"enemies":"Jaw Worm","floor":2,"turns":6},{"damage":1,"enemies":"Small Slimes","floor":3,"turns":4},{"damage":13,"enemies":"Looter","floor":4,"turns":4},{"damage":15,"enemies":"2 Fungi Beasts","floor":5,"turns":5},{"damage":32,"enemies":"Exordium Thugs","floor":7,"turns":5},{"damage":6,"enemies":"Blue Slaver","floor":11,"turns":5},{"damage":41,"enemies":"Lagavulin","floor":14,"turns":6},{"damage":76,"enemies":"Hexaghost","floor":16,"turns":9}],"relics_obtained":[{"floor":9,"key":"Bottled Flame"},{"floor":14,"key":"Turnip"}],"event_choices":[],"boss_relics":[],"items_purged_floors":[13],"is_endless":false,"potions_floor_spawned":[1,2,3,4,5,7,11,14],"seed_played":"-8028192087519691","killed_by":"Hexaghost","ascension_level":0,"potions_obtained":[{"floor":1,"key":"GamblersBrew"},{"floor":2,"key":"Weak Potion"},{"floor":3,"key":"LiquidBronze"},{"floor":4,"key":"Poison Potion"},{"floor":7,"key":"SkillPotion"}],"is_trial":false}