{"gold_per_floor":[11,11,11,25,38,38,38,66,66,66,98,109,10,10],"floor_reached":14,"playtime":403,"items_purged":["Strike_G"],"score":103,"play_id":"a2b89c77-0f41-47f9-84ab-e0de636ee344","local_time":"20190417214607","is_ascension_mode":true,"campfire_choices":[{"floor":6,"key":"REST"},{"floor":10,"key":"REST"}],"neow_cost":"NO_GOLD","seed_source_timestamp":34107905752026,"circlet_count":0,"master_deck":["Defend_G","Defend_G","Defend_G","Defend_G","Defend_G","Strike_G","Strike_G","Strike_G","Strike_G","Survivor","Neutralize","Outmaneuver","Flying Knee","Dagger Throw","All Out Attack","Blade Dance"],"relics":["Ring of the Snake","Incense Burner","Tingsha","Dream Catcher"],"potions_floor_usage":[],"damage_taken":[{"damage":2,"enemies":"Small Slimes","floor":1,"turns":4},{"damage":8,"enemies":"2 Louse","floor":4,"turns":3},{"damage":11,"enemies":"Jaw Worm","floor":5,"turns":4},{"damage":60,"enemies":"3 Sentries","floor":8,"turns":14},{"damage":26,"enemies":"Gremlin Nob","floor":11,"turns":5},{"damage":3,"enemies":"3 Louse","floor":12,"turns":2},{"damage":23,"enemies":"Large Slime","floor":14,"turns":4}],"seed_played":"7476055388548475112","potions_obtained":[{"floor":4,"key":"Dexterity Potion"},{"floor":5,"key":"SteroidPotion"},{"floor":8,"key":"Swift Potion"}],"is_trial":false,"path_per_floor":["M","$","?","M","M","R","$","E","T","R","E","M","$","M"],"character_chosen":"THE_SILENT","items_purchased":["Blade Dance"],"campfire_rested":2,"item_purchase_floors":[13],"current_hp_per_floor":[82,82,82,74,63,84,84,24,24,49,23,20,20,0],"gold":10,"neow_bonus":"TWENTY_PERCENT_HP_BONUS","is_prod":false,"is_daily":false,"chose_seed":false,"campfire_upgraded":0,"win_rate":0,"timestamp":1555551967,"path_taken":["M","$","?","M","M","R","$","E","T","R","E","M","$","M"],"build_version":"2019-01-23","purchased_purges":1,"victory":false,"max_hp_per_floor":[84,84,84,84,84,84,84,84,84,84,84,84,84,84],"card_choices":[{"not_picked":["Blade Dance","Underhanded Strike","Prepared"],"picked":"SKIP","floor":1},{"not_picked":["Dagger Throw","Backflip"],"picked":"Outmaneuver","floor":4},{"not_picked":["PiercingWail","Dagger Spray"],"picked":"Flying Knee","floor":5},{"not_picked":["Footwork","Burst"],"picked":"Dagger Throw","floor":8},{"not_picked":["Quick Slash","Reflex"],"picked":"All Out Attack","floor":11},{"not_picked":["Dodge and Roll","Reflex","Acrobatics"],"picked":"SKIP","floor":12}],"player_experience":489793,"relics_obtained":[{"floor":8,"key":"Incense Burner"},{"floor":9,"key":"Tingsha"},{"floor":11,"key":"Dream Catcher"}],"event_choices":[{"damage_healed":0,"gold_gain":0,"player_choice":"Ignored","damage_taken":0,"max_hp_gain":0,"max_hp_loss":0,"event_name":"Liars Game","floor":3,"gold_loss":0}],"is_beta":false,"boss_relics":[],"items_purged_floors":[13],"is_endless":false,"potions_floor_spawned":[4,5,8,11,12],"killed_by":"Large Slime","ascension_level":1}