{"gold_per_floor":[20,20,33,45,45,45,72,72,72,84,84,410,410,423,423,500,500,514,531,30,48,61,61,87,87,166,8,19,19,50,50,50,128,128,143,143,153,153,173,173,188,188,188,208,219,239,239,271,271,271],"floor_reached":50,"playtime":4115,"items_purged":[],"score":1098,"play_id":"5007c23a-074d-4044-bcca-f2e0f12d6d49","local_time":"20190217125939","is_ascension_mode":true,"campfire_choices":[{"data":"Glass Knife","floor":6.0,"key":"SMITH"},{"data":"Noxious Fumes","floor":8.0,"key":"SMITH"},{"data":"Dagger Spray","floor":11.0,"key":"SMITH"},{"data":"Neutralize","floor":13.0,"key":"SMITH"},{"data":"Deflect","floor":15.0,"key":"SMITH"},{"floor":23.0,"key":"REST"},{"floor":25.0,"key":"REST"},{"floor":29.0,"key":"REST"},{"floor":32.0,"key":"REST"},{"floor":40,"key":"REST"},{"floor":47,"key":"REST"},{"floor":49,"key":"REST"}],"neow_cost":"NO_GOLD","seed_source_timestamp":82998789728400,"circlet_count":0,"master_deck":["AscendersBane","Survivor","Neutralize+1","Glass Knife+1","Noxious Fumes+1","Finisher","Dagger Spray+1","Dagger Throw","Predator","Deflect+1","Cloak And Dagger","Burst","Backflip","Deflect","Endless Agony","Dagger Spray","Cloak And Dagger","Backflip","Backstab","Shame","Malaise","Venomology","Backflip","Doppelganger","Flechettes","Deflect","Setup","Heel Hook","Dash","Skewer","Blur","Madness","Madness","Leg Sweep+1","Deflect","Neutralize","Prepared+1","Accuracy+1","Blur","Blade Dance+1","Dodge and Roll+1"],"special_seed":0,"relics":["Ring of the Snake","The Specimen","Bottled Lightning","Old Coin","Sozu","Oddly Smooth Stone","Ginger","Bag of Marbles","Kunai","Orichalcum","Dead Branch","Gambling Chip","Pandora\u0027s Box","Singing Bowl","PreservedInsect"],"potions_floor_usage":[],"damage_taken":[{"damage":0.0,"enemies":"Small Slimes","floor":1.0,"turns":2.0},{"damage":1.0,"enemies":"Cultist","floor":3.0,"turns":3.0},{"damage":2.0,"enemies":"2 Louse","floor":4.0,"turns":2.0},{"damage":12.0,"enemies":"Lagavulin","floor":7.0,"turns":7.0},{"damage":3.0,"enemies":"Looter","floor":10.0,"turns":2.0},{"damage":17.0,"enemies":"3 Sentries","floor":12.0,"turns":5.0},{"damage":8.0,"enemies":"Blue Slaver","floor":14.0,"turns":3.0},{"damage":25.0,"enemies":"The Guardian","floor":16.0,"turns":12.0},{"damage":5.0,"enemies":"Chosen","floor":18.0,"turns":5.0},{"damage":6.0,"enemies":"Spheric Guardian","floor":19.0,"turns":3.0},{"damage":2.0,"enemies":"Centurion and Healer","floor":21.0,"turns":5.0},{"damage":15.0,"enemies":"Snake Plant","floor":22.0,"turns":4.0},{"damage":44.0,"enemies":"Slavers","floor":24.0,"turns":5.0},{"damage":0.0,"enemies":"Chosen and Byrds","floor":28.0,"turns":3.0},{"damage":7.0,"enemies":"Gremlin Leader","floor":30.0,"turns":6.0},{"damage":18.0,"enemies":"Collector","floor":33.0,"turns":8.0},{"damage":0.0,"enemies":"3 Shapes","floor":35.0,"turns":1.0},{"damage":0.0,"enemies":"3 Darklings","floor":37.0,"turns":4.0},{"damage":38,"enemies":"Transient","floor":39,"turns":6},{"damage":22,"enemies":"Writhing Mass","floor":41,"turns":9},{"damage":0,"enemies":"Maw","floor":44,"turns":5},{"damage":2,"enemies":"Jaw Worm Horde","floor":45,"turns":6},{"damage":4,"enemies":"Sphere and 2 Shapes","floor":46,"turns":5},{"damage":11,"enemies":"Nemesis","floor":48,"turns":7},{"damage":41,"enemies":"Time Eater","floor":50,"turns":6}],"seed_played":"-2247574572361578242","potions_obtained":[{"floor":3.0,"key":"SteroidPotion"},{"floor":4.0,"key":"Regen Potion"},{"floor":12.0,"key":"Energy Potion"},{"floor":14.0,"key":"EssenceOfSteel"}],"is_trial":false,"path_per_floor":["M","?","M","M","?","R","E","R","T","M","R","E","R","M","R","B",null,"M","M","$","M","M","R","E","R","T","$","M","R","E","?","R","B",null,"M","?","M","?","M","R","M","?","T","M","M","M","R","E","R","B"],"character_chosen":"THE_SILENT","items_purchased":["Oddly Smooth Stone","Ginger","Orichalcum"],"campfire_rested":7,"item_purchase_floors":[20,20,27],"current_hp_per_floor":[59,59,58,56,61,61,63,63,63,60,60,43,43,35,35,10,56,51,45,45,43,28,49,5,26,26,26,26,47,40,40,61,43,64,64,51,51,51,13,34,12,12,12,12,10,6,27,18,39,0],"gold":271,"neow_bonus":"THREE_RARE_CARDS","is_prod":false,"is_daily":false,"chose_seed":false,"campfire_upgraded":5,"win_rate":0,"timestamp":1550437179,"path_taken":["M","?","M","?","?","R","E","R","T","M","R","E","R","M","R","BOSS","M","M","$","M","M","R","E","R","T","$","M","R","E","?","R","BOSS","M","?","M","?","M","R","?","?","T","M","M","M","R","E","R","BOSS"],"build_version":"2019-02-06","purchased_purges":0,"victory":false,"max_hp_per_floor":[66,66,66,66,71,71,71,71,71,71,71,71,71,71,71,71,71,71,71,71,71,71,71,71,71,71,71,71,71,71,71,71,71,71,71,71,71,71,71,71,71,71,71,71,71,71,71,73,73,73],"card_choices":[{"not_picked":["A Thousand Cuts","Phantasmal Killer"],"picked":"Glass Knife","floor":0.0},{"not_picked":["Flying Knee","Underhanded Strike"],"picked":"Noxious Fumes","floor":1.0},{"not_picked":["Underhanded Strike","Concentrate"],"picked":"Finisher","floor":3.0},{"not_picked":["Riddle With Holes","Outmaneuver"],"picked":"Dagger Spray","floor":4.0},{"not_picked":["Sucker Punch","Blade Dance"],"picked":"Dagger Throw","floor":7.0},{"not_picked":["Dodge and Roll","Flying Knee"],"picked":"Predator","floor":10.0},{"not_picked":["Doppelganger","Choke"],"picked":"Deflect","floor":12.0},{"not_picked":["Riddle With Holes","Blade Dance"],"picked":"Cloak And Dagger","floor":14.0},{"not_picked":["Die Die Die","Venomology"],"picked":"Burst","floor":16.0},{"not_picked":["Slice","Bouncing Flask"],"picked":"Backflip","floor":18.0},{"not_picked":["Flechettes","Slice"],"picked":"Deflect","floor":19.0},{"not_picked":["Accuracy","Eviscerate"],"picked":"Endless Agony","floor":21.0},{"not_picked":["Cloak And Dagger","Riddle With Holes"],"picked":"Dagger Spray","floor":22.0},{"not_picked":["Caltrops+1","Quick Slash"],"picked":"Cloak And Dagger","floor":24.0},{"not_picked":["Poisoned Stab","Underhanded Strike"],"picked":"Backflip","floor":28.0},{"not_picked":["Poisoned Stab","Burst"],"picked":"Backstab","floor":30.0},{"not_picked":["Die Die Die","Venomology"],"picked":"Malaise","floor":33.0},{"not_picked":["Dash","Backstab"],"picked":"Blur","floor":35.0},{"not_picked":["Dodge and Roll+1","Backflip"],"picked":"Leg Sweep+1","floor":37.0},{"not_picked":["Bane+1","Blade Dance"],"picked":"Prepared+1","floor":39},{"not_picked":["Noxious Fumes","Caltrops"],"picked":"Accuracy+1","floor":41},{"not_picked":["Bane","Reflex"],"picked":"Blur","floor":44},{"not_picked":["Flechettes","Poisoned Stab"],"picked":"Blade Dance+1","floor":45},{"not_picked":["PiercingWail","Flying Knee"],"picked":"Dodge and Roll+1","floor":46},{"not_picked":["Expertise","Infinite Blades","Masterful Stab"],"picked":"Singing Bowl","floor":48}],"player_experience":3279346,"relics_obtained":[{"floor":7.0,"key":"The Specimen"},{"floor":9.0,"key":"Bottled Lightning"},{"floor":12.0,"key":"Old Coin"},{"floor":24.0,"key":"Bag of Marbles"},{"floor":26.0,"key":"Kunai"},{"floor":30.0,"key":"Dead Branch"},{"floor":43,"key":"Singing Bowl"},{"floor":48,"key":"PreservedInsect"}],"event_choices":[{"damage_healed":0.0,"max_hp_gain":0.0,"max_hp_loss":0.0,"gold_gain":0.0,"cards_transformed":["Strike_G"],"event_name":"Transmorgrifier","player_choice":"Transformed","floor":2.0,"gold_loss":0.0,"damage_taken":0.0,"cards_obtained":["Slice"]},{"damage_healed":0.0,"max_hp_gain":5.0,"max_hp_loss":0.0,"gold_gain":0.0,"event_name":"Big Fish","player_choice":"Donut","floor":5.0,"gold_loss":0.0,"damage_taken":0.0},{"damage_healed":0.0,"max_hp_gain":0.0,"max_hp_loss":0.0,"gold_gain":0.0,"event_name":"Addict","player_choice":"Stole Relic","floor":31.0,"gold_loss":0.0,"damage_taken":0.0,"relics_obtained":["Gambling Chip"],"cards_obtained":["Shame"]},{"damage_healed":0.0,"max_hp_gain":0.0,"max_hp_loss":0.0,"gold_gain":0.0,"event_name":"Winding Halls","player_choice":"Embrace Madness","floor":36.0,"gold_loss":0.0,"damage_taken":13.0,"cards_obtained":["Madness","Madness"]},{"damage_healed":0.0,"max_hp_gain":0.0,"max_hp_loss":0.0,"gold_gain":0.0,"event_name":"Match and Keep!","player_choice":"2 cards matched","floor":38.0,"gold_loss":0.0,"damage_taken":0.0,"cards_obtained":["Deflect","Neutralize"]},{"cards_removed":["Slice"],"damage_healed":0,"gold_gain":0,"player_choice":"Removed Attack","damage_taken":0,"max_hp_gain":0,"max_hp_loss":0,"event_name":"Falling","floor":42,"gold_loss":0}],"is_beta":true,"boss_relics":[{"not_picked":["Black Star","Orrery"],"picked":"Sozu"},{"not_picked":["Runic Dome","Velvet Choker"],"picked":"Pandora\u0027s Box"}],"items_purged_floors":[],"is_endless":false,"potions_floor_spawned":[3,4,12,14,19,21,22,24,33,35,37,46,48],"killed_by":"Time Eater","ascension_level":20}