{"gold_per_floor":[119,136,86,96,106,106,133,133,133,133,166,228,228,228,228,228],"floor_reached":16,"playtime":1118,"items_purged":[],"score":108,"play_id":"04cdafc4-9bec-4500-acdc-842b22026e2d","local_time":"20190124140452","is_ascension_mode":false,"campfire_choices":[{"data":"Zap","floor":6,"key":"SMITH"},{"data":"Dualcast","floor":8,"key":"SMITH"},{"data":"Self Repair","floor":10,"key":"SMITH"},{"floor":13,"key":"REST"},{"data":"Glacier","floor":15,"key":"SMITH"}],"neow_cost":"NONE","seed_source_timestamp":4893812916685,"circlet_count":0,"master_deck":["Strike_B","Strike_B","Strike_B","Defend_B","Defend_B","Defend_B","Zap+1","Dualcast+1","Self Repair+1","Glacier+1"],"relics":["Cracked Core","Molten Egg 2","Pear","Orichalcum","WingedGreaves","Unceasing Top"],"potions_floor_usage":[],"damage_taken":[{"damage":1,"enemies":"Jaw Worm","floor":1,"turns":4},{"damage":1,"enemies":"2 Louse","floor":2,"turns":3},{"damage":0,"enemies":"Small Slimes","floor":4,"turns":2},{"damage":2,"enemies":"Exordium Wildlife","floor":5,"turns":4},{"damage":43,"enemies":"3 Sentries","floor":7,"turns":8},{"damage":17,"enemies":"Gremlin Nob","floor":11,"turns":4},{"damage":16,"enemies":"Lagavulin Event","floor":12,"turns":7},{"damage":59,"enemies":"Slime Boss","floor":16,"turns":11}],"seed_played":"-4100691496095426571","potions_obtained":[{"floor":2,"key":"Ancient Potion"},{"floor":12,"key":"GamblersBrew"}],"is_trial":false,"path_per_floor":["M","M","?","M","M","R","E","R","T","R","E","?","R","?","R","B"],"character_chosen":"DEFECT","items_purchased":[],"campfire_rested":1,"item_purchase_floors":[],"current_hp_per_floor":[74,73,73,73,75,75,39,39,49,49,42,36,61,54,54,0],"gold":228,"neow_bonus":"REMOVE_CARD","is_prod":false,"is_daily":false,"chose_seed":false,"campfire_upgraded":4,"win_rate":0.0,"timestamp":1548335092,"path_taken":["M","M","?","M","M","R","E","R","T","R","E","?","R","?","R","BOSS"],"build_version":"2019-01-23","purchased_purges":0,"victory":false,"max_hp_per_floor":[75,75,75,75,75,75,75,75,85,85,85,85,85,85,85,85],"card_choices":[{"not_picked":["Go for the Eyes","Steam","Streamline"],"picked":"SKIP","floor":1},{"not_picked":["Redo","Turbo","Leap"],"picked":"SKIP","floor":2},{"not_picked":["Go for the Eyes","Turbo"],"picked":"Self Repair","floor":4},{"not_picked":["Blizzard","Force Field","Storm"],"picked":"SKIP","floor":5},{"not_picked":["Conserve Battery","Gash","Redo"],"picked":"SKIP","floor":7},{"not_picked":["Streamline+1","Skim"],"picked":"Glacier","floor":11}],"player_experience":23490,"relics_obtained":[{"floor":7,"key":"Molten Egg 2"},{"floor":9,"key":"Pear"},{"floor":11,"key":"Orichalcum"},{"floor":12,"key":"WingedGreaves"}],"event_choices":[{"cards_removed":["Defend_B"],"damage_healed":0,"gold_gain":0,"player_choice":"Card Removal","damage_taken":0,"max_hp_gain":0,"max_hp_loss":0,"event_name":"The Cleric","floor":3,"gold_loss":50},{"damage_healed":0,"gold_gain":30,"player_choice":"Searched \u00273\u0027 times","damage_taken":0,"max_hp_gain":0,"max_hp_loss":0,"event_name":"Dead Adventurer","floor":12,"gold_loss":0},{"damage_healed":0,"gold_gain":0,"player_choice":"Success","damage_taken":7,"relics_obtained":["Unceasing Top"],"max_hp_gain":0,"max_hp_loss":0,"event_name":"Scrap Ooze","floor":14,"gold_loss":0}],"is_beta":false,"boss_relics":[],"items_purged_floors":[],"is_endless":false,"potions_floor_spawned":[2,12],"killed_by":"Slime Boss","ascension_level":0}