{"gold_per_floor":[109,126,126,138,138,138,158,174,252,285,285],"floor_reached":11,"playtime":461,"items_purged":[],"score":75,"play_id":"9da8526b-1981-488d-96ff-7c673b4409c7","local_time":"20190202205951","is_ascension_mode":false,"campfire_choices":[{"data":"Armaments","floor":6,"key":"SMITH"}],"neow_cost":"NONE","seed_source_timestamp":33195899802977,"circlet_count":0,"master_deck":["Strike_R","Strike_R","Strike_R","Strike_R","Strike_R","Defend_R","Defend_R","Defend_R","Defend_R","Bash","Armaments+1","Pommel Strike","Rampage","Battle Trance"],"relics":["Runic Cube","Shuriken","Thread and Needle"],"potions_floor_usage":[10],"damage_taken":[{"damage":5,"enemies":"Small Slimes","floor":1,"turns":3},{"damage":0,"enemies":"Jaw Worm","floor":2,"turns":6},{"damage":6,"enemies":"Cultist","floor":4,"turns":3},{"damage":15,"enemies":"Large Slime","floor":7,"turns":7},{"damage":23,"enemies":"Lots of Slimes","floor":8,"turns":4},{"damage":30,"enemies":"3 Sentries","floor":10,"turns":7},{"damage":9,"enemies":"Exordium Thugs","floor":11,"turns":1}],"seed_played":"2433103254514542541","potions_obtained":[{"floor":1,"key":"Ancient Potion"},{"floor":2,"key":"AttackPotion"},{"floor":10,"key":"AttackPotion"}],"is_trial":false,"path_per_floor":["M","M","?","M","?","R","M","M","T","E","M"],"character_chosen":"IRONCLAD","items_purchased":[],"campfire_rested":0,"item_purchase_floors":[],"current_hp_per_floor":[75,75,75,69,69,69,54,31,31,1,0],"gold":285,"neow_bonus":"BOSS_RELIC","is_prod":false,"is_daily":false,"chose_seed":false,"campfire_upgraded":1,"win_rate":0.0,"timestamp":1549159191,"path_taken":["M","M","?","M","?","R","M","M","T","E","M"],"build_version":"2019-01-23","purchased_purges":0,"victory":false,"max_hp_per_floor":[80,80,80,80,80,80,80,80,80,80,80],"card_choices":[{"not_picked":["Entrench","Clothesline"],"picked":"Armaments","floor":1},{"not_picked":["Anger","Uppercut"],"picked":"Pommel Strike","floor":2},{"not_picked":["Iron Wave","Second Wind"],"picked":"Rampage","floor":4},{"not_picked":["Bludgeon","True Grit"],"picked":"Battle Trance","floor":7},{"not_picked":["Flame Barrier","Anger","Feel No Pain"],"picked":"SKIP","floor":8},{"not_picked":["Battle Trance","Anger","Evolve"],"picked":"SKIP","floor":10}],"player_experience":331424,"relics_obtained":[{"floor":9,"key":"Shuriken"},{"floor":10,"key":"Thread and Needle"}],"event_choices":[{"damage_healed":0,"gold_gain":0,"player_choice":"Fled","damage_taken":0,"max_hp_gain":0,"max_hp_loss":0,"event_name":"Scrap Ooze","floor":3,"gold_loss":0},{"damage_healed":0,"gold_gain":0,"player_choice":"Ignored","damage_taken":0,"max_hp_gain":0,"max_hp_loss":0,"event_name":"Liars Game","floor":5,"gold_loss":0}],"is_beta":false,"boss_relics":[],"items_purged_floors":[],"is_endless":false,"potions_floor_spawned":[1,2,10],"killed_by":"Exordium Thugs","ascension_level":0}