{"gold_per_floor":[217,227,119,194,45,45,64,64,64,96,96,114,114,125,125,229,229,242,242,242,259,259,259,290,290,290,290,347,367,189,209,209,309,309,327,175,190,41,58,58,58,85,109,154,154,180,180,191,191,191],"floor_reached":51,"playtime":1361,"items_purged":["Strike_R","Strike_R","Strike_R+1"],"score":766,"play_id":"4711b2e8-b911-4c69-bf5e-f26e10905088","local_time":"20190415222207","is_ascension_mode":false,"campfire_choices":[{"data":"Inflame","floor":6,"key":"SMITH"},{"data":"Bash","floor":8,"key":"SMITH"},{"data":"Limit Break","floor":11,"key":"SMITH"},{"data":"Sword Boomerang","floor":13,"key":"SMITH"},{"data":"Heavy Blade","floor":15,"key":"SMITH"},{"data":"Metallicize","floor":23,"key":"SMITH"},{"data":"Offering","floor":25,"key":"SMITH"},{"floor":32,"key":"REST"},{"floor":40,"key":"REST"},{"floor":45,"key":"REST"},{"floor":47,"key":"REST"},{"floor":49,"key":"RECALL"}],"neow_cost":"NONE","seed_source_timestamp":29647533694280,"circlet_count":0,"master_deck":["Strike_R+1","Strike_R+1","Defend_R+1","Defend_R+1","Defend_R+1","Defend_R+1","Bash+1","Inflame+1","Sword Boomerang+1","Battle Trance","Twin Strike","Limit Break+1","Heavy Blade+1","Offering+1","Shockwave","Clothesline+1","Flex","Whirlwind","Sword Boomerang+1","Limit Break"],"relics":["Burning Blood","Self Forming Clay","Pantograph","Velvet Choker","Regal Pillow","Nloth\u0027s Gift","Tiny Chest","Fusion Hammer","Bag of Preparation","Bag of Marbles","FossilizedHelix","Potion Belt","Bird Faced Urn","Blood Vial"],"potions_floor_usage":[14,16,16,24,28,42,50,50,50],"damage_taken":[{"damage":1,"enemies":"Cultist","floor":1,"turns":3},{"damage":0,"enemies":"Small Slimes","floor":2,"turns":3},{"damage":1,"enemies":"Jaw Worm","floor":7,"turns":3},{"damage":20,"enemies":"Lagavulin","floor":10,"turns":3},{"damage":10,"enemies":"2 Fungi Beasts","floor":12,"turns":3},{"damage":16,"enemies":"Gremlin Gang","floor":14,"turns":4},{"damage":27,"enemies":"Hexaghost","floor":16,"turns":5},{"damage":18,"enemies":"2 Thieves","floor":18,"turns":3},{"damage":6,"enemies":"Chosen","floor":21,"turns":3},{"damage":15,"enemies":"Book of Stabbing","floor":24,"turns":4},{"damage":26,"enemies":"Slavers","floor":28,"turns":4},{"damage":11,"enemies":"Snake Plant","floor":29,"turns":3},{"damage":14,"enemies":"Centurion and Healer","floor":31,"turns":4},{"damage":28,"enemies":"Collector","floor":33,"turns":7},{"damage":16,"enemies":"3 Darklings","floor":35,"turns":3},{"damage":0,"enemies":"Orb Walker","floor":37,"turns":2},{"damage":17,"enemies":"Spire Growth","floor":39,"turns":3},{"damage":26,"enemies":"Nemesis","floor":42,"turns":4},{"damage":15,"enemies":"2 Orb Walkers","floor":44,"turns":2},{"damage":1,"enemies":"Giant Head","floor":46,"turns":4},{"damage":6,"enemies":"Transient","floor":48,"turns":5},{"damage":28,"enemies":"Time Eater","floor":50,"turns":5}],"seed_played":"-7642635785777153495","potions_obtained":[{"floor":1,"key":"SpeedPotion"},{"floor":7,"key":"Dexterity Potion"},{"floor":12,"key":"Poison Potion"},{"floor":14,"key":"Energy Potion"},{"floor":18,"key":"Poison Potion"},{"floor":24,"key":"SkillPotion"},{"floor":28,"key":"EssenceOfSteel"},{"floor":33,"key":"PowerPotion"},{"floor":39,"key":"SmokeBomb"},{"floor":44,"key":"Strength Potion"},{"floor":46,"key":"PowerPotion"}],"is_trial":false,"path_per_floor":["M","M","$","?","$","R","M","R","T","E","R","M","R","M","R","B",null,"M","?","?","M","?","R","E","R","T","?","E","M","$","M","R","B",null,"M","$","M","$","M","R","?","E","T","?","R","E","R","M","R","B",null],"character_chosen":"IRONCLAD","items_purchased":["Battle Trance","Twin Strike","Flex","Bag of Preparation","Bag of Marbles"],"campfire_rested":4,"item_purchase_floors":[3,5,30,36,38],"current_hp_per_floor":[80,80,80,72,72,72,77,77,77,63,63,59,59,49,49,53,80,68,68,68,68,68,68,59,59,59,59,39,34,34,26,65,58,80,70,70,76,76,65,80,80,60,60,51,80,80,80,80,80,58],"gold":191,"neow_bonus":"HUNDRED_GOLD","is_prod":false,"is_daily":false,"chose_seed":false,"campfire_upgraded":7,"win_rate":0,"timestamp":1555388527,"path_taken":["M","?","$","?","$","R","M","R","T","E","R","M","R","?","R","BOSS","M","?","?","M","?","R","E","R","T","?","E","M","$","M","R","BOSS","M","$","M","$","?","R","?","E","T","?","R","E","R","M","R","BOSS"],"build_version":"2019-01-23","purchased_purges":3,"victory":true,"max_hp_per_floor":[80,80,80,80,80,80,80,80,80,80,80,80,80,80,80,80,80,80,80,80,80,80,80,80,80,80,80,80,80,80,80,80,80,80,80,80,80,80,80,80,80,80,80,80,80,80,80,80,80,80],"card_choices":[{"not_picked":["Clash","Headbutt"],"picked":"Inflame","floor":1},{"not_picked":["Warcry","Rage"],"picked":"Sword Boomerang","floor":2},{"not_picked":["Rage","Bloodletting","Entrench"],"picked":"SKIP","floor":7},{"not_picked":["Infernal Blade","Perfected Strike"],"picked":"Limit Break","floor":10},{"not_picked":["Feel No Pain","Body Slam","Seeing Red"],"picked":"SKIP","floor":12},{"not_picked":["Clash","Pommel Strike"],"picked":"Heavy Blade","floor":14},{"not_picked":["Exhume","Feed"],"picked":"Offering","floor":16},{"not_picked":["Burning Pact","Armaments"],"picked":"Shockwave","floor":18},{"not_picked":["Anger+1","Reckless Charge"],"picked":"Clothesline+1","floor":21},{"not_picked":["Heavy Blade","Anger","Iron Wave"],"picked":"SKIP","floor":24},{"not_picked":["Fiend Fire","Pommel Strike","Dark Embrace"],"picked":"SKIP","floor":28},{"not_picked":["Battle Trance","Shrug It Off","Fire Breathing"],"picked":"SKIP","floor":29},{"not_picked":["Thunderclap","Immolate"],"picked":"Whirlwind","floor":31},{"not_picked":["Body Slam+1","Twin Strike"],"picked":"Sword Boomerang+1","floor":35},{"not_picked":["Perfected Strike+1","Sword Boomerang","Burning Pact"],"picked":"SKIP","floor":37},{"not_picked":["Evolve+1","Impervious","Anger+1"],"picked":"SKIP","floor":39},{"not_picked":["Cleave","Iron Wave"],"picked":"Limit Break","floor":42},{"not_picked":["Clothesline","Thunderclap","Reckless Charge"],"picked":"SKIP","floor":46},{"not_picked":["Pummel","Reaper","Power Through"],"picked":"SKIP","floor":48}],"player_experience":1228623,"relics_obtained":[{"floor":9,"key":"Self Forming Clay"},{"floor":10,"key":"Pantograph"},{"floor":24,"key":"Regal Pillow"},{"floor":26,"key":"Nunchaku"},{"floor":28,"key":"Tiny Chest"},{"floor":42,"key":"FossilizedHelix"},{"floor":43,"key":"Potion Belt"},{"floor":44,"key":"Bird Faced Urn"},{"floor":46,"key":"Blood Vial"}],"event_choices":[{"damage_healed":0,"gold_gain":75,"player_choice":"Touch","damage_taken":8,"max_hp_gain":0,"max_hp_loss":0,"event_name":"FaceTrader","floor":4,"gold_loss":0},{"damage_healed":0,"gold_gain":0,"player_choice":"Ignored","damage_taken":0,"max_hp_gain":0,"max_hp_loss":0,"event_name":"Ghosts","floor":19,"gold_loss":0},{"damage_healed":0,"gold_gain":0,"player_choice":"Read","damage_taken":0,"max_hp_gain":0,"max_hp_loss":0,"event_name":"The Library","floor":20,"gold_loss":0,"cards_obtained":["Metallicize"]},{"damage_healed":0,"gold_gain":0,"player_choice":"Simplicity","damage_taken":0,"max_hp_gain":0,"max_hp_loss":0,"event_name":"Back to Basics","floor":22,"gold_loss":0,"cards_upgraded":["Strike_R","Strike_R","Strike_R","Defend_R","Defend_R","Defend_R","Defend_R"]},{"damage_healed":0,"gold_gain":0,"player_choice":"Traded Relic","damage_taken":0,"relics_obtained":["Nloth\u0027s Gift"],"max_hp_gain":0,"max_hp_loss":0,"event_name":"N\u0027loth","floor":27,"relics_lost":["Nunchaku"],"gold_loss":0},{"cards_removed":["Metallicize"],"damage_healed":0,"gold_gain":0,"player_choice":"Removed Power","damage_taken":0,"max_hp_gain":0,"max_hp_loss":0,"event_name":"Falling","floor":41,"gold_loss":0},{"damage_healed":0,"gold_gain":0,"player_choice":"Fight","damage_taken":0,"max_hp_gain":0,"max_hp_loss":0,"event_name":"Mysterious Sphere","floor":44,"gold_loss":0}],"is_beta":false,"boss_relics":[{"not_picked":["Ectoplasm","Calling Bell"],"picked":"Velvet Choker"},{"not_picked":["White Beast Statue","Runic Cube"],"picked":"Fusion Hammer"}],"items_purged_floors":[3,5,30],"is_endless":false,"potions_floor_spawned":[1,7,12,14,18,24,28,33,35,39,44,46],"ascension_level":0}