{"gold_per_floor":[117,133,145,155,120,120,152,152,234,263,263],"floor_reached":11,"playtime":8186,"items_purged":[],"score":95,"play_id":"2b6fb55e-bba9-4582-92da-815439d29e3d","local_time":"20190314164047","is_ascension_mode":true,"campfire_choices":[{"data":"Berserk","floor":6,"key":"SMITH"},{"data":"Armaments","floor":8,"key":"SMITH"}],"neow_cost":"CURSE","seed_source_timestamp":66092304027765,"circlet_count":0,"master_deck":["Strike_R","Strike_R","Strike_R","Defend_R","Defend_R","Defend_R","Defend_R","Bash","Clumsy","Feel No Pain","Berserk+1","Anger","Spot Weakness","Pommel Strike","Dark Embrace","Armaments+1","Shockwave"],"relics":["Burning Blood","Nunchaku","Meat on the Bone","PreservedInsect"],"potions_floor_usage":[10,10],"damage_taken":[{"damage":19,"enemies":"Cultist","floor":1,"turns":4},{"damage":9,"enemies":"Small Slimes","floor":2,"turns":4},{"damage":18,"enemies":"Jaw Worm","floor":3,"turns":4},{"damage":15,"enemies":"Exordium Wildlife","floor":4,"turns":3},{"damage":47,"enemies":"Lagavulin","floor":7,"turns":6},{"damage":20,"enemies":"3 Sentries","floor":10,"turns":7},{"damage":27,"enemies":"3 Louse","floor":11,"turns":2}],"seed_played":"2711278410146756847","potions_obtained":[{"floor":1,"key":"Explosive Potion"},{"floor":3,"key":"Ancient Potion"}],"is_trial":false,"path_per_floor":["M","M","M","M","?","R","E","R","T","E","M"],"character_chosen":"IRONCLAD","items_purchased":[],"campfire_rested":0,"item_purchase_floors":[],"current_hp_per_floor":[67,64,52,43,63,63,22,22,22,20,0],"gold":263,"neow_bonus":"TRANSFORM_TWO_CARDS","is_prod":false,"is_daily":false,"chose_seed":false,"campfire_upgraded":2,"win_rate":0,"timestamp":1552596047,"path_taken":["M","M","M","?","?","R","E","R","T","E","M"],"build_version":"2019-01-23","purchased_purges":0,"victory":false,"max_hp_per_floor":[80,80,80,80,80,80,80,80,80,80,80],"card_choices":[{"not_picked":["Warcry","Sword Boomerang"],"picked":"Anger","floor":1},{"not_picked":["Flex","Rupture"],"picked":"Spot Weakness","floor":2},{"not_picked":["Dual Wield","Dropkick"],"picked":"Pommel Strike","floor":3},{"not_picked":["Iron Wave","Thunderclap"],"picked":"Dark Embrace","floor":4},{"not_picked":["True Grit","Limit Break"],"picked":"Armaments","floor":7},{"not_picked":["Clash","Blood for Blood"],"picked":"Shockwave","floor":10}],"player_experience":131178,"relics_obtained":[{"floor":7,"key":"Nunchaku"},{"floor":9,"key":"Meat on the Bone"},{"floor":10,"key":"PreservedInsect"}],"event_choices":[{"damage_healed":20,"gold_gain":0,"player_choice":"Healed","damage_taken":0,"max_hp_gain":0,"max_hp_loss":0,"event_name":"The Cleric","floor":5,"gold_loss":35}],"is_beta":false,"boss_relics":[],"items_purged_floors":[],"is_endless":false,"potions_floor_spawned":[1,3],"killed_by":"3 Louse","ascension_level":3}