{"gold_per_floor":[119,119,131,144,154,154,168,168,168,188,61,61,71,21,21,120,120,75,75,75,75,75],"floor_reached":22,"playtime":925,"items_purged":["Strike_B"],"score":180,"play_id":"66a35d92-c695-4d28-b97e-411933d9123e","local_time":"20180723202759","is_ascension_mode":false,"campfire_choices":[{"data":"Fusion","floor":6,"key":"SMITH"},{"data":"Zap","floor":8,"key":"SMITH"},{"floor":15,"key":"REST"}],"neow_cost":"NONE","seed_source_timestamp":478521880398394,"circlet_count":0,"master_deck":["Strike_B","Defend_B","Defend_B","Defend_B","Defend_B","Zap+1","Dualcast","Ball Lightning","Go for the Eyes","Fusion+1","Gash","Streamline","Ball Lightning","Gash","Biased Cognition","Melter+1","Streamline"],"relics":["Sozu","Shovel","Turnip","Ectoplasm"],"potions_floor_usage":[],"damage_taken":[{"damage":0,"enemies":"2 Louse","floor":1,"turns":3},{"damage":6,"enemies":"Jaw Worm","floor":3,"turns":2},{"damage":5,"enemies":"Small Slimes","floor":4,"turns":3},{"damage":0,"enemies":"Looter","floor":5,"turns":3},{"damage":11,"enemies":"Gremlin Gang","floor":7,"turns":5},{"damage":4,"enemies":"2 Fungi Beasts","floor":10,"turns":3},{"damage":15,"enemies":"Large Slime","floor":13,"turns":4},{"damage":29,"enemies":"Hexaghost","floor":16,"turns":9},{"damage":20,"enemies":"2 Thieves","floor":18,"turns":4},{"damage":15,"enemies":"3 Byrds","floor":20,"turns":5},{"damage":28,"enemies":"Centurion and Healer","floor":21,"turns":5},{"damage":12,"enemies":"3 Cultists","floor":22,"turns":2}],"seed_played":"4089102233015364969","potions_obtained":[],"is_trial":false,"path_per_floor":["M","?","M","M","M","R","M","R","T","M","$","?","M","?","R","B",null,"M","?","M","M"],"character_chosen":"DEFECT","items_purchased":["Gash"],"campfire_rested":1,"item_purchase_floors":[11],"current_hp_per_floor":[75,72,66,61,61,61,50,50,50,46,46,46,31,31,53,24,75,55,55,40,12,0],"gold":75,"neow_bonus":"BOSS_RELIC","is_prod":false,"is_daily":false,"chose_seed":false,"campfire_upgraded":2,"win_rate":0.0,"timestamp":1532392079,"path_taken":["M","?","M","M","M","R","M","R","T","M","$","?","M","?","R","BOSS","M","?","M","M","M"],"build_version":"2018-07-19v2","purchased_purges":1,"victory":false,"max_hp_per_floor":[75,75,75,75,75,75,75,75,75,75,75,75,75,75,75,75,75,75,75,75,75,75],"card_choices":[{"not_picked":["Aggregate","Beam Cell"],"picked":"Ball Lightning","floor":1},{"not_picked":["Blizzard","Compile Driver"],"picked":"Go for the Eyes","floor":3},{"not_picked":["Reprogram","Static Discharge"],"picked":"Fusion","floor":4},{"not_picked":["White Noise","Genetic Algorithm"],"picked":"Gash","floor":5},{"not_picked":["Scrape","Leap"],"picked":"Streamline","floor":7},{"not_picked":["Streamline","Beam Cell"],"picked":"Ball Lightning","floor":10},{"not_picked":["Steam Power","Recycle","Steam"],"picked":"SKIP","floor":13},{"not_picked":["Amplify","All For One"],"picked":"Biased Cognition","floor":16},{"not_picked":["Coolheaded+1","Skim","Heatsinks"],"picked":"SKIP","floor":18},{"not_picked":["Doom and Gloom","Heatsinks"],"picked":"Melter+1","floor":20},{"not_picked":["Darkness","BootSequence"],"picked":"Streamline","floor":21}],"player_experience":292271,"relics_obtained":[{"floor":9,"key":"Turnip"}],"event_choices":[{"event_name":"Scrap Ooze","player_choice":"success","floor":2,"damage_taken":3},{"event_name":"Purifier","player_choice":"One Purge","floor":12,"damage_taken":0},{"event_name":"The Cleric","player_choice":"Card Removal","floor":14,"damage_taken":0},{"event_name":"Vampires","player_choice":"Ignored","floor":19,"damage_taken":0}],"is_beta":false,"boss_relics":[{"not_picked":["Tiny House","White Beast Statue"],"picked":"Ectoplasm"}],"items_purged_floors":[11],"is_endless":false,"potions_floor_spawned":[1,10,13,16,18,20],"killed_by":"3 Cultists","ascension_level":0}