{"gold_per_floor":[113,67,17,17,31,31,66,66,66,97,120,120,164,164],"floor_reached":14,"playtime":547,"items_purged":[],"score":127,"play_id":"d40f217d-beb7-49cf-9fc9-368e979fca71","local_time":"20190415211218","is_ascension_mode":true,"campfire_choices":[{"data":"Body Slam","floor":6.0,"key":"SMITH"},{"data":"Bludgeon","floor":8.0,"key":"SMITH"}],"neow_cost":"NONE","seed_source_timestamp":0,"circlet_count":0,"master_deck":["Strike_R","Strike_R","Strike_R","Strike_R","Defend_R","Defend_R","Defend_R","Defend_R","Bash","Headbutt","Ghostly Armor","Body Slam+1","Cleave","Bludgeon+1","Shrug It Off+1","Double Tap+1"],"special_seed":0,"relics":["Burning Blood","Golden Idol","Toxic Egg 2","The Courier","Smiling Mask","Question Card","Shuriken"],"potions_floor_usage":[],"damage_taken":[{"damage":6.0,"enemies":"Cultist","floor":1.0,"turns":3.0},{"damage":0.0,"enemies":"Small Slimes","floor":5.0,"turns":3.0},{"damage":25.0,"enemies":"3 Sentries","floor":7.0,"turns":9.0},{"damage":32.0,"enemies":"Gremlin Nob","floor":10.0,"turns":4.0},{"damage":0.0,"enemies":"Jaw Worm","floor":11.0,"turns":1.0},{"damage":24,"enemies":"Lagavulin","floor":13,"turns":5},{"damage":17,"enemies":"Exordium Wildlife","floor":14,"turns":1}],"seed_played":"-6650916103390297317","potions_obtained":[{"floor":1.0,"key":"SkillPotion"},{"floor":7.0,"key":"Fire Potion"},{"floor":10.0,"key":"FearPotion"}],"is_trial":false,"path_per_floor":["M","$","?","?","M","R","E","R","T","E","M","T","E","M"],"character_chosen":"IRONCLAD","items_purchased":["Body Slam"],"campfire_rested":0,"item_purchase_floors":[2],"current_hp_per_floor":[80,80,80,60,66,66,47,47,47,21,27,27,9,0],"gold":164,"neow_bonus":"THREE_CARDS","is_prod":false,"is_daily":false,"chose_seed":false,"campfire_upgraded":2,"win_rate":0,"timestamp":1555377138,"path_taken":["M","$","?","?","M","R","E","R","T","E","M","?","E","M"],"build_version":"2019-01-23","purchased_purges":0,"victory":false,"max_hp_per_floor":[80,80,80,80,80,80,80,80,80,80,80,80,80,80],"card_choices":[{"not_picked":["Whirlwind","Second Wind"],"picked":"Headbutt","floor":0.0},{"not_picked":["Body Slam","Perfected Strike"],"picked":"Ghostly Armor","floor":1.0},{"not_picked":["Hemokinesis","Havoc"],"picked":"Cleave","floor":5.0},{"not_picked":["Body Slam","Anger"],"picked":"Bludgeon","floor":7.0},{"not_picked":["Havoc+1","Pommel Strike","Burning Pact+1"],"picked":"SKIP","floor":10.0},{"not_picked":["Havoc+1","Iron Wave"],"picked":"Shrug It Off+1","floor":11},{"not_picked":["Impervious+1","Power Through+1","Carnage"],"picked":"Double Tap+1","floor":13}],"player_experience":258350,"relics_obtained":[{"floor":7.0,"key":"Toxic Egg 2"},{"floor":9.0,"key":"The Courier"},{"floor":10.0,"key":"Smiling Mask"},{"floor":12,"key":"Question Card"},{"floor":13,"key":"Shuriken"}],"event_choices":[{"cards_removed":["Strike_R"],"damage_healed":0.0,"max_hp_gain":0.0,"max_hp_loss":0.0,"gold_gain":0.0,"event_name":"The Cleric","player_choice":"Card Removal","floor":3.0,"gold_loss":50.0,"damage_taken":0.0},{"damage_healed":0.0,"max_hp_gain":0.0,"max_hp_loss":0.0,"gold_gain":0.0,"event_name":"Golden Idol","player_choice":"Take Damage","floor":4.0,"gold_loss":0.0,"damage_taken":20.0,"relics_obtained":["Golden Idol"]}],"is_beta":false,"boss_relics":[],"items_purged_floors":[],"is_endless":false,"potions_floor_spawned":[1,7,10],"killed_by":"Exordium Wildlife","ascension_level":4}