{"gold_per_floor":[99,99,64,64,64,64,64,64,64,64,64,4,4,4,4,4,4,0,0,0],"floor_reached":20,"playtime":950,"items_purged":[],"score":365,"play_id":"bcce9a1d-e3d0-4551-a4a4-910744fa2286","local_time":"20190303210924","is_ascension_mode":true,"campfire_choices":[{"floor":7,"key":"REST"},{"floor":15,"key":"REST"}],"neow_cost":"NONE","seed_source_timestamp":561163116671577,"circlet_count":0,"master_deck":["AscendersBane","Strike_R","Strike_R","Strike_R+1","Strike_R","Strike_R","Defend_R+1","Defend_R","Defend_R","Defend_R+1","Bash","Headbutt","Sword Boomerang+1","Body Slam","Armaments","Sword Boomerang","Armaments","Flex","Pommel Strike","Reaper","Inflame","Decay"],"relics":["Ectoplasm","War Paint","PreservedInsect","Bronze Scales","Champion Belt","Ancient Tea Set","Runic Cube"],"potions_floor_usage":[14,16,16],"damage_taken":[{"damage":12,"enemies":"Small Slimes","floor":1,"turns":4},{"damage":1,"enemies":"2 Louse","floor":2,"turns":3},{"damage":1,"enemies":"Cultist","floor":4,"turns":3},{"damage":32,"enemies":"Gremlin Nob","floor":6,"turns":4},{"damage":5,"enemies":"Large Slime","floor":8,"turns":5},{"damage":2,"enemies":"3 Sentries","floor":10,"turns":5},{"damage":7,"enemies":"2 Fungi Beasts","floor":13,"turns":3},{"damage":6,"enemies":"Gremlin Nob","floor":14,"turns":3},{"damage":28,"enemies":"The Guardian","floor":16,"turns":10},{"damage":17,"enemies":"2 Thieves","floor":18,"turns":4},{"damage":46,"enemies":"Colosseum Slavers","floor":20,"turns":4},{"damage":46,"enemies":"Colosseum Nobs","floor":20,"turns":3}],"seed_played":"4678929349642727043","potions_obtained":[{"floor":1,"key":"SkillPotion"},{"floor":8,"key":"SpeedPotion"},{"floor":10,"key":"Swift Potion"},{"floor":14,"key":"AttackPotion"}],"is_trial":false,"path_per_floor":["M","M","?","M","?","E","R","M","T","E","?","?","M","E","R","B",null,"M","?","?"],"character_chosen":"IRONCLAD","items_purchased":[],"campfire_rested":2,"item_purchase_floors":[],"current_hp_per_floor":[56,55,73,72,49,17,39,34,34,32,32,32,25,19,41,13,60,47,47,0],"gold":0,"neow_bonus":"BOSS_RELIC","is_prod":false,"is_daily":false,"chose_seed":false,"campfire_upgraded":0,"win_rate":0,"timestamp":1551676164,"path_taken":["M","M","?","M","?","E","R","M","T","E","?","?","M","E","R","BOSS","M","?","?"],"build_version":"2019-01-23","purchased_purges":0,"victory":false,"max_hp_per_floor":[75,75,75,75,75,75,75,75,75,75,75,75,75,75,75,75,75,75,75,75],"card_choices":[{"not_picked":["Sever Soul","Havoc"],"picked":"Headbutt","floor":1},{"not_picked":["Clash","Entrench"],"picked":"Sword Boomerang","floor":2},{"not_picked":["Carnage","Rage"],"picked":"Body Slam","floor":4},{"not_picked":["Searing Blow","Clash"],"picked":"Armaments","floor":6},{"not_picked":["Warcry","Perfected Strike"],"picked":"Sword Boomerang","floor":8},{"not_picked":["Reckless Charge","Corruption"],"picked":"Armaments","floor":10},{"not_picked":["Anger","Evolve"],"picked":"Flex","floor":13},{"not_picked":["Iron Wave","Havoc"],"picked":"Pommel Strike","floor":14},{"not_picked":["Immolate","Fiend Fire"],"picked":"Reaper","floor":16},{"not_picked":["Sword Boomerang","Shockwave+1"],"picked":"Inflame","floor":18}],"player_experience":596847,"relics_obtained":[{"floor":6,"key":"War Paint"},{"floor":9,"key":"PreservedInsect"},{"floor":10,"key":"Bronze Scales"},{"floor":14,"key":"Ancient Tea Set"}],"event_choices":[{"damage_healed":18,"gold_gain":0,"player_choice":"Healed","damage_taken":0,"max_hp_gain":0,"max_hp_loss":0,"event_name":"The Cleric","floor":3,"gold_loss":35},{"damage_healed":0,"gold_gain":0,"player_choice":"Entered Light","damage_taken":23,"max_hp_gain":0,"max_hp_loss":0,"event_name":"Shining Light","floor":5,"gold_loss":0,"cards_upgraded":["Sword Boomerang","Strike_R"]},{"damage_healed":0,"gold_gain":0,"player_choice":"Ignored","damage_taken":0,"max_hp_gain":0,"max_hp_loss":0,"event_name":"Liars Game","floor":11,"gold_loss":0},{"damage_healed":0,"gold_gain":0,"player_choice":"Paid Gold","damage_taken":0,"relics_obtained":["Champion Belt"],"max_hp_gain":0,"max_hp_loss":0,"event_name":"WeMeetAgain","floor":12,"gold_loss":60},{"damage_healed":0,"gold_gain":0,"player_choice":"Smashed Altar","damage_taken":0,"max_hp_gain":0,"max_hp_loss":0,"event_name":"Forgotten Altar","floor":19,"gold_loss":0,"cards_obtained":["Decay"]},{"damage_healed":0,"gold_gain":0,"player_choice":"Fight","damage_taken":0,"max_hp_gain":0,"max_hp_loss":0,"event_name":"Colosseum","floor":20,"gold_loss":0},{"damage_healed":0,"gold_gain":0,"player_choice":"Fought Nobs","damage_taken":0,"max_hp_gain":0,"max_hp_loss":0,"event_name":"Colosseum","floor":20,"gold_loss":0}],"is_beta":false,"boss_relics":[{"not_picked":["Cursed Key","Coffee Dripper"],"picked":"Runic Cube"}],"items_purged_floors":[],"is_endless":false,"potions_floor_spawned":[1,8,10,13,14,20],"killed_by":"Colosseum Nobs","ascension_level":18}