{"path_per_floor":["M","M","?","?","?","R","?","M","T","R","M","?","M","T","R"],"character_chosen":"DEFECT","items_purchased":[],"gold_per_floor":[119,133,133,98,98,98,98,111,111,111,128,203,220,244,244,244],"floor_reached":16,"campfire_rested":3,"playtime":901,"item_purchase_floors":[],"current_hp_per_floor":[65,59,59,75,68,75,75,68,68,75,50,39,27,27,49,0],"items_purged":[],"gold":244,"score":90,"play_id":"cb5674bb-f8f9-4ea4-9026-436ab859ba5a","local_time":"20180620160750","is_prod":false,"is_daily":false,"chose_seed":true,"is_ascension_mode":false,"campfire_upgraded":0,"win_rate":0.0,"timestamp":1529525270,"campfire_choices":[{"floor":6,"key":"REST"},{"floor":10,"key":"REST"},{"floor":15,"key":"REST"}],"path_taken":["M","M","?","?","?","R","?","?","T","R","M","?","M","?","R","BOSS"],"build_version":"2018-06-14v2","seed_source_timestamp":416108426424268,"purchased_purges":0,"victory":false,"master_deck":["Strike_B","Strike_B","Strike_B","Strike_B","Defend_B","Defend_B","Defend_B","Zap","Ball Lightning+1"],"max_hp_per_floor":[75,75,75,75,75,75,75,75,75,75,75,75,75,75,75,75],"relics":["Cracked Core","Mummified Hand","Juzu Bracelet"],"card_choices":[{"not_picked":["Streamline","Rebound"],"picked":"Ball Lightning","floor":1},{"not_picked":["Cold Snap","Chaos","Reinforced Body"],"picked":"SKIP","floor":2},{"not_picked":["Fusion","Genetic Algorithm","Cold Snap"],"picked":"SKIP","floor":8},{"not_picked":["Force Field","Sweeping Beam","Compile Driver"],"picked":"SKIP","floor":11},{"not_picked":["Compile Driver","White Noise","Hologram"],"picked":"SKIP","floor":13}],"player_experience":154334,"potions_floor_usage":[16],"damage_taken":[{"damage":10,"enemies":"Cultist","floor":1,"turns":4},{"damage":6,"enemies":"Jaw Worm","floor":2,"turns":3},{"damage":7,"enemies":"2 Louse","floor":8,"turns":2},{"damage":25,"enemies":"Exordium Wildlife","floor":11,"turns":4},{"damage":12,"enemies":"Blue Slaver","floor":13,"turns":3},{"damage":54,"enemies":"Slime Boss","floor":16,"turns":8}],"relics_obtained":[{"floor":9,"key":"Mummified Hand"},{"floor":14,"key":"Juzu Bracelet"}],"event_choices":[{"event_name":"Living Wall","player_choice":"Grow","floor":3,"damage_taken":0},{"event_name":"The Cleric","player_choice":"Healed","floor":4,"damage_taken":0},{"event_name":"Golden Wing","player_choice":"Card Removal","floor":5,"damage_taken":0},{"event_name":"The Lab","player_choice":"Got Potions","floor":7,"damage_taken":0},{"event_name":"World of Goop","player_choice":"Gather Gold","floor":12,"damage_taken":0}],"boss_relics":[],"items_purged_floors":[],"is_endless":false,"potions_floor_spawned":[2],"seed_played":"49589807274832","killed_by":"Slime Boss","ascension_level":0,"potions_obtained":[{"floor":2,"key":"SpeedPotion"},{"floor":7,"key":"Ancient Potion"},{"floor":7,"key":"FearPotion"}],"is_trial":false}