{"path_per_floor":["M","?","M","M","M","E","R","?","T","M","M","R","M","M","R"],"character_chosen":"THE_SILENT","items_purchased":[],"gold_per_floor":[119,119,138,155,166,194,194,194,243,257,270,270,285,296,296,296],"floor_reached":16,"campfire_rested":3,"playtime":2365,"item_purchase_floors":[],"current_hp_per_floor":[68,73,73,69,67,17,39,39,39,42,42,68,49,36,62,0],"items_purged":[],"gold":296,"score":131,"play_id":"51964ea4-8630-4b5e-9682-5aafdea57c7e","local_time":"20180619231418","is_prod":false,"is_daily":false,"chose_seed":false,"is_ascension_mode":false,"campfire_upgraded":0,"win_rate":0,"timestamp":1529464458,"campfire_choices":[{"floor":7,"key":"REST"},{"floor":12,"key":"REST"},{"floor":15,"key":"REST"}],"path_taken":["M","?","M","M","?","E","R","?","T","M","M","R","M","M","R","BOSS"],"build_version":"2018-06-14v2","seed_source_timestamp":353848979984459,"purchased_purges":0,"victory":false,"master_deck":["Defend_G","Defend_G","Defend_G","Defend_G","Defend_G","Strike_G","Strike_G","Strike_G","Strike_G","Survivor","Neutralize","Quick Slash","Blur","Quick Slash","Dagger Throw","Flying Knee","Backstab"],"max_hp_per_floor":[70,75,75,75,75,75,75,82,82,87,87,87,87,87,87,87],"relics":["Ring of the Snake","Smiling Mask","Strawberry","Oddly Smooth Stone"],"card_choices":[{"not_picked":["Prepared","Dodge and Roll"],"picked":"Quick Slash","floor":1},{"not_picked":["Escape Plan","Doppelganger"],"picked":"Blur","floor":3},{"not_picked":["Deflect","Riddle With Holes"],"picked":"Quick Slash","floor":4},{"not_picked":["Backflip","Noxious Fumes"],"picked":"Dagger Throw","floor":5},{"not_picked":["Slice","Poisoned Stab","Choke"],"picked":"SKIP","floor":6},{"not_picked":["Poisoned Stab","Dagger Throw"],"picked":"Flying Knee","floor":10},{"not_picked":["Backflip","Slice","Well Laid Plans"],"picked":"SKIP","floor":11},{"not_picked":["Reflex","Acrobatics","Heel Hook"],"picked":"SKIP","floor":13},{"not_picked":["Slice","Blade Dance"],"picked":"Backstab","floor":14}],"player_experience":145794,"potions_floor_usage":[6,10,16,16],"damage_taken":[{"damage":2,"enemies":"Jaw Worm","floor":1,"turns":5},{"damage":0,"enemies":"2 Louse","floor":3,"turns":2},{"damage":4,"enemies":"Cultist","floor":4,"turns":4},{"damage":2,"enemies":"Looter","floor":5,"turns":4},{"damage":50,"enemies":"Lagavulin","floor":6,"turns":8},{"damage":2,"enemies":"Exordium Wildlife","floor":10,"turns":5},{"damage":0,"enemies":"Blue Slaver","floor":11,"turns":4},{"damage":19,"enemies":"3 Louse","floor":13,"turns":2},{"damage":13,"enemies":"Gremlin Gang","floor":14,"turns":6},{"damage":64,"enemies":"Hexaghost","floor":16,"turns":16}],"relics_obtained":[{"floor":6,"key":"Smiling Mask"},{"floor":9,"key":"Oddly Smooth Stone"}],"event_choices":[{"event_name":"Big Fish","player_choice":"Donut","floor":2,"damage_taken":0},{"event_name":"Scrap Ooze","player_choice":"success","floor":8,"damage_taken":7}],"boss_relics":[],"items_purged_floors":[],"is_endless":false,"potions_floor_spawned":[5,6,10,11],"seed_played":"-5072989911594666475","killed_by":"Hexaghost","ascension_level":0,"potions_obtained":[{"floor":5,"key":"Explosive Potion"},{"floor":6,"key":"Fruit Juice"},{"floor":10,"key":"SteroidPotion"},{"floor":11,"key":"Dexterity Potion"}],"is_trial":false}