{"path_per_floor":["M","M","?","M","M","R","$","R","T","M","M","E","M","$","R","B",null,"M","?","$","M"],"character_chosen":"IRONCLAD","items_purchased":["Cleave","Headbutt","Whirlwind","Whirlwind"],"gold_per_floor":[114,129,129,144,159,159,83,83,83,98,113,143,158,78,78,178,178,193,202,130,145,145],"floor_reached":22,"campfire_rested":1,"playtime":1405,"item_purchase_floors":[7,7,14,20],"current_hp_per_floor":[80,75,75,73,66,80,80,80,80,72,72,70,80,80,80,46,80,75,80,80,31,0],"items_purged":[],"gold":145,"score":238,"play_id":"a3def1ba-4437-4e3e-8827-281daa293c4d","local_time":"20180614214358","daily_mods":["Brewmaster","Time Dilation","Lethality"],"is_prod":false,"is_daily":true,"chose_seed":false,"is_ascension_mode":false,"campfire_upgraded":2,"win_rate":0.0,"timestamp":1529027038,"campfire_choices":[{"floor":6,"key":"REST"},{"data":"Perfected Strike","floor":8,"key":"SMITH"},{"data":"Whirlwind","floor":15,"key":"SMITH"}],"path_taken":["M","M","?","M","M","R","$","R","T","M","M","E","M","$","R","BOSS","M","?","$","M","M"],"build_version":"2018-06-07v3","seed_source_timestamp":134064822528159,"purchased_purges":0,"victory":false,"master_deck":["Strike_R","Strike_R","Strike_R","Strike_R","Strike_R","Defend_R","Defend_R","Defend_R","Defend_R","Bash","Venomology","Venomology","Venomology","Venomology","Venomology","Rampage","Perfected Strike+1","Perfected Strike","Rage","Cleave","Headbutt","Heavy Blade","Perfected Strike","Wild Strike","Perfected Strike","Whirlwind+1","Flame Barrier","Shrug It Off+1","Whirlwind","Double Tap"],"max_hp_per_floor":[80,80,80,80,80,80,80,80,80,80,80,80,80,80,80,80,80,80,80,80,80,80],"relics":["Burning Blood","White Beast Statue","Shuriken","Anchor","Red Mask"],"card_choices":[{"not_picked":["Anger","Intimidate"],"picked":"Rampage","floor":1},{"not_picked":["Battle Trance","Anger"],"picked":"Perfected Strike","floor":2},{"not_picked":["Dropkick","Havoc"],"picked":"Perfected Strike","floor":4},{"not_picked":["Sentinel","Clash"],"picked":"Rage","floor":5},{"not_picked":["Headbutt","Anger"],"picked":"Heavy Blade","floor":10},{"not_picked":["Twin Strike","Armaments"],"picked":"Perfected Strike","floor":11},{"not_picked":["Hemokinesis","Warcry"],"picked":"Wild Strike","floor":12},{"not_picked":["Warcry","Iron Wave"],"picked":"Perfected Strike","floor":13},{"not_picked":["Headbutt","Intimidate+1"],"picked":"Flame Barrier","floor":18},{"not_picked":["Sword Boomerang","Whirlwind"],"picked":"Shrug It Off+1","floor":19},{"not_picked":["Metallicize","Clothesline"],"picked":"Double Tap","floor":21}],"player_experience":27863,"potions_floor_usage":[1,2,2,2,2,4,4,5,10,10,11,12,12,13,13,16,16,16,16,16,18,19,19,21,21,21,21,22,22,22],"damage_taken":[{"damage":0,"enemies":"Cultist","floor":1,"turns":2},{"damage":11,"enemies":"Small Slimes","floor":2,"turns":2},{"damage":8,"enemies":"2 Louse","floor":4,"turns":2},{"damage":13,"enemies":"2 Fungi Beasts","floor":5,"turns":2},{"damage":14,"enemies":"Large Slime","floor":10,"turns":3},{"damage":6,"enemies":"Exordium Wildlife","floor":11,"turns":2},{"damage":16,"enemies":"3 Sentries","floor":12,"turns":3},{"damage":8,"enemies":"3 Louse","floor":13,"turns":4},{"damage":49,"enemies":"The Guardian","floor":16,"turns":6},{"damage":11,"enemies":"2 Thieves","floor":18,"turns":3},{"damage":18,"floor":19,"turns":3},{"damage":55,"enemies":"3 Byrds","floor":21,"turns":3},{"damage":38,"enemies":"Sentry and Sphere","floor":22,"turns":3}],"relics_obtained":[{"floor":9,"key":"Shuriken"},{"floor":12,"key":"Anchor"},{"floor":19,"key":"Red Mask"}],"event_choices":[{"event_name":"Golden Idol","player_choice":"Ignored","floor":3,"damage_taken":0},{"event_name":"Masked Bandits","player_choice":"Fought over 193 gold","floor":19,"damage_taken":0}],"boss_relics":[{"not_picked":["Sozu","Runic Dome","Ectoplasm"]}],"items_purged_floors":[],"potions_floor_spawned":[1,2,4,5,10,11,12,13,16,18,19,21],"seed_played":"-2070942787049957180","killed_by":"Sentry and Sphere","ascension_level":0,"potions_obtained":[{"floor":1,"key":"Strength Potion"},{"floor":2,"key":"PowerPotion"},{"floor":11,"key":"Fire Potion"},{"floor":12,"key":"SteroidPotion"},{"floor":13,"key":"Block Potion"},{"floor":16,"key":"SkillPotion"},{"floor":18,"key":"SpeedPotion"},{"floor":19,"key":"Strength Potion"},{"floor":21,"key":"EssenceOfSteel"}],"is_trial":false}