{"gold_per_floor":[109,119,119,119,78,112,112,155,206,206,206,240,258,258],"floor_reached":14,"playtime":439,"items_purged":[],"score":151,"play_id":"f550d3bb-9218-4284-992d-2205afca9d23","local_time":"20190415221145","is_ascension_mode":true,"campfire_choices":[{"data":"Outmaneuver","floor":7,"key":"SMITH"},{"data":"Cloak And Dagger","floor":10,"key":"SMITH"}],"neow_cost":"NONE","seed_source_timestamp":342207959570252,"circlet_count":0,"master_deck":["Defend_G","Defend_G","Defend_G","Defend_G","Defend_G","Strike_G","Strike_G","Strike_G","Strike_G","Strike_G","Survivor","Neutralize","Cloak And Dagger+1","Predator","Backstab","Outmaneuver+1","Escape Plan","Blade Dance","Backstab","Burst"],"relics":["Ring of the Snake","NeowsBlessing","Golden Idol","Omamori","Ancient Tea Set","Lantern","Strawberry","Prayer Wheel"],"potions_floor_usage":[12,12,14],"damage_taken":[{"damage":0,"enemies":"Jaw Worm","floor":1,"turns":1},{"damage":0,"enemies":"Small Slimes","floor":2,"turns":1},{"damage":0,"enemies":"Lagavulin","floor":6,"turns":1},{"damage":25,"enemies":"3 Sentries","floor":8,"turns":10},{"damage":35,"enemies":"Lagavulin","floor":12,"turns":7},{"damage":0,"enemies":"2 Louse","floor":13,"turns":1},{"damage":5,"enemies":"3 Sentries","floor":14,"turns":1}],"seed_played":"3241529009786058357","potions_obtained":[{"floor":6,"key":"Regen Potion"},{"floor":8,"key":"SpeedPotion"},{"floor":13,"key":"Energy Potion"}],"is_trial":false,"path_per_floor":["M","M","?","?","$","E","R","E","T","R","?","E","M","E"],"character_chosen":"THE_SILENT","items_purchased":["Backstab"],"campfire_rested":0,"item_purchase_floors":[5],"current_hp_per_floor":[70,70,65,65,65,65,65,40,40,40,22,2,2,0],"gold":258,"neow_bonus":"THREE_ENEMY_KILL","is_prod":false,"is_daily":false,"chose_seed":false,"campfire_upgraded":2,"win_rate":0,"timestamp":1555380705,"path_taken":["M","M","?","?","$","E","R","E","T","R","?","E","M","E"],"build_version":"2019-01-23","purchased_purges":0,"victory":false,"max_hp_per_floor":[70,70,65,65,65,65,65,65,65,65,72,72,72,72],"card_choices":[{"not_picked":["Backflip","Deflect"],"picked":"Cloak And Dagger","floor":1},{"not_picked":["Calculated Gamble","Deadly Poison"],"picked":"Predator","floor":2},{"not_picked":["PiercingWail","Eviscerate"],"picked":"Outmaneuver","floor":6},{"not_picked":["Flying Knee","Dagger Spray"],"picked":"Escape Plan","floor":8},{"not_picked":["Tactician","Acrobatics"],"picked":"Blade Dance","floor":12},{"not_picked":["Prepared","Acrobatics"],"picked":"Backstab","floor":13},{"not_picked":["Deflect","Sucker Punch"],"picked":"Burst","floor":13}],"player_experience":261921,"relics_obtained":[{"floor":6,"key":"Omamori"},{"floor":8,"key":"Ancient Tea Set"},{"floor":9,"key":"Lantern"},{"floor":12,"key":"Prayer Wheel"}],"event_choices":[{"damage_healed":0,"gold_gain":0,"player_choice":"Lose Max HP","damage_taken":0,"relics_obtained":["Golden Idol"],"max_hp_gain":0,"max_hp_loss":5,"event_name":"Golden Idol","floor":3,"gold_loss":0},{"damage_healed":0,"gold_gain":0,"player_choice":"Ignored","damage_taken":0,"max_hp_gain":0,"max_hp_loss":0,"event_name":"Liars Game","floor":4,"gold_loss":0},{"damage_healed":0,"gold_gain":0,"player_choice":"Success","damage_taken":25,"relics_obtained":["Strawberry"],"max_hp_gain":0,"max_hp_loss":0,"event_name":"Scrap Ooze","floor":11,"gold_loss":0}],"is_beta":false,"boss_relics":[],"items_purged_floors":[],"is_endless":false,"potions_floor_spawned":[6,8,13],"killed_by":"3 Sentries","ascension_level":3}