{"gold_per_floor":[110,110,123,185,204,204,279,279,327,327,143,143,163,183,183,287,287,253,352,30,48,48,48,83,83,138,138,173,173,38,55,55,55],"floor_reached":33,"playtime":888,"items_purged":["Strike_R","Strike_R"],"score":251,"play_id":"3622fa19-642d-4b74-8ec8-e0edf0da734c","local_time":"20190411161001","is_ascension_mode":false,"campfire_choices":[{"data":"Rage","floor":6,"key":"SMITH"},{"data":"Shrug It Off","floor":8,"key":"SMITH"},{"data":"Body Slam","floor":15,"key":"SMITH"},{"data":"Armaments","floor":23,"key":"SMITH"},{"data":"Armaments","floor":27,"key":"SMITH"},{"data":"Juggernaut","floor":32,"key":"SMITH"}],"neow_cost":"TEN_PERCENT_HP_LOSS","seed_source_timestamp":2277941442159,"circlet_count":0,"master_deck":["Strike_R","Defend_R","Defend_R","Defend_R","Defend_R","Bash+1","Rage+1","Headbutt","Shrug It Off+1","Body Slam+1","Shrug It Off","Power Through","Twin Strike","Flex","Juggernaut+1","Power Through+1","Body Slam","Armaments+1","Heavy Blade","Armaments+1","Thunderclap+1","Strike_G","Uppercut","Evolve"],"relics":["Burning Blood","Ice Cream","Bag of Preparation","Ancient Tea Set","Empty Cage","Membership Card","Red Mask","Tiny Chest","Happy Flower"],"potions_floor_usage":[28,30,33],"damage_taken":[{"damage":5,"enemies":"Small Slimes","floor":1,"turns":4},{"damage":3,"enemies":"Jaw Worm","floor":3,"turns":3},{"damage":5,"enemies":"2 Louse","floor":5,"turns":2},{"damage":0,"enemies":"Large Slime","floor":13,"turns":3},{"damage":13,"enemies":"Exordium Wildlife","floor":14,"turns":4},{"damage":35,"enemies":"The Guardian","floor":16,"turns":9},{"damage":16,"enemies":"2 Thieves","floor":18,"turns":5},{"damage":24,"enemies":"Chosen","floor":21,"turns":5},{"damage":15,"enemies":"Masked Bandits","floor":24,"turns":5},{"damage":31,"enemies":"Book of Stabbing","floor":28,"turns":6},{"damage":15,"enemies":"Centurion and Healer","floor":31,"turns":9},{"damage":65,"enemies":"Collector","floor":33,"turns":6}],"seed_played":"-7378551586576433335","potions_obtained":[{"floor":5,"key":"Regen Potion"},{"floor":13,"key":"FairyPotion"},{"floor":24,"key":"AttackPotion"},{"floor":28,"key":"EssenceOfSteel"}],"is_trial":false,"path_per_floor":["M","?","M","?","M","R","?","R","T","?","$","?","M","M","R","B",null,"M","?","$","M","$","R","?","?","T","R","E","?","$","M","R","B"],"character_chosen":"IRONCLAD","items_purchased":["Body Slam","Shrug It Off","Power Through","Membership Card","Body Slam","Armaments","Inflame","Uppercut","Fruit Juice"],"campfire_rested":0,"item_purchase_floors":[11,11,11,20,20,20,20,30,30],"current_hp_per_floor":[72,72,72,72,72,72,61,61,61,43,43,67,72,65,65,36,72,62,62,62,44,44,44,35,59,59,59,34,34,39,30,30,0],"gold":55,"neow_bonus":"ONE_RARE_RELIC","is_prod":false,"is_daily":false,"chose_seed":false,"campfire_upgraded":6,"win_rate":0,"timestamp":1555020601,"path_taken":["M","?","M","?","M","R","?","R","T","?","$","?","M","M","R","BOSS","M","?","$","M","$","R","?","?","T","R","E","?","$","M","R","BOSS"],"build_version":"2019-01-23","purchased_purges":2,"victory":false,"max_hp_per_floor":[72,72,72,72,72,72,72,72,72,72,72,72,72,72,72,72,72,72,72,72,72,72,72,72,72,72,72,72,72,77,77,77,77],"card_choices":[{"not_picked":["Pommel Strike","Sword Boomerang"],"picked":"Rage","floor":1},{"not_picked":["Corruption","Fire Breathing"],"picked":"Headbutt","floor":3},{"not_picked":["Rupture","True Grit"],"picked":"Shrug It Off","floor":5},{"not_picked":["True Grit","Searing Blow"],"picked":"Twin Strike","floor":13},{"not_picked":["Wild Strike","Perfected Strike"],"picked":"Flex","floor":14},{"not_picked":["Feed","Berserk"],"picked":"Juggernaut","floor":16},{"not_picked":["Twin Strike","Clash"],"picked":"Power Through+1","floor":18},{"not_picked":["Flex","Rampage"],"picked":"Heavy Blade","floor":21},{"not_picked":["Perfected Strike+1","Pommel Strike+1"],"picked":"Armaments","floor":24},{"not_picked":["Impervious","Blood for Blood"],"picked":"Thunderclap+1","floor":28},{"not_picked":["Thunderclap+1","Combust"],"picked":"Evolve","floor":31}],"player_experience":1191051,"relics_obtained":[{"floor":9,"key":"Bag of Preparation"},{"floor":24,"key":"Red Mask"},{"floor":26,"key":"Tiny Chest"},{"floor":28,"key":"Happy Flower"}],"event_choices":[{"damage_healed":0,"gold_gain":0,"player_choice":"Grow","damage_taken":0,"max_hp_gain":0,"max_hp_loss":0,"event_name":"Living Wall","floor":2,"gold_loss":0,"cards_upgraded":["Bash"]},{"damage_healed":0,"gold_gain":62,"player_choice":"Gained Gold","damage_taken":0,"max_hp_gain":0,"max_hp_loss":0,"event_name":"Golden Wing","floor":4,"gold_loss":0},{"damage_healed":0,"gold_gain":75,"player_choice":"Gather Gold","damage_taken":11,"max_hp_gain":0,"max_hp_loss":0,"event_name":"World of Goop","floor":7,"gold_loss":0},{"damage_healed":0,"gold_gain":0,"player_choice":"Success","damage_taken":18,"relics_obtained":["Ancient Tea Set"],"max_hp_gain":0,"max_hp_loss":0,"event_name":"Scrap Ooze","floor":10,"gold_loss":0},{"damage_healed":24,"gold_gain":0,"player_choice":"Banana","damage_taken":0,"max_hp_gain":0,"max_hp_loss":0,"event_name":"Big Fish","floor":12,"gold_loss":0},{"damage_healed":0,"gold_gain":99,"player_choice":"Stole From Cult","damage_taken":0,"max_hp_gain":0,"max_hp_loss":0,"event_name":"Nest","floor":19,"gold_loss":0},{"damage_healed":0,"gold_gain":0,"player_choice":"Fought Bandits","damage_taken":0,"max_hp_gain":0,"max_hp_loss":0,"event_name":"Masked Bandits","floor":24,"gold_loss":0},{"damage_healed":24,"gold_gain":0,"player_choice":"Heal","damage_taken":0,"max_hp_gain":0,"max_hp_loss":0,"event_name":"The Library","floor":25,"gold_loss":0},{"cards_removed":["Inflame"],"damage_healed":0,"gold_gain":0,"player_choice":"Took Card","damage_taken":0,"max_hp_gain":0,"max_hp_loss":0,"event_name":"NoteForYourself","floor":29,"gold_loss":0,"cards_obtained":["Strike_G"]}],"is_beta":false,"boss_relics":[{"not_picked":["Black Blood","Eternal Feather"],"picked":"Empty Cage"}],"items_purged_floors":[20,30],"is_endless":false,"potions_floor_spawned":[5,13,24,28],"killed_by":"Collector","ascension_level":0}