{"gold_per_floor":[109,123,142,25,45,80,80,96,96,130,148,148,181,195,195,271,271,285,285,285,297,312,312,332,332,332,332,345,36,65,83,83,83],"floor_reached":33,"playtime":1836,"items_purged":["Strike_G"],"score":707,"play_id":"4f9067ce-a33f-46c4-9a2c-428747227048","local_time":"20190302141107","is_ascension_mode":true,"campfire_choices":[{"data":"Dagger Spray","floor":7.0,"key":"SMITH"},{"data":"Terror","floor":12,"key":"SMITH"},{"floor":15,"key":"REST"},{"data":"After Image","floor":23,"key":"SMITH"},{"data":"Burst","floor":25,"key":"SMITH"},{"data":"Wraith Form v2","floor":32,"key":"SMITH"}],"neow_cost":"NONE","seed_source_timestamp":1933304262700,"circlet_count":0,"master_deck":["AscendersBane","Defend_G","Defend_G","Defend_G","Defend_G","Defend_G","Survivor","Neutralize","Predator","Deflect","Masterful Stab","Terror+1","Burst+1","Dagger Spray+1","Masterful Stab","Finisher+1","Flying Knee+1","Glass Knife+1","Escape Plan","After Image+1","Deflect","Bite+1","Bite+1","Bite+1","Bite+1","Bite+1","Predator+1","Distraction","Wraith Form v2+1","Masterful Stab+1","Dagger Throw+1","Acrobatics","Flash of Steel+1","Masterful Stab+1","Dodge and Roll","Distraction","Distraction"],"special_seed":0,"relics":["Ring of the Snake","NeowsBlessing","Strawberry","Mummified Hand","Molten Egg 2","Bottled Flame","Sozu","Prayer Wheel","Bronze Scales"],"potions_floor_usage":[13,14,18,30],"damage_taken":[{"damage":0.0,"enemies":"Cultist","floor":1.0,"turns":1.0},{"damage":0.0,"enemies":"Small Slimes","floor":2.0,"turns":1.0},{"damage":0.0,"enemies":"2 Louse","floor":3.0,"turns":1.0},{"damage":0.0,"enemies":"Large Slime","floor":5.0,"turns":3.0},{"damage":39.0,"enemies":"3 Sentries","floor":6.0,"turns":17.0},{"damage":0.0,"enemies":"Looter","floor":8.0,"turns":2.0},{"damage":6.0,"enemies":"Lagavulin","floor":10.0,"turns":6.0},{"damage":0,"enemies":"Red Slaver","floor":11,"turns":1},{"damage":0,"enemies":"Gremlin Nob","floor":13,"turns":2},{"damage":0,"enemies":"Blue Slaver","floor":14,"turns":1},{"damage":1,"enemies":"Slime Boss","floor":16,"turns":8},{"damage":6,"enemies":"2 Thieves","floor":18,"turns":3},{"damage":3,"enemies":"Chosen","floor":21,"turns":3},{"damage":0,"enemies":"Centurion and Healer","floor":22,"turns":4},{"damage":3,"enemies":"Sentry and Sphere","floor":24,"turns":4},{"damage":30,"enemies":"Shelled Parasite and Fungi","floor":28,"turns":3},{"damage":3,"enemies":"Gremlin Leader","floor":30,"turns":5},{"damage":0,"enemies":"Chosen and Byrds","floor":31,"turns":3},{"damage":95,"enemies":"Champ","floor":33,"turns":11}],"seed_played":"2364067811106946006","potions_obtained":[{"floor":2.0,"key":"Fire Potion"},{"floor":6.0,"key":"EssenceOfSteel"},{"floor":11,"key":"Poison Potion"},{"floor":13,"key":"Block Potion"},{"floor":14,"key":"Fruit Juice"},{"floor":16,"key":"Regen Potion"}],"is_trial":false,"path_per_floor":["M","M","M","$","M","E","R","M","T","E","M","R","E","M","R","B",null,"M","?","?","M","M","R","M","R","T","?","M","$","E","M","R","B"],"character_chosen":"THE_SILENT","items_purchased":["Terror","Flash of Steel+1","Masterful Stab+1","Dodge and Roll","Distraction"],"campfire_rested":1,"item_purchase_floors":[4,29,29,29,29],"current_hp_per_floor":[59,59,59,59,59,27,27,27,27,21,21,21,21,26,49,48,71,65,54,54,54,54,54,54,54,54,54,30,30,53,54,54,0],"gold":83,"neow_bonus":"THREE_ENEMY_KILL","is_prod":false,"is_daily":false,"chose_seed":false,"campfire_upgraded":5,"win_rate":0,"timestamp":1551564667,"path_taken":["M","M","?","?","M","E","R","M","T","E","M","R","E","M","R","BOSS","M","?","?","M","M","R","M","R","T","?","M","$","E","M","R","BOSS"],"build_version":"2019-02-06","purchased_purges":1,"victory":false,"max_hp_per_floor":[66,66,66,66,66,73,73,73,73,73,73,73,73,78,78,78,78,78,54,54,54,54,54,54,54,54,54,54,54,54,54,54,54],"card_choices":[{"not_picked":["Quick Slash","Dodge and Roll"],"picked":"Predator","floor":1.0},{"not_picked":["Underhanded Strike","Slice"],"picked":"Deflect","floor":2.0},{"not_picked":["Dagger Throw","PiercingWail"],"picked":"Masterful Stab","floor":3.0},{"not_picked":["Deadly Poison","Outmaneuver"],"picked":"Burst","floor":5.0},{"not_picked":["Finisher","Concentrate"],"picked":"Dagger Spray","floor":6.0},{"not_picked":["PiercingWail","Heel Hook"],"picked":"Masterful Stab","floor":8.0},{"not_picked":["Flying Knee","Terror"],"picked":"Finisher","floor":10},{"not_picked":["Outmaneuver","Riddle With Holes+1"],"picked":"Flying Knee+1","floor":11},{"not_picked":["Bouncing Flask","Deadly Poison"],"picked":"Glass Knife+1","floor":13},{"not_picked":["Catalyst","Quick Slash+1"],"picked":"Escape Plan","floor":14},{"not_picked":["A Thousand Cuts","Doppelganger"],"picked":"After Image","floor":16},{"not_picked":["Accuracy","PiercingWail"],"picked":"Deflect","floor":18},{"not_picked":["Outmaneuver","Deflect"],"picked":"Predator+1","floor":21},{"not_picked":["Flying Knee+1","PiercingWail"],"picked":"Distraction","floor":22},{"not_picked":["Outmaneuver","Catalyst"],"picked":"Wraith Form v2","floor":24},{"not_picked":["Eviscerate+1","Concentrate"],"picked":"Dagger Throw+1","floor":28},{"not_picked":["Crippling Poison","Dagger Spray+1"],"picked":"Acrobatics","floor":28},{"not_picked":["Bouncing Flask","Deflect"],"picked":"Distraction","floor":30},{"not_picked":["Quick Slash+1","Noxious Fumes","Bouncing Flask"],"picked":"SKIP","floor":31},{"not_picked":["Infinite Blades","Unload+1","Slice+1"],"picked":"SKIP","floor":31}],"player_experience":3326879,"relics_obtained":[{"floor":6.0,"key":"Strawberry"},{"floor":9.0,"key":"Mummified Hand"},{"floor":10,"key":"Molten Egg 2"},{"floor":13,"key":"Bottled Flame"},{"floor":26,"key":"Prayer Wheel"},{"floor":30,"key":"Bronze Scales"}],"event_choices":[{"damage_healed":0,"gold_gain":0,"player_choice":"Became a vampire","damage_taken":0,"max_hp_gain":0,"max_hp_loss":24,"event_name":"Vampires","floor":19,"gold_loss":0,"cards_obtained":["Bite","Bite","Bite","Bite","Bite"]},{"damage_healed":0,"gold_gain":0,"player_choice":"Ignored","damage_taken":0,"max_hp_gain":0,"max_hp_loss":0,"event_name":"Ghosts","floor":20,"gold_loss":0},{"damage_healed":0,"gold_gain":0,"player_choice":"Read","damage_taken":0,"max_hp_gain":0,"max_hp_loss":0,"event_name":"The Library","floor":27,"gold_loss":0,"cards_obtained":["Masterful Stab"]}],"is_beta":true,"boss_relics":[{"not_picked":["Philosopher\u0027s Stone","Cursed Key"],"picked":"Sozu"}],"items_purged_floors":[4],"is_endless":false,"potions_floor_spawned":[2,6,11,13,14,16,18,30],"killed_by":"Champ","ascension_level":20}