{"gold_per_floor":[114,129,144,144,69,99,99,149,149,184,184,214,214,214,214,314,314,329,344,344,344],"floor_reached":21,"playtime":1150,"items_purged":["Wraith Form v2"],"score":197,"play_id":"d427b60d-bcbd-4c10-890b-b6b6c335fe0f","local_time":"20190202131223","daily_mods":["Shiny","Colorless Cards","Lethality"],"is_ascension_mode":false,"campfire_choices":[{"floor":7,"key":"REST"},{"floor":11,"key":"REST"},{"data":"Apotheosis","floor":13,"key":"SMITH"},{"data":"The Bomb","floor":15,"key":"SMITH"}],"neow_cost":"","seed_source_timestamp":0,"circlet_count":0,"master_deck":["Venomology","Corpse Explosion","Malaise","Phantasmal Killer","Die Die Die","Adrenaline","Envenom","Doppelganger","Burst","Tools of the Trade","Night Terror","Unload","Bullet Time","Storm of Steel","Glass Knife","A Thousand Cuts","Thinking Ahead","Metamorphosis","Master of Strategy","Magnetism","Chrysalis","Transmutation","HandOfGreed","Mayhem","Apotheosis+1","Secret Weapon","Panache","Violence","Secret Technique","The Bomb+1","Sadistic Nature","Dramatic Entrance","Underhanded Strike+1"],"special_seed":17929,"relics":["Ring of the Snake","Turnip","Vajra","Molten Egg 2","Bottled Lightning","Runic Pyramid","Nloth\u0027s Gift"],"potions_floor_usage":[3,6,19],"damage_taken":[{"damage":0,"enemies":"2 Louse","floor":1,"turns":1},{"damage":0,"enemies":"Cultist","floor":2,"turns":2},{"damage":0,"enemies":"Small Slimes","floor":3,"turns":1},{"damage":36,"enemies":"3 Sentries","floor":6,"turns":3},{"damage":9,"enemies":"Gremlin Nob","floor":8,"turns":3},{"damage":0,"enemies":"Blue Slaver","floor":10,"turns":1},{"damage":12,"enemies":"3 Sentries","floor":12,"turns":2},{"damage":12,"enemies":"The Guardian","floor":16,"turns":3},{"damage":0,"enemies":"Chosen","floor":18,"turns":1},{"damage":44,"enemies":"Shell Parasite","floor":19,"turns":4},{"damage":26,"enemies":"Centurion and Healer","floor":21,"turns":1}],"seed_played":"1821043760548627163","potions_obtained":[{"floor":3,"key":"Dexterity Potion"},{"floor":10,"key":"SteroidPotion"},{"floor":12,"key":"GamblersBrew"},{"floor":16,"key":"Strength Potion"},{"floor":19,"key":"PowerPotion"}],"is_trial":false,"path_per_floor":["M","M","M","?","$","E","R","E","T","M","R","E","R","?","R","B",null,"M","M","?","M"],"character_chosen":"THE_SILENT","items_purchased":[],"campfire_rested":2,"item_purchase_floors":[],"current_hp_per_floor":[70,70,70,63,63,27,48,39,39,39,60,48,48,48,48,36,70,70,26,26,0],"gold":344,"neow_bonus":"","is_prod":false,"is_daily":true,"chose_seed":false,"campfire_upgraded":2,"win_rate":0,"timestamp":1549131143,"path_taken":["M","M","M","?","$","E","R","E","T","M","R","E","R","?","R","BOSS","M","M","?","M"],"build_version":"2019-01-23","purchased_purges":1,"victory":false,"max_hp_per_floor":[70,70,70,70,70,70,70,70,70,70,70,70,70,70,70,70,70,70,70,70,70],"card_choices":[{"not_picked":["Outmaneuver","Madness","Flash of Steel"],"picked":"SKIP","floor":1},{"not_picked":["Well Laid Plans","Blade Dance","Deep Breath"],"picked":"SKIP","floor":2},{"not_picked":["Deflect","Dodge and Roll","Bane"],"picked":"SKIP","floor":3},{"not_picked":["Blind","Quick Slash","Crippling Poison"],"picked":"SKIP","floor":6},{"not_picked":["Forethought","Deep Breath"],"picked":"Dramatic Entrance","floor":8},{"not_picked":["Prepared","Dagger Throw+1"],"picked":"Underhanded Strike+1","floor":10},{"not_picked":["Good Instincts","Underhanded Strike+1","Sucker Punch+1"],"picked":"SKIP","floor":12},{"not_picked":["Dagger Spray+1","Acrobatics+1","Underhanded Strike+1"],"picked":"SKIP","floor":18},{"not_picked":["Poisoned Stab+1","Dagger Spray+1","Trip"],"picked":"SKIP","floor":19}],"player_experience":327425,"relics_obtained":[{"floor":6,"key":"Turnip"},{"floor":8,"key":"Vajra"},{"floor":9,"key":"Molten Egg 2"},{"floor":12,"key":"Bottled Lightning"}],"event_choices":[{"cards_removed":["Grand Finale"],"damage_healed":0,"gold_gain":0,"player_choice":"Card Removal","damage_taken":7,"max_hp_gain":0,"max_hp_loss":0,"event_name":"Golden Wing","floor":4,"gold_loss":0},{"cards_removed":["After Image"],"damage_healed":0,"gold_gain":0,"player_choice":"Gave Card","damage_taken":0,"relics_obtained":["Oddly Smooth Stone"],"max_hp_gain":0,"max_hp_loss":0,"event_name":"WeMeetAgain","floor":14,"gold_loss":0},{"damage_healed":0,"gold_gain":0,"player_choice":"Traded Relic","damage_taken":0,"relics_obtained":["Nloth\u0027s Gift"],"max_hp_gain":0,"max_hp_loss":0,"event_name":"N\u0027loth","floor":20,"relics_lost":["Oddly Smooth Stone"],"gold_loss":0}],"is_beta":false,"boss_relics":[{"not_picked":["Fusion Hammer","Black Star"],"picked":"Runic Pyramid"}],"items_purged_floors":[5],"is_endless":false,"potions_floor_spawned":[3,10,12,16,19],"killed_by":"Centurion and Healer","ascension_level":0}