{"gold_per_floor":[109,125,138,155,29,29,29,29,54,54,89,89,124,36,36,137,137,147,147,162,173,191,191,205,205,255,265,265],"floor_reached":28,"playtime":1374,"items_purged":["Strike_G"],"score":230,"play_id":"605f7414-2cec-49f3-81dc-98ceefbe6f83","local_time":"20190210125327","is_ascension_mode":false,"campfire_choices":[{"data":"Cloak And Dagger","floor":8,"key":"SMITH"},{"floor":12,"key":"REST"},{"data":"Accuracy","floor":15,"key":"SMITH"},{"data":"Concentrate","floor":23,"key":"SMITH"},{"floor":25,"key":"REST"}],"neow_cost":"NONE","seed_source_timestamp":14960453400059,"circlet_count":0,"master_deck":["Defend_G","Defend_G","Defend_G","Defend_G","Defend_G","Strike_G","Strike_G","Survivor","Neutralize+1","Cloak And Dagger+1","Concentrate+1","Backflip","Blade Dance+1","Accuracy+1","Dodge and Roll+1","Night Terror+1","Sucker Punch+1","Tools of the Trade+1","Reflex+1","Blade Dance+1","Finisher+1"],"relics":["Runic Pyramid","Kunai","Potion Belt","Toxic Egg 2","Happy Flower","Astrolabe","Centennial Puzzle"],"potions_floor_usage":[16,16,16,27,27,28],"damage_taken":[{"damage":0,"enemies":"Cultist","floor":1,"turns":4},{"damage":0,"enemies":"2 Louse","floor":2,"turns":3},{"damage":0,"enemies":"Small Slimes","floor":3,"turns":3},{"damage":0,"enemies":"3 Louse","floor":4,"turns":3},{"damage":24,"enemies":"Gremlin Nob","floor":11,"turns":5},{"damage":4,"enemies":"Lagavulin","floor":13,"turns":7},{"damage":5,"enemies":"Hexaghost","floor":16,"turns":9},{"damage":1,"enemies":"Chosen","floor":18,"turns":5},{"damage":0,"enemies":"Shell Parasite","floor":20,"turns":6},{"damage":19,"enemies":"Centurion and Healer","floor":21,"turns":5},{"damage":0,"enemies":"Snecko","floor":22,"turns":5},{"damage":0,"enemies":"Sentry and Sphere","floor":24,"turns":4},{"damage":48,"enemies":"Cultist and Chosen","floor":27,"turns":8},{"damage":24,"enemies":"Book of Stabbing","floor":28,"turns":2}],"seed_played":"394926993707826567","potions_obtained":[{"floor":1,"key":"Strength Potion"},{"floor":11,"key":"Poison Potion"},{"floor":13,"key":"EssenceOfSteel"},{"floor":16,"key":"SkillPotion"},{"floor":21,"key":"GamblersBrew"},{"floor":22,"key":"Fire Potion"},{"floor":24,"key":"Poison Potion"}],"is_trial":false,"path_per_floor":["M","M","M","M","$","T","?","R","T","?","E","R","E","$","R","B",null,"M","$","M","M","M","R","M","R","T","M","E"],"character_chosen":"THE_SILENT","items_purchased":["Backflip","Accuracy","Dodge and Roll+1"],"campfire_rested":2,"item_purchase_floors":[5,14,14],"current_hp_per_floor":[70,70,70,70,70,70,70,70,70,70,46,67,63,63,63,58,70,69,69,69,50,50,50,50,70,70,22,0],"gold":265,"neow_bonus":"BOSS_RELIC","is_prod":false,"is_daily":false,"chose_seed":false,"campfire_upgraded":3,"win_rate":0,"timestamp":1549821207,"path_taken":["M","?","?","M","$","?","?","R","T","?","E","R","E","$","R","BOSS","M","$","M","M","M","R","M","R","T","M","E"],"build_version":"2019-01-23","purchased_purges":1,"victory":false,"max_hp_per_floor":[70,70,70,70,70,70,70,70,70,70,70,70,70,70,70,70,70,70,70,70,70,70,70,70,70,70,70,70],"card_choices":[{"not_picked":["Caltrops","Footwork","Cloak And Dagger"],"picked":"SKIP","floor":1},{"not_picked":["Predator","Setup"],"picked":"Masterful Stab","floor":2},{"not_picked":["Acrobatics","Backflip"],"picked":"Cloak And Dagger","floor":3},{"not_picked":["PiercingWail","Dodge and Roll"],"picked":"Concentrate","floor":4},{"not_picked":["Deadly Poison","Setup","Backflip"],"picked":"SKIP","floor":11},{"not_picked":["Flechettes","Caltrops"],"picked":"Blade Dance+1","floor":13},{"not_picked":["Storm of Steel+1","Bullet Time+1"],"picked":"Night Terror+1","floor":16},{"not_picked":["Dagger Spray","Deflect+1","Dagger Throw"],"picked":"SKIP","floor":18},{"not_picked":["Heel Hook+1","Dagger Spray","Riddle With Holes"],"picked":"SKIP","floor":20},{"not_picked":["Deadly Poison+1","Bane+1"],"picked":"Blade Dance+1","floor":21},{"not_picked":["Outmaneuver+1","Concentrate+1"],"picked":"Finisher+1","floor":22},{"not_picked":["Deadly Poison+1","Acrobatics+1","Leg Sweep+1"],"picked":"SKIP","floor":24},{"not_picked":["Wraith Form v2","Backflip+1","Skewer"],"picked":"SKIP","floor":27}],"player_experience":376730,"relics_obtained":[{"floor":6,"key":"Kunai"},{"floor":9,"key":"Potion Belt"},{"floor":11,"key":"Toxic Egg 2"},{"floor":13,"key":"Happy Flower"},{"floor":26,"key":"Centennial Puzzle"}],"event_choices":[{"damage_healed":0,"gold_gain":0,"player_choice":"Ignored","damage_taken":0,"max_hp_gain":0,"max_hp_loss":0,"event_name":"Liars Game","floor":7,"gold_loss":0},{"damage_healed":0,"gold_gain":0,"player_choice":"Grow","damage_taken":0,"max_hp_gain":0,"max_hp_loss":0,"event_name":"Living Wall","floor":10,"gold_loss":0,"cards_upgraded":["Neutralize"]}],"is_beta":false,"boss_relics":[{"not_picked":["Fusion Hammer","Snecko Eye"],"picked":"Astrolabe"}],"items_purged_floors":[5],"is_endless":false,"potions_floor_spawned":[1,11,13,16,21,22,24],"killed_by":"Book of Stabbing","ascension_level":0}