{"gold_per_floor":[114,114,129,61,21,347,357,357,357,375,388,388,402,421,421,517,517,529,556,481,500,500],"floor_reached":22,"playtime":965,"items_purged":[],"score":245,"play_id":"5ffb47f5-cf2c-4bf9-93e6-4f48a197ec3f","local_time":"20190330005758","is_ascension_mode":true,"campfire_choices":[{"data":"Heavy Blade","floor":12,"key":"SMITH"},{"data":"Armaments","floor":15,"key":"SMITH"}],"neow_cost":"NONE","seed_source_timestamp":357611877964710,"circlet_count":0,"master_deck":["Bash","Shrug It Off","Heavy Blade+1","Inflame","Metallicize","Spot Weakness","Headbutt","Armaments+1","Limit Break","Demon Form","Battle Trance","Feed","Barricade","Pommel Strike","Juggernaut","Flame Barrier"],"relics":["Burning Blood","NeowsBlessing","Old Coin","Mercury Hourglass","Pandora\u0027s Box","Red Mask"],"potions_floor_usage":[16,18,18,19,19,21],"damage_taken":[{"damage":0,"enemies":"2 Louse","floor":1,"turns":1},{"damage":0,"enemies":"Cultist","floor":3,"turns":1},{"damage":0,"enemies":"Gremlin Nob","floor":6,"turns":1},{"damage":4,"enemies":"Jaw Worm","floor":7,"turns":4},{"damage":11,"enemies":"Looter","floor":10,"turns":2},{"damage":17,"enemies":"Large Slime","floor":11,"turns":5},{"damage":12,"enemies":"Blue Slaver","floor":13,"turns":3},{"damage":13,"enemies":"3 Louse","floor":14,"turns":3},{"damage":35,"enemies":"Hexaghost","floor":16,"turns":6},{"damage":41,"enemies":"3 Byrds","floor":18,"turns":4},{"damage":44,"enemies":"Masked Bandits","floor":19,"turns":5},{"damage":0,"enemies":"Chosen","floor":21,"turns":6},{"damage":18,"enemies":"Colosseum Slavers","floor":22,"turns":3}],"seed_played":"-3853814106183316996","potions_obtained":[{"floor":3,"key":"Explosive Potion"},{"floor":6,"key":"Fire Potion"},{"floor":11,"key":"LiquidBronze"},{"floor":16,"key":"Explosive Potion"},{"floor":18,"key":"Block Potion"},{"floor":19,"key":"EssenceOfSteel"}],"is_trial":false,"path_per_floor":["M","?","M","$","$","E","M","?","T","M","M","R","M","M","R","B",null,"M","?","?","M","?"],"character_chosen":"IRONCLAD","items_purchased":["Inflame","Metallicize"],"campfire_rested":0,"item_purchase_floors":[4,5],"current_hp_per_floor":[80,80,80,80,80,80,80,80,80,75,64,64,58,51,51,22,80,45,7,7,13,0],"gold":500,"neow_bonus":"THREE_ENEMY_KILL","is_prod":false,"is_daily":false,"chose_seed":false,"campfire_upgraded":2,"win_rate":0,"timestamp":1553921878,"path_taken":["M","?","?","?","$","E","M","?","T","?","M","R","M","?","R","BOSS","M","?","?","M","?"],"build_version":"2019-01-23","purchased_purges":0,"victory":false,"max_hp_per_floor":[80,80,80,80,80,80,80,80,80,80,80,80,80,80,80,80,80,80,80,80,80,80],"card_choices":[{"not_picked":["Body Slam","Perfected Strike"],"picked":"Shrug It Off","floor":1},{"not_picked":["Cleave","Bloodletting"],"picked":"Heavy Blade","floor":3},{"not_picked":["Twin Strike","Brutality","Exhume"],"picked":"SKIP","floor":6},{"not_picked":["Disarm","Infernal Blade"],"picked":"Spot Weakness","floor":7},{"not_picked":["Shockwave","Wild Strike"],"picked":"Headbutt","floor":10},{"not_picked":["Thunderclap","Anger","True Grit"],"picked":"SKIP","floor":11},{"not_picked":["Clash","Twin Strike","Perfected Strike"],"picked":"SKIP","floor":13},{"not_picked":["Sword Boomerang","Iron Wave"],"picked":"Armaments","floor":14},{"not_picked":["Dark Embrace","Reaper"],"picked":"Limit Break","floor":16},{"not_picked":["Havoc","Sentinel","Cleave"],"picked":"SKIP","floor":18},{"not_picked":["Heavy Blade+1","Perfected Strike+1"],"picked":"Flame Barrier","floor":19},{"not_picked":["Hemokinesis","Headbutt","Evolve"],"picked":"SKIP","floor":21}],"player_experience":179494,"relics_obtained":[{"floor":6,"key":"Old Coin"},{"floor":9,"key":"Mercury Hourglass"},{"floor":19,"key":"Red Mask"}],"event_choices":[{"cards_removed":["Strike_R"],"damage_healed":0,"gold_gain":0,"player_choice":"Offered Basic","damage_taken":0,"max_hp_gain":0,"max_hp_loss":0,"event_name":"Bonfire Elementals","floor":2,"gold_loss":0},{"cards_removed":["Strike_R"],"damage_healed":0,"gold_gain":0,"player_choice":"Card Removal","damage_taken":0,"max_hp_gain":0,"max_hp_loss":0,"event_name":"Wheel of Change","floor":8,"gold_loss":0},{"damage_healed":0,"gold_gain":0,"player_choice":"Fought Bandits","damage_taken":0,"max_hp_gain":0,"max_hp_loss":0,"event_name":"Masked Bandits","floor":19,"gold_loss":0},{"cards_removed":["Hemokinesis"],"damage_healed":0,"gold_gain":0,"player_choice":"Gave Gold","damage_taken":0,"max_hp_gain":0,"max_hp_loss":0,"event_name":"Beggar","floor":20,"gold_loss":75},{"damage_healed":0,"gold_gain":0,"player_choice":"Fight","damage_taken":0,"max_hp_gain":0,"max_hp_loss":0,"event_name":"Colosseum","floor":22,"gold_loss":0}],"is_beta":false,"boss_relics":[{"not_picked":["Empty Cage","Orrery"],"picked":"Pandora\u0027s Box"}],"items_purged_floors":[],"is_endless":false,"potions_floor_spawned":[3,6,11,13,16,18,19],"killed_by":"Colosseum Slavers","ascension_level":3}