{"gold_per_floor":[115,125,125,225,243,243,256,276,276,316,335,300,300,335,335,463,463,483,502,52,75,75,75,118,139,162,181,200,200,243,342,342,468,468,492,492,507,507,507,507,541,555,555,555,593,593,612,636,636,636,636,636,43,84,84],"floor_reached":56,"playtime":3189,"items_purged":["Strike_R","Strike_R"],"score":1704,"play_id":"14dc109e-fc29-4fb1-ba93-04515c8d45dd","local_time":"20190331160637","is_ascension_mode":true,"campfire_choices":[{"data":"Bludgeon","floor":6,"key":"SMITH"},{"floor":15,"key":"REST"},{"data":"Enlightenment","floor":23,"key":"SMITH"},{"data":"Fiend Fire","floor":29,"key":"SMITH"},{"data":"Corruption","floor":32,"key":"SMITH"},{"floor":40,"key":"RECALL"},{"data":"Second Wind","floor":44,"key":"SMITH"},{"floor":46,"key":"REST"},{"floor":49,"key":"REST"},{"data":"Exhume","floor":52,"key":"SMITH"}],"neow_cost":"TEN_PERCENT_HP_LOSS","seed_source_timestamp":496287986299563,"circlet_count":0,"master_deck":["Strike_R","Defend_R","Defend_R","Defend_R","Defend_R","Bash","Body Slam","Bludgeon+1","Inflame","Limit Break","Iron Wave","Corruption+1","Headbutt","Shrug It Off","Fiend Fire+1","Infernal Blade+1","Enlightenment+1","Second Wind+1","Ghostly Armor","Impervious","Fire Breathing+1","Exhume+1","Seeing Red"],"relics":["Burning Blood","Dead Branch","Golden Idol","PreservedInsect","Self Forming Clay","Happy Flower","Dodecahedron","Black Star","Charon\u0027s Ashes","Pen Nib","Anchor","Smiling Mask","Pantograph","Bag of Preparation","Runic Pyramid","Bird Faced Urn","Bottled Flame","Red Skull","Art of War","Shuriken","Medical Kit","Bronze Scales","Orichalcum"],"potions_floor_usage":[14,14,16,33,45,45,45,55],"damage_taken":[{"damage":8,"enemies":"Small Slimes","floor":1,"turns":5},{"damage":9,"enemies":"2 Louse","floor":2,"turns":4},{"damage":6,"enemies":"Cultist","floor":5,"turns":3},{"damage":14,"enemies":"3 Louse","floor":7,"turns":4},{"damage":19,"enemies":"Large Slime","floor":8,"turns":5},{"damage":20,"enemies":"3 Sentries","floor":10,"turns":6},{"damage":16,"enemies":"Exordium Wildlife","floor":11,"turns":4},{"damage":0,"enemies":"Gremlin Nob","floor":14,"turns":2},{"damage":0,"enemies":"Slime Boss","floor":16,"turns":6},{"damage":6,"enemies":"Spheric Guardian","floor":18,"turns":2},{"damage":6,"enemies":"Chosen","floor":19,"turns":3},{"damage":0,"enemies":"Centurion and Healer","floor":21,"turns":2},{"damage":0,"enemies":"Slavers","floor":24,"turns":1},{"damage":13,"enemies":"Shelled Parasite and Fungi","floor":25,"turns":3},{"damage":4,"enemies":"Chosen and Byrds","floor":27,"turns":4},{"damage":6,"enemies":"Centurion and Healer","floor":28,"turns":2},{"damage":18,"enemies":"Book of Stabbing","floor":30,"turns":1},{"damage":13,"enemies":"Champ","floor":33,"turns":7},{"damage":12,"enemies":"3 Shapes","floor":35,"turns":1},{"damage":0,"enemies":"Orb Walker","floor":37,"turns":2},{"damage":0,"enemies":"Giant Head","floor":41,"turns":2},{"damage":0,"enemies":"Sphere and 2 Shapes","floor":42,"turns":1},{"damage":33,"enemies":"Nemesis","floor":45,"turns":3},{"damage":0,"enemies":"Spire Growth","floor":47,"turns":2},{"damage":20,"enemies":"Writhing Mass","floor":48,"turns":3},{"damage":1,"enemies":"Awakened One","floor":50,"turns":3},{"damage":6,"enemies":"Shield and Spear","floor":54,"turns":1},{"damage":40,"enemies":"The Heart","floor":55,"turns":6}],"seed_played":"-2753212800916081249","potions_obtained":[{"floor":5,"key":"Swift Potion"},{"floor":7,"key":"FearPotion"},{"floor":11,"key":"BloodPotion"},{"floor":14,"key":"SkillPotion"},{"floor":16,"key":"Explosive Potion"},{"floor":18,"key":"Fire Potion"},{"floor":19,"key":"Regen Potion"},{"floor":27,"key":"Block Potion"},{"floor":35,"key":"SkillPotion"},{"floor":48,"key":"Fire Potion"}],"is_trial":false,"path_per_floor":["M","M","?","?","M","R","M","M","T","E","M","?","?","E","R","B",null,"M","M","$","M","?","R","E","M","T","M","M","R","E","?","R","B",null,"M","?","M","?","?","R","E","M","T","R","E","R","M","M","R","B",null,"R","$","E","B",null],"character_chosen":"IRONCLAD","items_purchased":["Charon\u0027s Ashes","Enlightenment","Shuriken","Medical Kit","SkillPotion","Fire Potion"],"campfire_rested":3,"item_purchase_floors":[20,20,53,53,53,53],"current_hp_per_floor":[70,67,67,67,67,67,59,46,46,32,22,38,31,43,63,67,67,67,67,67,67,67,67,67,60,60,62,62,62,50,50,50,67,67,61,61,67,67,64,64,64,64,64,64,39,58,64,52,64,64,64,64,64,64,36],"gold":84,"neow_bonus":"ONE_RARE_RELIC","is_prod":false,"is_daily":false,"chose_seed":false,"campfire_upgraded":6,"win_rate":0,"timestamp":1554062797,"path_taken":["M","M","?","?","M","R","?","M","T","E","M","?","?","E","R","BOSS","M","M","$","M","?","R","E","M","T","M","M","R","E","?","R","BOSS","M","?","?","?","?","R","E","M","T","R","E","R","M","M","R","BOSS","R","$","E","BOSS"],"build_version":"2019-01-23","purchased_purges":2,"victory":true,"max_hp_per_floor":[72,72,67,67,67,67,67,67,67,67,67,67,67,67,67,67,67,67,67,67,67,67,67,67,67,67,67,67,67,67,67,67,67,67,67,67,67,67,64,64,64,64,64,64,64,64,64,64,64,64,64,64,64,64,64],"card_choices":[{"not_picked":["Battle Trance","Twin Strike"],"picked":"Body Slam","floor":1},{"not_picked":["Anger","Flex"],"picked":"Bludgeon","floor":2},{"not_picked":["Havoc","Clash"],"picked":"Inflame","floor":5},{"not_picked":["Infernal Blade","Body Slam"],"picked":"Limit Break","floor":7},{"not_picked":["Clothesline","Flex"],"picked":"Iron Wave","floor":8},{"not_picked":["Body Slam","Whirlwind"],"picked":"Corruption","floor":10},{"not_picked":["Pommel Strike","Flex"],"picked":"Headbutt","floor":11},{"not_picked":["Cleave","Headbutt"],"picked":"Shrug It Off","floor":14},{"not_picked":["Brutality","Bludgeon"],"picked":"Fiend Fire","floor":16},{"not_picked":["Warcry","Headbutt","Anger"],"picked":"SKIP","floor":18},{"not_picked":["Fire Breathing","Hemokinesis"],"picked":"Infernal Blade+1","floor":19},{"not_picked":["Anger","Armaments","Uppercut"],"picked":"SKIP","floor":21},{"not_picked":["Havoc","Reaper","Heavy Blade"],"picked":"SKIP","floor":24},{"not_picked":["Armaments","Sword Boomerang","Clothesline"],"picked":"SKIP","floor":25},{"not_picked":["Havoc","Cleave","Warcry"],"picked":"SKIP","floor":27},{"not_picked":["Armaments+1","Iron Wave"],"picked":"Ghostly Armor","floor":28},{"not_picked":["Cleave","Feed","Clash+1"],"picked":"SKIP","floor":30},{"not_picked":["Offering","Feed"],"picked":"Impervious","floor":33},{"not_picked":["True Grit","Shockwave+1"],"picked":"Fire Breathing+1","floor":35},{"not_picked":["Clothesline","Iron Wave","True Grit+1"],"picked":"SKIP","floor":37},{"not_picked":["Thunderclap","True Grit","Blood for Blood"],"picked":"SKIP","floor":41},{"not_picked":["Twin Strike","Fire Breathing+1"],"picked":"Exhume","floor":42},{"not_picked":["Battle Trance","Double Tap","True Grit"],"picked":"SKIP","floor":45},{"not_picked":["Clothesline","Havoc","Armaments+1"],"picked":"SKIP","floor":47},{"not_picked":["Wild Strike","Brutality","Evolve"],"picked":"SKIP","floor":48},{"not_picked":["Flame Barrier+1","Wild Strike+1"],"picked":"Seeing Red","floor":54}],"player_experience":193682,"relics_obtained":[{"floor":9,"key":"PreservedInsect"},{"floor":10,"key":"Self Forming Clay"},{"floor":14,"key":"Dodecahedron"},{"floor":24,"key":"Pen Nib"},{"floor":24,"key":"Anchor"},{"floor":26,"key":"Smiling Mask"},{"floor":30,"key":"Pantograph"},{"floor":30,"key":"Bag of Preparation"},{"floor":41,"key":"Bird Faced Urn"},{"floor":41,"key":"Bottled Flame"},{"floor":45,"key":"Red Skull"},{"floor":45,"key":"Art of War"},{"floor":54,"key":"Bronze Scales"},{"floor":54,"key":"Orichalcum"}],"event_choices":[{"damage_healed":0,"gold_gain":0,"player_choice":"Lose Max HP","damage_taken":0,"relics_obtained":["Golden Idol"],"max_hp_gain":0,"max_hp_loss":5,"event_name":"Golden Idol","floor":3,"gold_loss":0},{"damage_healed":0,"gold_gain":100,"player_choice":"Pray","damage_taken":0,"max_hp_gain":0,"max_hp_loss":0,"event_name":"Golden Shrine","floor":4,"gold_loss":0},{"damage_healed":16,"gold_gain":0,"player_choice":"Healed","damage_taken":0,"max_hp_gain":0,"max_hp_loss":0,"event_name":"The Cleric","floor":12,"gold_loss":35},{"damage_healed":0,"gold_gain":0,"player_choice":"Success","damage_taken":7,"relics_obtained":["Happy Flower"],"max_hp_gain":0,"max_hp_loss":0,"event_name":"Scrap Ooze","floor":13,"gold_loss":0},{"damage_healed":0,"gold_gain":0,"cards_transformed":["Strike_R","Strike_R"],"player_choice":"Became Test Subject","damage_taken":0,"max_hp_gain":0,"max_hp_loss":0,"event_name":"Drug Dealer","floor":22,"gold_loss":0,"cards_obtained":["Corruption","Second Wind"]},{"damage_healed":0,"gold_gain":99,"player_choice":"Stole From Cult","damage_taken":0,"max_hp_gain":0,"max_hp_loss":0,"event_name":"Nest","floor":31,"gold_loss":0},{"cards_removed":["Corruption"],"damage_healed":0,"gold_gain":0,"player_choice":"Purged","damage_taken":0,"max_hp_gain":0,"max_hp_loss":0,"event_name":"Purifier","floor":36,"gold_loss":0},{"damage_healed":0,"gold_gain":0,"player_choice":"Memory 1","damage_taken":0,"max_hp_gain":0,"max_hp_loss":0,"event_name":"SensoryStone","floor":38,"gold_loss":0},{"damage_healed":0,"gold_gain":0,"player_choice":"Max HP","damage_taken":0,"max_hp_gain":0,"max_hp_loss":3,"event_name":"Winding Halls","floor":39,"gold_loss":0}],"is_beta":false,"boss_relics":[{"not_picked":["Astrolabe","Runic Dome"],"picked":"Black Star"},{"not_picked":["Busted Crown","Runic Cube"],"picked":"Runic Pyramid"}],"items_purged_floors":[20,53],"is_endless":false,"potions_floor_spawned":[5,7,11,14,16,18,19,27,35,41,48],"ascension_level":3}