{"gold_per_floor":[113,127,127,144,104,104,135,135,135,155,1,17,17,34,34,134,134,153,76,61,61,78,78],"floor_reached":23,"playtime":1138,"items_purged":["Strike_B"],"score":212,"play_id":"d62164fa-ee6b-4a4c-b932-34ddd4113893","local_time":"20190331125829","is_ascension_mode":true,"campfire_choices":[{"data":"Zap","floor":6,"key":"SMITH"},{"data":"Dualcast","floor":8,"key":"SMITH"},{"floor":13,"key":"REST"},{"floor":15,"key":"REST"}],"neow_cost":"TEN_PERCENT_HP_LOSS","seed_source_timestamp":487075251120000,"circlet_count":0,"master_deck":["Strike_B","Strike_B+1","Strike_B","Defend_B","Defend_B","Defend_B","Defend_B","Zap+1","Dualcast+1","Ball Lightning","Conserve Battery","Ball Lightning+1","Ball Lightning","White Noise","Capacitor","Glacier","Electrodynamics","Capacitor","Tempest"],"relics":["Cracked Core","Ginger","CultistMask","Boot","Whetstone","Inserter"],"potions_floor_usage":[7,16,16,22,23,23],"damage_taken":[{"damage":1,"enemies":"Small Slimes","floor":1,"turns":4},{"damage":1,"enemies":"Cultist","floor":2,"turns":3},{"damage":0,"enemies":"2 Louse","floor":4,"turns":2},{"damage":19,"enemies":"Lagavulin","floor":7,"turns":5},{"damage":11,"enemies":"Lots of Slimes","floor":10,"turns":3},{"damage":6,"enemies":"3 Louse","floor":12,"turns":3},{"damage":20,"enemies":"Gremlin Gang","floor":14,"turns":4},{"damage":21,"enemies":"The Guardian","floor":16,"turns":9},{"damage":29,"enemies":"3 Byrds","floor":18,"turns":3},{"damage":26,"enemies":"2 Thieves","floor":20,"turns":5},{"damage":8,"enemies":"Snecko","floor":22,"turns":5},{"damage":5,"enemies":"Gremlin Leader","floor":23,"turns":4}],"seed_played":"3970008472835476483","potions_obtained":[{"floor":5,"key":"Energy Potion"},{"floor":5,"key":"Regen Potion"},{"floor":5,"key":"GamblersBrew"},{"floor":10,"key":"Poison Potion"},{"floor":14,"key":"SkillPotion"},{"floor":18,"key":"Explosive Potion"},{"floor":20,"key":"Explosive Potion"},{"floor":21,"key":"FocusPotion"},{"floor":22,"key":"SteroidPotion"}],"is_trial":false,"path_per_floor":["M","M","?","M","?","R","E","R","T","M","$","M","R","M","R","B",null,"M","$","M","?","M","E"],"character_chosen":"DEFECT","items_purchased":["Capacitor","Capacitor"],"campfire_rested":2,"item_purchase_floors":[11,19],"current_hp_per_floor":[67,66,66,66,66,66,56,56,56,45,45,39,59,39,59,38,68,39,39,13,13,5,0],"gold":78,"neow_bonus":"ONE_RARE_RELIC","is_prod":false,"is_daily":false,"chose_seed":false,"campfire_upgraded":2,"win_rate":0,"timestamp":1554051509,"path_taken":["M","M","?","?","?","R","E","R","T","M","$","?","R","M","R","BOSS","M","$","M","?","M","E"],"build_version":"2019-01-23","purchased_purges":1,"victory":false,"max_hp_per_floor":[68,68,68,68,68,68,68,68,68,68,68,68,68,68,68,68,68,68,68,68,68,68,68],"card_choices":[{"not_picked":["Rebound","Fusion"],"picked":"Ball Lightning","floor":1},{"not_picked":["Coolheaded","Static Discharge"],"picked":"Conserve Battery","floor":2},{"not_picked":["Turbo","Leap"],"picked":"Ball Lightning","floor":4},{"not_picked":["Blizzard","FTL"],"picked":"Ball Lightning","floor":7},{"not_picked":["Stack","Self Repair"],"picked":"White Noise","floor":10},{"not_picked":["Coolheaded","Steam Power"],"picked":"Glacier","floor":12},{"not_picked":["Gash","Scrape","Hologram"],"picked":"SKIP","floor":14},{"not_picked":["Core Surge","Buffer"],"picked":"Electrodynamics","floor":16},{"not_picked":["Gash","Turbo","Cold Snap"],"picked":"SKIP","floor":18},{"not_picked":["Double Energy","Turbo+1"],"picked":"Tempest","floor":20},{"not_picked":["Barrage","Ball Lightning","Melter"],"picked":"SKIP","floor":22}],"player_experience":184548,"relics_obtained":[{"floor":7,"key":"Boot"},{"floor":9,"key":"Whetstone"}],"event_choices":[{"damage_healed":0,"gold_gain":0,"player_choice":"Trade","damage_taken":0,"relics_obtained":["CultistMask"],"max_hp_gain":0,"max_hp_loss":0,"event_name":"FaceTrader","floor":3,"gold_loss":0},{"damage_healed":0,"gold_gain":0,"player_choice":"Bought 3 Potions","damage_taken":0,"max_hp_gain":0,"max_hp_loss":0,"event_name":"The Woman in Blue","floor":5,"gold_loss":0},{"damage_healed":0,"gold_gain":0,"player_choice":"Got Potions","damage_taken":0,"max_hp_gain":0,"max_hp_loss":0,"event_name":"Lab","floor":21,"gold_loss":0}],"is_beta":false,"boss_relics":[{"not_picked":["Tiny House","Orrery"],"picked":"Inserter"}],"items_purged_floors":[11],"is_endless":false,"potions_floor_spawned":[10,12,14,18,20,22],"killed_by":"Gremlin Leader","ascension_level":2}