{"gold_per_floor":[114,64,28,28,39,39,59,92,92,102,120,138,138,153,153,251,251,176,32,0,0,0,0],"floor_reached":23,"playtime":1376,"items_purged":[],"score":208,"play_id":"815d08aa-cf6e-4ac6-9311-ea83fcd220ad","local_time":"20190414164126","is_ascension_mode":true,"campfire_choices":[{"floor":6,"key":"REST"},{"floor":15,"key":"REST"}],"neow_cost":"NONE","seed_source_timestamp":235047644588310,"circlet_count":0,"master_deck":["Defend_G","Defend_G+1","Defend_G","Defend_G+1","Defend_G","Strike_G","Strike_G","Strike_G","Strike_G","Survivor","Neutralize","Venomology+1","Distraction+1","Noxious Fumes+1","Deflect","Outmaneuver","Terror","Deadly Poison","Leg Sweep","Tools of the Trade","Flying Knee","Adrenaline","Bouncing Flask","Underhanded Strike","Outmaneuver","Heel Hook","PiercingWail","Escape Plan"],"relics":["Ring of the Snake","Dream Catcher","Darkstone Periapt","Orrery","War Paint"],"potions_floor_usage":[1,5,7,7,8,11,12,14,16,16,23,23],"damage_taken":[{"damage":11,"enemies":"2 Louse","floor":1,"turns":3},{"damage":0,"enemies":"Small Slimes","floor":5,"turns":3},{"damage":3,"enemies":"Jaw Worm","floor":7,"turns":5},{"damage":9,"enemies":"3 Sentries","floor":8,"turns":10},{"damage":1,"enemies":"Blue Slaver","floor":10,"turns":3},{"damage":11,"enemies":"Looter","floor":11,"turns":5},{"damage":1,"enemies":"2 Fungi Beasts","floor":12,"turns":6},{"damage":0,"enemies":"Exordium Wildlife","floor":14,"turns":4},{"damage":22,"enemies":"The Guardian","floor":16,"turns":10},{"damage":31,"enemies":"2 Thieves","floor":18,"turns":5},{"damage":76,"enemies":"Slavers","floor":23,"turns":4}],"seed_played":"-4733293173114103053","potions_obtained":[{"floor":1,"key":"Strength Potion"},{"floor":7,"key":"Fruit Juice"},{"floor":11,"key":"Poison Potion"}],"is_trial":false,"path_per_floor":["M","?","$","?","M","R","M","E","T","M","M","M","?","M","R","B",null,"M","$","?","?","?","E"],"character_chosen":"THE_SILENT","items_purchased":["Noxious Fumes","War Paint"],"campfire_rested":2,"item_purchase_floors":[3,19],"current_hp_per_floor":[59,59,59,45,45,66,68,59,59,58,47,46,46,46,68,46,75,44,44,44,30,56,0],"gold":0,"neow_bonus":"ONE_RANDOM_RARE_CARD","is_prod":false,"is_daily":false,"chose_seed":false,"campfire_upgraded":0,"win_rate":0,"timestamp":1555274486,"path_taken":["M","?","$","?","M","R","M","E","T","M","M","M","?","M","R","BOSS","M","$","?","?","?","E"],"build_version":"2019-01-23","purchased_purges":0,"victory":false,"max_hp_per_floor":[70,70,70,70,70,70,75,75,75,75,75,75,75,75,75,75,75,75,75,75,80,80,80],"card_choices":[{"not_picked":["Deflect","Flying Knee"],"picked":"Distraction","floor":1},{"not_picked":["Slice","Predator"],"picked":"Deflect","floor":5},{"not_picked":["Endless Agony","PiercingWail"],"picked":"Outmaneuver","floor":7},{"not_picked":["Dagger Spray","Deflect"],"picked":"Terror","floor":8},{"not_picked":["Sucker Punch","Acrobatics"],"picked":"Deadly Poison","floor":10},{"not_picked":["Quick Slash","Prepared"],"picked":"Leg Sweep","floor":11},{"not_picked":["Quick Slash","Terror"],"picked":"Tools of the Trade","floor":12},{"not_picked":["Skewer","Quick Slash"],"picked":"Flying Knee","floor":14},{"not_picked":["Storm of Steel","Glass Knife"],"picked":"Adrenaline","floor":16},{"not_picked":["Blur","Flying Knee"],"picked":"Bouncing Flask","floor":17},{"not_picked":["Deflect","Dagger Spray"],"picked":"Underhanded Strike","floor":17},{"not_picked":["Slice","Skewer"],"picked":"Outmaneuver","floor":17},{"not_picked":["Acrobatics","Backflip"],"picked":"Heel Hook","floor":17},{"not_picked":["Choke","Endless Agony"],"picked":"PiercingWail","floor":17},{"not_picked":["Reflex","Cloak And Dagger"],"picked":"Escape Plan","floor":18}],"player_experience":246560,"relics_obtained":[{"floor":8,"key":"Dream Catcher"},{"floor":9,"key":"Darkstone Periapt"}],"event_choices":[{"cards_removed":["Strike_G"],"damage_healed":0,"gold_gain":0,"player_choice":"Card Removal","damage_taken":0,"max_hp_gain":0,"max_hp_loss":0,"event_name":"The Cleric","floor":2,"gold_loss":50},{"damage_healed":0,"gold_gain":0,"player_choice":"Entered Light","damage_taken":14,"max_hp_gain":0,"max_hp_loss":0,"event_name":"Shining Light","floor":4,"gold_loss":0,"cards_upgraded":["Venomology","Distraction"]},{"damage_healed":0,"gold_gain":0,"player_choice":"Grow","damage_taken":0,"max_hp_gain":0,"max_hp_loss":0,"event_name":"Living Wall","floor":13,"gold_loss":0,"cards_upgraded":["Noxious Fumes"]},{"damage_healed":0,"gold_gain":0,"player_choice":"Paid Fearfully","damage_taken":0,"max_hp_gain":0,"max_hp_loss":0,"event_name":"Masked Bandits","floor":20,"gold_loss":32},{"damage_healed":0,"gold_gain":0,"player_choice":"Shed Blood","damage_taken":19,"max_hp_gain":5,"max_hp_loss":0,"event_name":"Forgotten Altar","floor":21,"gold_loss":0},{"damage_healed":26,"gold_gain":0,"player_choice":"Heal","damage_taken":0,"max_hp_gain":0,"max_hp_loss":0,"event_name":"The Library","floor":22,"gold_loss":0}],"is_beta":false,"boss_relics":[{"not_picked":["Ring of the Serpent","Coffee Dripper"],"picked":"Orrery"}],"items_purged_floors":[],"is_endless":false,"potions_floor_spawned":[1,7,10,11,14],"killed_by":"Slavers","ascension_level":2}