{"gold_per_floor":[111,211,231,231,244,305,305,315,338,367,377,377],"floor_reached":12,"playtime":600,"items_purged":[],"score":104,"play_id":"ef6f6c06-e54c-4866-96b9-b6a8dec3f455","local_time":"20190228000819","is_ascension_mode":true,"campfire_choices":[{"data":"Flex","floor":7,"key":"SMITH"}],"neow_cost":"NONE","seed_source_timestamp":269136352371907,"circlet_count":0,"master_deck":["Strike_R","Strike_R","Strike_R","Strike_R","Strike_R","Defend_R","Defend_R","Defend_R","Defend_R","Bash","Flex+1","Battle Trance","Warcry","True Grit"],"relics":["Burning Blood","NeowsBlessing","Boot","Tiny Chest","Vajra","Meat on the Bone"],"potions_floor_usage":[],"damage_taken":[{"damage":0,"enemies":"Small Slimes","floor":1,"turns":1},{"damage":0,"enemies":"Cultist","floor":3,"turns":1},{"damage":0,"enemies":"Jaw Worm","floor":5,"turns":1},{"damage":40,"enemies":"Lagavulin","floor":6,"turns":5},{"damage":10,"enemies":"Exordium Wildlife","floor":8,"turns":4},{"damage":28,"enemies":"3 Sentries","floor":10,"turns":18},{"damage":11,"enemies":"Large Slime","floor":11,"turns":9},{"damage":0,"enemies":"Gremlin Gang","floor":12,"turns":1}],"seed_played":"-8630015518496430710","potions_obtained":[{"floor":3,"key":"Swift Potion"},{"floor":6,"key":"Swift Potion"},{"floor":8,"key":"Dexterity Potion"}],"is_trial":false,"path_per_floor":["M","?","M","?","M","E","R","M","T","E","M","M"],"character_chosen":"IRONCLAD","items_purchased":[],"campfire_rested":0,"item_purchase_floors":[],"current_hp_per_floor":[80,80,80,73,79,45,45,41,41,19,26,26],"gold":377,"neow_bonus":"THREE_ENEMY_KILL","is_prod":false,"is_daily":false,"chose_seed":false,"campfire_upgraded":1,"win_rate":0,"timestamp":1551330499,"path_taken":["M","?","?","?","M","E","R","M","T","E","M","M"],"build_version":"2019-01-23","purchased_purges":0,"victory":false,"max_hp_per_floor":[80,80,80,80,80,80,80,80,80,80,80,80],"card_choices":[{"not_picked":["Havoc","Carnage"],"picked":"Flex","floor":1},{"not_picked":["Iron Wave","Thunderclap","Headbutt"],"picked":"SKIP","floor":3},{"not_picked":["Rampage","Searing Blow"],"picked":"Battle Trance","floor":5},{"not_picked":["Evolve","Burning Pact"],"picked":"Warcry","floor":6},{"not_picked":["Clash","Dual Wield"],"picked":"True Grit","floor":8},{"not_picked":["Headbutt","Fiend Fire","Perfected Strike"],"picked":"SKIP","floor":10},{"not_picked":["Heavy Blade","Havoc","Dual Wield"],"picked":"SKIP","floor":11}],"player_experience":102799,"relics_obtained":[{"floor":6,"key":"Tiny Chest"},{"floor":9,"key":"Vajra"},{"floor":10,"key":"Meat on the Bone"}],"event_choices":[{"damage_healed":0,"gold_gain":100,"player_choice":"Pray","damage_taken":0,"max_hp_gain":0,"max_hp_loss":0,"event_name":"Golden Shrine","floor":2,"gold_loss":0},{"damage_healed":0,"gold_gain":0,"player_choice":"Success","damage_taken":7,"relics_obtained":["Boot"],"max_hp_gain":0,"max_hp_loss":0,"event_name":"Scrap Ooze","floor":4,"gold_loss":0}],"is_beta":false,"boss_relics":[],"items_purged_floors":[],"is_endless":false,"potions_floor_spawned":[3,6,8],"killed_by":"Gremlin Gang","ascension_level":3}