{"gold_per_floor":[144,144,189,234,279,279,324,369,419,464,509,554,599,644,644,944,944,944,944,185,185,230,230,230],"floor_reached":24,"playtime":3715,"items_purged":["Enlightenment"],"score":246,"play_id":"de280dc9-29aa-42a1-a063-ede3af011cf8","local_time":"20180704201522","daily_mods":["Allstar","Midas","Binary"],"is_ascension_mode":false,"campfire_choices":[{"floor":6,"key":"REST"},{"floor":15,"key":"REST"},{"floor":23,"key":"REST"}],"neow_cost":"","seed_source_timestamp":0,"circlet_count":0,"master_deck":["Defend_G","Defend_G","Defend_G","Defend_G","Defend_G+1","Survivor","Neutralize","Swift Strike","Bandage Up","Jack Of All Trades","Flash of Steel","Dagger Throw","Cloak And Dagger","Deadly Poison","Acrobatics","Backstab","Outmaneuver","Bite","Bite","Bite","Bite","Bite","Unload","Wraith Form v2","Flying Knee+1"],"special_seed":17716,"relics":["Ring of the Snake","Bag of Marbles","White Beast Statue","Blood Vial","Ancient Tea Set","Bag of Preparation"],"potions_floor_usage":[16,16,16,24,24],"damage_taken":[{"damage":6,"enemies":"Jaw Worm","floor":1,"turns":4},{"damage":0,"enemies":"2 Louse","floor":3,"turns":2},{"damage":0,"enemies":"Cultist","floor":4,"turns":3},{"damage":3,"enemies":"2 Fungi Beasts","floor":5,"turns":4},{"damage":5,"enemies":"Looter","floor":7,"turns":3},{"damage":5,"enemies":"3 Louse","floor":8,"turns":4},{"damage":0,"enemies":"Red Slaver","floor":10,"turns":3},{"damage":0,"enemies":"Exordium Wildlife","floor":11,"turns":4},{"damage":4,"enemies":"Looter","floor":12,"turns":3},{"damage":12,"enemies":"Lots of Slimes","floor":13,"turns":4},{"damage":7,"enemies":"Gremlin Gang","floor":14,"turns":4},{"damage":47,"enemies":"Hexaghost","floor":16,"turns":12},{"damage":34,"enemies":"2 Thieves","floor":18,"turns":5},{"damage":10,"enemies":"Chosen","floor":22,"turns":5},{"damage":67,"enemies":"Gremlin Leader","floor":24,"turns":6}],"seed_played":"-71874081359169380","potions_obtained":[{"floor":3,"key":"FearPotion"},{"floor":5,"key":"LiquidBronze"},{"floor":7,"key":"AttackPotion"},{"floor":12,"key":"GhostInAJar"},{"floor":18,"key":"GamblersBrew"},{"floor":22,"key":"EntropicBrew"}],"is_trial":false,"path_per_floor":["M","?","M","M","M","R","M","M","T","M","M","M","M","M","R","B",null,"M","?","$","?","M","R"],"character_chosen":"THE_SILENT","items_purchased":["Unload","Wraith Form v2","Blood Vial","Ancient Tea Set","Bag of Preparation"],"campfire_rested":3,"item_purchase_floors":[20,20,20,20,20],"current_hp_per_floor":[64,50,54,60,61,70,69,68,68,70,70,66,58,55,70,27,70,40,40,40,33,39,54,0],"gold":230,"neow_bonus":"","is_prod":false,"is_daily":true,"chose_seed":false,"campfire_upgraded":0,"win_rate":0,"timestamp":1530749722,"path_taken":["M","?","M","M","M","R","M","M","T","M","M","M","M","?","R","BOSS","M","?","$","?","?","R","E"],"build_version":"2018-06-28","purchased_purges":1,"victory":false,"max_hp_per_floor":[70,70,70,70,70,70,70,70,70,70,70,70,70,70,70,70,70,70,49,49,54,54,54,54],"card_choices":[{"not_picked":["Prepared","Slice"],"picked":"SKIP","floor":1},{"not_picked":["Endless Agony"],"picked":"Dagger Throw","floor":3},{"not_picked":["Deflect","Caltrops"],"picked":"SKIP","floor":4},{"not_picked":["Acrobatics"],"picked":"Cloak And Dagger","floor":5},{"not_picked":["Dodge and Roll"],"picked":"Deadly Poison","floor":7},{"not_picked":["Dash","Night Terror"],"picked":"SKIP","floor":8},{"not_picked":["Flechettes","Heel Hook"],"picked":"SKIP","floor":10},{"not_picked":["Caltrops"],"picked":"Acrobatics","floor":11},{"not_picked":["Expertise","Deflect"],"picked":"SKIP","floor":12},{"not_picked":["Slice"],"picked":"Backstab","floor":13},{"not_picked":["Deflect","Leg Sweep"],"picked":"SKIP","floor":14},{"not_picked":["Slice"],"picked":"Outmaneuver","floor":18},{"not_picked":["Reflex+1"],"picked":"Flying Knee+1","floor":22}],"player_experience":188774,"relics_obtained":[{"floor":9,"key":"Bag of Marbles"}],"event_choices":[{"event_name":"Shining Light","player_choice":"Entered Light","floor":2,"damage_taken":0},{"event_name":"Vampires","player_choice":"Became a vampire","floor":19,"damage_taken":0},{"event_name":"Forgotten Altar","player_choice":"Shed Blood","floor":21,"damage_taken":0}],"boss_relics":[{"not_picked":["Runic Dome","Runic Pyramid"],"picked":"White Beast Statue"}],"items_purged_floors":[20],"is_endless":false,"potions_floor_spawned":[3,5,7,10,12,14,18,22],"killed_by":"Gremlin Leader","ascension_level":0}