{"gold_per_floor":[119,132,132,132,146,180,192,192,219,248,248,260,260,260,260,360,360,375,375,375,389,408,408,333,333,384,417,148,163,176,190,190,190],"floor_reached":33,"playtime":2727,"items_purged":["Defend_R"],"score":257,"play_id":"28228140-076a-4c32-8545-c528164d204b","local_time":"20190131211741","is_ascension_mode":false,"campfire_choices":[{"floor":8.0,"key":"REST"},{"data":"Armaments","floor":13.0,"key":"SMITH"},{"data":"Wild Strike","floor":15.0,"key":"SMITH"},{"data":"Perfected Strike","floor":23.0,"key":"SMITH"},{"data":"Double Tap","floor":25.0,"key":"SMITH"},{"data":"Pommel Strike","floor":32,"key":"SMITH"}],"neow_cost":"NONE","seed_source_timestamp":0,"circlet_count":0,"master_deck":["Strike_R","Strike_R","Strike_R","Strike_R","Strike_R","Defend_R","Defend_R","Defend_R","Perfected Strike+1","Wild Strike+1","Havoc","Burning Pact","Armaments+1","Shrug It Off","Double Tap+1","Perfected Strike+1","Twin Strike","Pommel Strike+1","Clash+1","Shrug It Off"],"special_seed":0,"relics":["Burning Blood","Bag of Preparation","Ancient Tea Set","Vajra","Nunchaku","Sozu","Red Skull","Red Mask","Sling"],"potions_floor_usage":[33],"damage_taken":[{"damage":6.0,"enemies":"Jaw Worm","floor":1.0,"turns":6.0},{"damage":0.0,"enemies":"2 Louse","floor":2.0,"turns":2.0},{"damage":0.0,"enemies":"Small Slimes","floor":5.0,"turns":3.0},{"damage":20.0,"enemies":"Gremlin Nob","floor":6.0,"turns":4.0},{"damage":7.0,"enemies":"Blue Slaver","floor":7.0,"turns":2.0},{"damage":31.0,"enemies":"3 Sentries","floor":10.0,"turns":6.0},{"damage":9.0,"enemies":"2 Fungi Beasts","floor":12.0,"turns":2.0},{"damage":53.0,"enemies":"Slime Boss","floor":16.0,"turns":14.0},{"damage":2.0,"enemies":"Chosen","floor":18.0,"turns":4.0},{"damage":0.0,"enemies":"Spheric Guardian","floor":21.0,"turns":3.0},{"damage":16.0,"enemies":"Snake Plant","floor":22.0,"turns":2.0},{"damage":0.0,"enemies":"Masked Bandits","floor":27.0,"turns":2.0},{"damage":3,"enemies":"Cultist and Chosen","floor":29,"turns":4},{"damage":16,"enemies":"3 Cultists","floor":30,"turns":4},{"damage":0,"enemies":"Centurion and Healer","floor":31,"turns":3},{"damage":107,"enemies":"Automaton","floor":33,"turns":6}],"seed_played":"6325296325218998179","potions_obtained":[{"floor":6.0,"key":"FearPotion"},{"floor":10.0,"key":"BloodPotion"},{"floor":12.0,"key":"Dexterity Potion"}],"is_trial":false,"path_per_floor":["M","M","?","?","M","E","M","R","T","E","?","M","R","?","R","B",null,"M","?","?","M","M","R","?","R","T","?","$","M","M","M","R","B"],"character_chosen":"IRONCLAD","items_purchased":["Sling"],"campfire_rested":1,"item_purchase_floors":[28],"current_hp_per_floor":[80,80,85,78,84,70,69,85,85,60,60,57,57,78,78,31,85,85,85,85,85,75,75,75,75,75,81,81,82,72,78,78,0],"gold":190,"neow_bonus":"REMOVE_CARD","is_prod":false,"is_daily":false,"chose_seed":false,"campfire_upgraded":5,"win_rate":0.0,"timestamp":1548987461,"path_taken":["M","M","?","?","M","E","M","R","T","E","?","?","R","?","R","BOSS","M","?","?","M","M","R","?","R","T","?","$","M","M","M","R","BOSS"],"build_version":"2019-01-23","purchased_purges":1,"victory":false,"max_hp_per_floor":[80,80,85,85,85,85,85,85,85,85,85,85,85,85,85,85,85,85,85,85,85,85,85,82,82,82,82,82,82,82,82,82,82],"card_choices":[{"not_picked":["Headbutt","Bloodletting"],"picked":"Perfected Strike","floor":1.0},{"not_picked":["True Grit","Combust","Anger"],"picked":"SKIP","floor":2.0},{"not_picked":["Clothesline","Rupture"],"picked":"Wild Strike","floor":5.0},{"not_picked":["Cleave","Flex"],"picked":"Havoc","floor":6.0},{"not_picked":["Havoc","Dropkick"],"picked":"Burning Pact","floor":7.0},{"not_picked":["Anger","Hemokinesis"],"picked":"Armaments","floor":10.0},{"not_picked":["Flex","Metallicize"],"picked":"Shrug It Off","floor":12.0},{"not_picked":["Reaper","Offering"],"picked":"Double Tap","floor":16.0},{"not_picked":["Sentinel","Rage"],"picked":"Perfected Strike","floor":18.0},{"not_picked":["Pummel","Cleave"],"picked":"Twin Strike","floor":21.0},{"not_picked":["Power Through+1","Battle Trance","Thunderclap"],"picked":"SKIP","floor":22.0},{"not_picked":["Iron Wave+1","Wild Strike"],"picked":"Pommel Strike","floor":27.0},{"not_picked":["Perfected Strike","Rupture+1"],"picked":"Clash+1","floor":30},{"not_picked":["Barricade","Shockwave"],"picked":"Shrug It Off","floor":31}],"player_experience":323355,"relics_obtained":[{"floor":6.0,"key":"Ancient Tea Set"},{"floor":9.0,"key":"Vajra"},{"floor":10.0,"key":"Nunchaku"},{"floor":26.0,"key":"Red Skull"},{"floor":27.0,"key":"Red Mask"}],"event_choices":[{"damage_healed":0.0,"max_hp_gain":5.0,"max_hp_loss":0.0,"gold_gain":0.0,"event_name":"Big Fish","player_choice":"Donut","floor":3.0,"gold_loss":0.0,"damage_taken":0.0},{"damage_healed":0.0,"max_hp_gain":0.0,"max_hp_loss":0.0,"gold_gain":0.0,"event_name":"Scrap Ooze","player_choice":"Success","floor":4.0,"gold_loss":0.0,"damage_taken":7.0,"relics_obtained":["Bag of Preparation"]},{"damage_healed":0.0,"max_hp_gain":0.0,"max_hp_loss":0.0,"gold_gain":0.0,"event_name":"Living Wall","player_choice":"Grow","floor":11.0,"gold_loss":0.0,"damage_taken":0.0,"cards_upgraded":["Perfected Strike"]},{"damage_healed":21.0,"max_hp_gain":0.0,"max_hp_loss":0.0,"gold_gain":0.0,"event_name":"Mushrooms","player_choice":"Healed and dodged fight","floor":14.0,"gold_loss":0.0,"damage_taken":0.0,"cards_obtained":["Parasite"]},{"damage_healed":0.0,"max_hp_gain":0.0,"max_hp_loss":0.0,"gold_gain":0.0,"event_name":"Ghosts","player_choice":"Ignored","floor":19.0,"gold_loss":0.0,"damage_taken":0.0},{"damage_healed":0.0,"max_hp_gain":0.0,"max_hp_loss":0.0,"gold_gain":0.0,"event_name":"Vampires","player_choice":"Ignored","floor":20.0,"gold_loss":0.0,"damage_taken":0.0},{"cards_removed":["Parasite"],"damage_healed":0.0,"max_hp_gain":0.0,"max_hp_loss":0.0,"gold_gain":0.0,"event_name":"Beggar","player_choice":"Gave Gold","floor":24.0,"gold_loss":75.0,"damage_taken":0.0},{"damage_healed":0.0,"max_hp_gain":0.0,"max_hp_loss":0.0,"gold_gain":0.0,"event_name":"Masked Bandits","player_choice":"Fought Bandits","floor":27.0,"gold_loss":0.0,"damage_taken":0.0}],"is_beta":false,"boss_relics":[{"not_picked":["Runic Cube","Pandora\u0027s Box"],"picked":"Sozu"}],"items_purged_floors":[28],"is_endless":false,"potions_floor_spawned":[6,10,12,16,18,29,30],"killed_by":"Automaton","ascension_level":0}