{"gold_per_floor":[114,39,39,54,27,27,42,42,67,82,112,127,142,157,157,257,257,272,172,187,187,187,217,232,232,232,247,0,0],"floor_reached":29,"playtime":812,"items_purged":["Force Field","Blizzard"],"score":474,"play_id":"6fe5c7a8-1ecb-40b1-bab8-7caee366cb26","local_time":"20190417172620","daily_mods":["Insanity","Uncertain Future","Lethality"],"is_ascension_mode":false,"campfire_choices":[{"data":"Melter","floor":6,"key":"SMITH"},{"data":"Double Energy","floor":8,"key":"SMITH"},{"data":"Steam Power","floor":15,"key":"SMITH"},{"floor":25,"key":"REST"}],"neow_cost":"","seed_source_timestamp":0,"circlet_count":0,"master_deck":["Melter+1","Streamline","Sweeping Beam","Redo","Leap","Go for the Eyes","Cold Snap","Sunder","Recycle","Compile Driver","Cold Snap","Beam Cell","Double Energy+1","Cold Snap","Barrage","Steam","Steam Power+1","Turbo","White Noise","Undo","Barrage","Scrape","Chill","Conserve Battery","Darkness","Compile Driver","Cold Snap","Gash","Conserve Battery","Beam Cell","Storm","Barrage","Reprogram","Compile Driver","Gash","Conserve Battery","Beam Cell","Gash","Barrage","Hologram","Hologram","Barrage","Skim","Gash","Conserve Battery","Sweeping Beam","Skim","Scrape","Ball Lightning","Ball Lightning","All For One","Seek","Gash"],"special_seed":18003,"relics":["Cracked Core","Potion Belt","Singing Bowl","Fusion Hammer","Letter Opener","Du-Vu Doll"],"potions_floor_usage":[22,24,24,24],"damage_taken":[{"damage":0,"enemies":"Small Slimes","floor":1,"turns":2},{"damage":0,"enemies":"Cultist","floor":4,"turns":2},{"damage":0,"enemies":"2 Louse","floor":7,"turns":1},{"damage":0,"enemies":"2 Fungi Beasts","floor":10,"turns":2},{"damage":7,"enemies":"Gremlin Nob","floor":11,"turns":3},{"damage":0,"enemies":"Looter","floor":12,"turns":1},{"damage":12,"enemies":"Red Slaver","floor":13,"turns":2},{"damage":2,"enemies":"Lots of Slimes","floor":14,"turns":2},{"damage":0,"enemies":"Slime Boss","floor":16,"turns":2},{"damage":9,"enemies":"Chosen","floor":18,"turns":2},{"damage":0,"enemies":"Spheric Guardian","floor":20,"turns":2},{"damage":19,"enemies":"Shelled Parasite and Fungi","floor":22,"turns":2},{"damage":38,"enemies":"Gremlin Leader","floor":23,"turns":4},{"damage":0,"enemies":"Snecko","floor":24,"turns":2},{"damage":23,"enemies":"Snake Plant","floor":27,"turns":3},{"damage":17,"enemies":"Shelled Parasite and Fungi","floor":29,"turns":2}],"seed_played":"-3469368517939405198","potions_obtained":[{"floor":1,"key":"Energy Potion"},{"floor":7,"key":"Dexterity Potion"},{"floor":11,"key":"EssenceOfSteel"},{"floor":14,"key":"SmokeBomb"},{"floor":23,"key":"SkillPotion"},{"floor":24,"key":"Ancient Potion"}],"is_trial":false,"path_per_floor":["M","$","?","M","$","R","M","R","T","M","E","M","M","M","R","B",null,"M","$","M","?","M","E","M","R","T","M","?","M"],"character_chosen":"DEFECT","items_purchased":["Ball Lightning"],"campfire_rested":1,"item_purchase_floors":[5],"current_hp_per_floor":[75,75,75,75,75,75,75,75,75,75,70,70,60,60,60,60,81,74,74,76,60,41,5,7,35,35,12,12,0],"gold":0,"neow_bonus":"","is_prod":false,"is_daily":true,"chose_seed":false,"campfire_upgraded":3,"win_rate":0,"timestamp":1555536380,"path_taken":["M","$","?","M","?","R","M","R","T","M","E","?","M","M","R","BOSS","M","$","M","?","M","E","M","R","T","M","?","M"],"build_version":"2019-01-23","purchased_purges":2,"victory":false,"max_hp_per_floor":[75,75,75,75,75,75,75,75,75,75,77,77,79,81,81,81,81,83,83,85,90,90,92,94,94,94,94,94,94],"card_choices":[{"not_picked":["Sweeping Beam","Barrage"],"picked":"Scrape","floor":1},{"not_picked":["Steam Power","Doom and Gloom","Coolheaded"],"picked":"SKIP","floor":4},{"not_picked":["Loop","Steam"],"picked":"Ball Lightning","floor":7},{"not_picked":["Ball Lightning","Static Discharge","Chaos"],"picked":"SKIP","floor":10},{"not_picked":["Redo","Barrage","Chaos"],"picked":"Singing Bowl","floor":11},{"not_picked":["Ball Lightning","Steam"],"picked":"All For One","floor":12},{"not_picked":["Static Discharge","Compile Driver","Steam Power"],"picked":"Singing Bowl","floor":13},{"not_picked":["Redo","Stack","Barrage"],"picked":"Singing Bowl","floor":14},{"not_picked":["Meteor Strike","Fission"],"picked":"Seek","floor":16},{"not_picked":["Coolheaded+1","Tempest+1","Sunder"],"picked":"Singing Bowl","floor":18},{"not_picked":["Steam","Redo","Turbo"],"picked":"Singing Bowl","floor":20},{"not_picked":["Chill","Force Field","Go for the Eyes+1"],"picked":"Singing Bowl","floor":23},{"not_picked":["Recycle","Blizzard","Leap"],"picked":"Singing Bowl","floor":24},{"not_picked":["Doom and Gloom","Sweeping Beam"],"picked":"Gash","floor":27}],"player_experience":485758,"relics_obtained":[{"floor":9,"key":"Potion Belt"},{"floor":11,"key":"Singing Bowl"},{"floor":23,"key":"Letter Opener"},{"floor":26,"key":"Du-Vu Doll"}],"event_choices":[{"cards_removed":["Chill"],"damage_healed":0,"gold_gain":0,"player_choice":"Offered Uncommon","damage_taken":0,"max_hp_gain":0,"max_hp_loss":0,"event_name":"Bonfire Elementals","floor":3,"gold_loss":0},{"damage_healed":0,"gold_gain":0,"player_choice":"Shed Blood","damage_taken":21,"max_hp_gain":5,"max_hp_loss":0,"event_name":"Forgotten Altar","floor":21,"gold_loss":0},{"damage_healed":0,"gold_gain":0,"player_choice":"Paid Fearfully","damage_taken":0,"max_hp_gain":0,"max_hp_loss":0,"event_name":"Masked Bandits","floor":28,"gold_loss":247}],"is_beta":false,"boss_relics":[{"not_picked":["Philosopher\u0027s Stone","Runic Pyramid"],"picked":"Fusion Hammer"}],"items_purged_floors":[2,19],"is_endless":false,"potions_floor_spawned":[1,7,11,14,22,23,24],"killed_by":"Shelled Parasite and Fungi","ascension_level":0}