{"gold_per_floor":[112,112,31,31,41,75,94,94,94,94,71,71,95,108,108,211,211,223,138,138,138,156,189,189,189,189,221,221,221,139,157,157,157],"floor_reached":33,"playtime":1586,"items_purged":[],"score":450,"play_id":"f43952ad-9530-4cc6-b6ac-03158a9f3d2a","local_time":"20190407185735","is_ascension_mode":true,"campfire_choices":[{"data":"Armaments","floor":10,"key":"SMITH"},{"floor":15,"key":"REST"},{"floor":24,"key":"REST"},{"floor":29,"key":"REST"},{"data":"Seeing Red","floor":32,"key":"SMITH"}],"neow_cost":"NONE","seed_source_timestamp":345078372781996,"circlet_count":0,"master_deck":["Defend_R+1","Defend_R+1","Defend_R+1","Defend_R+1","Bash","Armaments+1","Infernal Blade","Battle Trance+1","Whirlwind","Clothesline","Shrug It Off","Headbutt","Ghostly Armor+1","Double Tap","Bite","Bite","Bite","Bite","Bite","Seeing Red+1","Seeing Red+1"],"relics":["Black Blood","NeowsBlessing","Dodecahedron","Red Skull","Ornamental Fan","PreservedInsect","Odd Mushroom","Frozen Egg 2","Nilry\u0027s Codex","War Paint","Darkstone Periapt","Meat on the Bone"],"potions_floor_usage":[33,33,33],"damage_taken":[{"damage":0,"enemies":"Small Slimes","floor":1,"turns":1},{"damage":0,"enemies":"Cultist","floor":5,"turns":1},{"damage":0,"enemies":"Gremlin Nob","floor":6,"turns":1},{"damage":0,"enemies":"Jaw Worm","floor":7,"turns":3},{"damage":14,"enemies":"The Mushroom Lair","floor":13,"turns":3},{"damage":11,"enemies":"Large Slime","floor":14,"turns":6},{"damage":0,"enemies":"Slime Boss","floor":16,"turns":6},{"damage":21,"enemies":"Shell Parasite","floor":18,"turns":15},{"damage":20,"enemies":"Chosen","floor":22,"turns":5},{"damage":37,"enemies":"Gremlin Leader","floor":23,"turns":6},{"damage":23,"enemies":"Slavers","floor":27,"turns":5},{"damage":31,"enemies":"Snecko","floor":31,"turns":7},{"damage":61,"enemies":"Collector","floor":33,"turns":9}],"seed_played":"8500273596178693591","potions_obtained":[{"floor":7,"key":"AttackPotion"},{"floor":13,"key":"FearPotion"},{"floor":14,"key":"EssenceOfSteel"},{"floor":23,"key":"PowerPotion"}],"is_trial":false,"path_per_floor":["M","?","$","?","M","E","M","?","T","R","$","?","?","M","R","B",null,"M","?","$","?","M","E","R","?","T","E","?","R","$","M","R","B"],"character_chosen":"IRONCLAD","items_purchased":["Infernal Blade","Shrug It Off","Seeing Red"],"campfire_rested":3,"item_purchase_floors":[3,11,30],"current_hp_per_floor":[80,80,80,73,79,80,80,80,80,80,80,80,72,67,80,80,80,69,69,69,53,43,16,40,40,40,27,27,43,43,48,48,0],"gold":157,"neow_bonus":"THREE_ENEMY_KILL","is_prod":false,"is_daily":false,"chose_seed":false,"campfire_upgraded":2,"win_rate":0,"timestamp":1554677855,"path_taken":["M","?","?","?","?","E","M","?","T","R","$","?","?","M","R","BOSS","M","?","$","?","M","E","R","?","T","E","?","R","$","?","R","BOSS"],"build_version":"2019-01-23","purchased_purges":0,"victory":false,"max_hp_per_floor":[80,80,80,80,80,80,80,80,80,80,80,80,80,80,80,80,80,80,80,80,80,80,80,80,80,80,80,56,56,56,56,56,56],"card_choices":[{"not_picked":["Heavy Blade","Anger"],"picked":"Armaments","floor":1},{"not_picked":["Anger","Iron Wave"],"picked":"Battle Trance","floor":5},{"not_picked":["Havoc","Sentinel"],"picked":"Whirlwind","floor":6},{"not_picked":["Corruption","Perfected Strike"],"picked":"Clothesline","floor":7},{"not_picked":["Bloodletting","Second Wind"],"picked":"Headbutt","floor":13},{"not_picked":["Body Slam","True Grit"],"picked":"Ghostly Armor","floor":14},{"not_picked":["Brutality","Barricade"],"picked":"Double Tap","floor":16},{"not_picked":["Heavy Blade","Havoc","Cleave"],"picked":"SKIP","floor":18},{"not_picked":["Sword Boomerang","Whirlwind","Twin Strike+1"],"picked":"SKIP","floor":22},{"not_picked":["Thunderclap","Headbutt","Reckless Charge"],"picked":"SKIP","floor":23},{"not_picked":["Ghostly Armor","Pommel Strike","Entrench"],"picked":"SKIP","floor":27},{"not_picked":["Searing Blow","Sentinel"],"picked":"Seeing Red+1","floor":31}],"player_experience":226604,"relics_obtained":[{"floor":6,"key":"Red Skull"},{"floor":9,"key":"Ornamental Fan"},{"floor":13,"key":"Odd Mushroom"},{"floor":21,"key":"Nilry\u0027s Codex"},{"floor":23,"key":"War Paint"},{"floor":26,"key":"Darkstone Periapt"},{"floor":27,"key":"Meat on the Bone"}],"event_choices":[{"cards_removed":["Strike_R"],"damage_healed":0,"gold_gain":0,"player_choice":"Offered Basic","damage_taken":0,"max_hp_gain":0,"max_hp_loss":0,"event_name":"Bonfire Elementals","floor":2,"gold_loss":0},{"damage_healed":0,"gold_gain":0,"player_choice":"Success","damage_taken":7,"relics_obtained":["Dodecahedron"],"max_hp_gain":0,"max_hp_loss":0,"event_name":"Scrap Ooze","floor":4,"gold_loss":0},{"damage_healed":0,"gold_gain":0,"player_choice":"Ignored","damage_taken":0,"max_hp_gain":0,"max_hp_loss":0,"event_name":"Liars Game","floor":8,"gold_loss":0},{"damage_healed":0,"gold_gain":0,"player_choice":"Searched \u00271\u0027 times","damage_taken":0,"relics_obtained":["PreservedInsect"],"max_hp_gain":0,"max_hp_loss":0,"event_name":"Dead Adventurer","floor":12,"gold_loss":0},{"damage_healed":0,"gold_gain":0,"player_choice":"Fought Mushrooms","damage_taken":0,"max_hp_gain":0,"max_hp_loss":0,"event_name":"Mushrooms","floor":13,"gold_loss":0},{"damage_healed":0,"gold_gain":0,"player_choice":"Obtained Relic","damage_taken":0,"relics_obtained":["Frozen Egg 2"],"max_hp_gain":0,"max_hp_loss":0,"event_name":"Addict","floor":19,"gold_loss":85},{"damage_healed":0,"gold_gain":0,"player_choice":"Obtained Book","damage_taken":16,"max_hp_gain":0,"max_hp_loss":0,"event_name":"Cursed Tome","floor":21,"gold_loss":0},{"damage_healed":0,"gold_gain":0,"player_choice":"Simplicity","damage_taken":0,"max_hp_gain":0,"max_hp_loss":0,"event_name":"Back to Basics","floor":25,"gold_loss":0,"cards_upgraded":["Strike_R","Strike_R","Strike_R","Strike_R","Defend_R","Defend_R","Defend_R","Defend_R"]},{"damage_healed":0,"gold_gain":0,"player_choice":"Became a vampire","damage_taken":0,"max_hp_gain":0,"max_hp_loss":24,"event_name":"Vampires","floor":28,"gold_loss":0,"cards_obtained":["Bite","Bite","Bite","Bite","Bite"]}],"is_beta":false,"boss_relics":[{"not_picked":["Orrery","Velvet Choker"],"picked":"Black Blood"}],"items_purged_floors":[],"is_endless":false,"potions_floor_spawned":[7,13,14,23,27],"killed_by":"Collector","ascension_level":4}