{"gold_per_floor":[119,9,27,44,58,92,92,111,111,143,143,161,161,175,175,279,279,291,390,191,204,204,204,164,164,187,210,66,66,66,66,66,66],"floor_reached":33,"playtime":1930,"items_purged":["Defend_G","Infinite Blades"],"score":255,"play_id":"f7ccdbed-325d-4f50-b95c-ca9324502c98","local_time":"20190329210542","is_ascension_mode":false,"campfire_choices":[{"floor":7,"key":"REST"},{"floor":11,"key":"REST"},{"floor":15,"key":"REST"},{"floor":23,"key":"REST"},{"data":"Infinite Blades","floor":25,"key":"SMITH"},{"floor":30,"key":"REST"},{"data":"Accuracy","floor":32,"key":"SMITH"}],"neow_cost":"NONE","seed_source_timestamp":453193775188952,"circlet_count":0,"master_deck":["Defend_G+1","Defend_G","Defend_G+1","Defend_G","Strike_G","Strike_G","Survivor","Neutralize","Burst+1","Bullet Time+1","Night Terror+1","Infinite Blades+1","Accuracy+1","Cloak And Dagger","Accuracy+1","Die Die Die"],"relics":["Astrolabe","Pen Nib","Lantern","PreservedInsect","HoveringKite","Frozen Egg 2","MawBank","Strawberry","MutagenicStrength"],"potions_floor_usage":[6,14,21,21],"damage_taken":[{"damage":0,"enemies":"Small Slimes","floor":1,"turns":8},{"damage":3,"enemies":"2 Louse","floor":3,"turns":3},{"damage":9,"enemies":"Cultist","floor":4,"turns":5},{"damage":13,"enemies":"Large Slime","floor":5,"turns":6},{"damage":13,"enemies":"3 Sentries","floor":6,"turns":7},{"damage":12,"enemies":"2 Fungi Beasts","floor":8,"turns":4},{"damage":23,"enemies":"Lagavulin","floor":10,"turns":5},{"damage":18,"enemies":"Blue Slaver","floor":12,"turns":3},{"damage":0,"enemies":"Looter","floor":14,"turns":4},{"damage":25,"enemies":"Slime Boss","floor":16,"turns":9},{"damage":21,"enemies":"Shell Parasite","floor":18,"turns":4},{"damage":11,"enemies":"Chosen","floor":21,"turns":4},{"damage":32,"enemies":"Centurion and Healer","floor":27,"turns":6},{"damage":65,"enemies":"Automaton","floor":33,"turns":8}],"seed_played":"-3729445175807794783","potions_obtained":[{"floor":1,"key":"Regen Potion"},{"floor":5,"key":"Poison Potion"},{"floor":6,"key":"Energy Potion"},{"floor":8,"key":"SneckoOil"},{"floor":16,"key":"Fire Potion"}],"is_trial":false,"path_per_floor":["M","$","M","M","M","E","R","M","T","E","R","M","?","M","R","B",null,"M","?","$","M","?","R","?","R","T","M","$","?","R","?","R","B"],"character_chosen":"THE_SILENT","items_purchased":["Accuracy","Fruit Juice","Strawberry"],"campfire_rested":5,"item_purchase_floors":[2,20,28],"current_hp_per_floor":[70,70,67,58,45,47,68,56,56,33,54,36,36,36,57,32,70,49,49,49,43,43,65,65,65,65,33,40,40,64,64,64,0],"gold":66,"neow_bonus":"BOSS_RELIC","is_prod":false,"is_daily":false,"chose_seed":false,"campfire_upgraded":2,"win_rate":0,"timestamp":1553907942,"path_taken":["M","$","M","M","M","E","R","M","T","E","R","M","?","M","R","BOSS","M","?","$","M","?","R","?","R","T","?","$","?","R","?","R","BOSS"],"build_version":"2019-01-23","purchased_purges":2,"victory":false,"max_hp_per_floor":[70,70,70,70,70,70,70,70,70,70,70,70,70,70,70,70,70,70,70,70,75,75,75,75,75,75,75,82,82,82,82,82,82],"card_choices":[{"not_picked":["Blade Dance","Slice"],"picked":"Infinite Blades","floor":1},{"not_picked":["Distraction","Dagger Throw","Prepared"],"picked":"SKIP","floor":3},{"not_picked":["Underhanded Strike","Outmaneuver"],"picked":"Cloak And Dagger","floor":4},{"not_picked":["Deadly Poison","Setup"],"picked":"Infinite Blades","floor":5},{"not_picked":["Infinite Blades","Dagger Throw","Corpse Explosion"],"picked":"SKIP","floor":6},{"not_picked":["Flechettes","Slice","Quick Slash"],"picked":"SKIP","floor":8},{"not_picked":["Night Terror","Dash","Deflect"],"picked":"SKIP","floor":10},{"not_picked":["Dagger Spray","PiercingWail"],"picked":"Accuracy","floor":12},{"not_picked":["Dodge and Roll","Prepared","Outmaneuver"],"picked":"SKIP","floor":14},{"not_picked":["Malaise","Adrenaline"],"picked":"Die Die Die","floor":16},{"not_picked":["Prepared","Sucker Punch+1","Bane"],"picked":"SKIP","floor":18},{"not_picked":["Quick Slash","Footwork","Crippling Poison"],"picked":"SKIP","floor":21},{"not_picked":["Catalyst","Bane","Quick Slash"],"picked":"SKIP","floor":27}],"player_experience":416618,"relics_obtained":[{"floor":6,"key":"Pen Nib"},{"floor":9,"key":"Lantern"},{"floor":10,"key":"PreservedInsect"},{"floor":26,"key":"MawBank"}],"event_choices":[{"damage_healed":0,"gold_gain":0,"player_choice":"Grow","damage_taken":0,"max_hp_gain":0,"max_hp_loss":0,"event_name":"Living Wall","floor":13,"gold_loss":0,"cards_upgraded":["Accuracy"]},{"damage_healed":0,"gold_gain":99,"player_choice":"Stole From Cult","damage_taken":0,"max_hp_gain":0,"max_hp_loss":0,"event_name":"Nest","floor":19,"gold_loss":0},{"damage_healed":0,"gold_gain":0,"player_choice":"Opened","damage_taken":0,"relics_obtained":["Frozen Egg 2"],"max_hp_gain":0,"max_hp_loss":0,"event_name":"The Mausoleum","floor":22,"gold_loss":0},{"damage_healed":0,"gold_gain":0,"player_choice":"Upgraded Two","damage_taken":0,"max_hp_gain":0,"max_hp_loss":0,"event_name":"Designer","floor":24,"gold_loss":40,"cards_upgraded":["Defend_G","Defend_G"]},{"damage_healed":0,"gold_gain":0,"player_choice":"Inject Mutagens","damage_taken":0,"relics_obtained":["MutagenicStrength"],"max_hp_gain":0,"max_hp_loss":0,"event_name":"Drug Dealer","floor":29,"gold_loss":0},{"damage_healed":0,"gold_gain":0,"player_choice":"Ignored","damage_taken":0,"max_hp_gain":0,"max_hp_loss":0,"event_name":"Ghosts","floor":31,"gold_loss":0}],"is_beta":false,"boss_relics":[{"not_picked":["Cursed Key","Philosopher\u0027s Stone"],"picked":"HoveringKite"}],"items_purged_floors":[2,20],"is_endless":false,"potions_floor_spawned":[1,5,6,8,16,18],"killed_by":"Automaton","ascension_level":0}