{"gold_per_floor":[110,126,126,126,139,173,173,173,173,203,203,12,32,42,42,117,117,131,131,149,163,176,176,226,226,226,226,73,85,85,105,105,105],"floor_reached":33,"playtime":1411,"items_purged":["Writhe"],"score":514,"play_id":"83545ba7-6b5a-4160-bdbc-774847bec307","local_time":"20190212130431","is_ascension_mode":true,"campfire_choices":[{"floor":7,"key":"REST"},{"floor":11,"key":"REST"},{"floor":15,"key":"REST"},{"floor":23,"key":"REST"},{"floor":25,"key":"REST"},{"data":"Redo","floor":27,"key":"SMITH"},{"floor":30,"key":"REST"},{"floor":32,"key":"REST"}],"neow_cost":"NONE","seed_source_timestamp":1553769359632000,"circlet_count":0,"master_deck":["AscendersBane","Strike_B","Strike_B","Strike_B","Strike_B","Defend_B","Defend_B","Defend_B","Defend_B","Zap","Dualcast","Creative AI+1","Sweeping Beam","FTL","BootSequence","Go for the Eyes","Auto Shields","Sweeping Beam","Redo+1","Gash","Multi-Cast","Undo+1","Doom and Gloom+1","Lockon+1","Turbo","Leap","Gash","Redo","Cold Snap"],"relics":["Cracked Core","Ice Cream","Symbiotic Virus","Peace Pipe","Smiling Mask","Blood Vial","Sozu","Blue Candle","Kunai"],"potions_floor_usage":[6,10],"damage_taken":[{"damage":7,"enemies":"Cultist","floor":1,"turns":5},{"damage":7,"enemies":"Jaw Worm","floor":2,"turns":3},{"damage":8,"enemies":"2 Louse","floor":5,"turns":2},{"damage":27,"enemies":"Lagavulin","floor":6,"turns":8},{"damage":30,"enemies":"Gremlin Nob","floor":10,"turns":4},{"damage":0,"enemies":"Blue Slaver","floor":13,"turns":2},{"damage":0,"enemies":"Exordium Wildlife","floor":14,"turns":3},{"damage":61,"enemies":"Slime Boss","floor":16,"turns":8},{"damage":6,"enemies":"3 Byrds","floor":18,"turns":5},{"damage":11,"enemies":"2 Thieves","floor":20,"turns":3},{"damage":14,"enemies":"Cultist and Chosen","floor":21,"turns":4},{"damage":25,"enemies":"Snake Plant","floor":22,"turns":4},{"damage":44,"enemies":"3 Cultists","floor":29,"turns":6},{"damage":13,"enemies":"Chosen and Byrds","floor":31,"turns":4},{"damage":44,"enemies":"Automaton","floor":33,"turns":6}],"seed_played":"8222821205594465782","potions_obtained":[{"floor":1,"key":"SneckoOil"},{"floor":6,"key":"Fire Potion"},{"floor":14,"key":"FairyPotion"}],"is_trial":false,"path_per_floor":["M","M","?","?","M","E","R","?","T","E","R","$","M","M","R","B",null,"M","?","M","M","M","R","?","R","T","R","$","M","R","M","R","B"],"character_chosen":"DEFECT","items_purchased":["Blood Vial","Sweeping Beam","Leap","Gash"],"campfire_rested":7,"item_purchase_floors":[12,12,28,28],"current_hp_per_floor":[57,50,50,50,42,15,36,31,31,1,22,22,24,26,47,7,55,51,51,42,30,7,28,28,49,49,49,49,7,28,17,38,0],"gold":105,"neow_bonus":"ONE_RANDOM_RARE_CARD","is_prod":false,"is_daily":false,"chose_seed":false,"campfire_upgraded":1,"win_rate":0,"timestamp":1550005471,"path_taken":["M","M","?","?","M","E","R","?","T","E","R","?","M","M","R","BOSS","M","?","M","M","M","R","?","R","T","R","?","M","R","M","R","BOSS"],"build_version":"2019-02-06","purchased_purges":1,"victory":false,"max_hp_per_floor":[71,71,71,71,71,71,71,71,71,71,71,71,71,71,71,71,71,71,71,71,71,71,71,71,71,71,71,71,71,71,71,71,71],"card_choices":[{"not_picked":["Static Discharge","Ball Lightning"],"picked":"Sweeping Beam","floor":1},{"not_picked":["Undo","Compile Driver"],"picked":"FTL","floor":2},{"not_picked":["Coolheaded","Ball Lightning"],"picked":"BootSequence","floor":5},{"not_picked":["Compile Driver","Stack"],"picked":"Go for the Eyes","floor":6},{"not_picked":["Creative AI","Sweeping Beam"],"picked":"Auto Shields","floor":10},{"not_picked":["Sweeping Beam","BootSequence"],"picked":"Redo","floor":13},{"not_picked":["Streamline","Tempest"],"picked":"Gash","floor":14},{"not_picked":["Meteor Strike","Buffer"],"picked":"Multi-Cast","floor":16},{"not_picked":["Rebound","Streamline"],"picked":"Undo+1","floor":18},{"not_picked":["Compile Driver","Consume"],"picked":"Doom and Gloom+1","floor":20},{"not_picked":["Sunder","Leap"],"picked":"Lockon+1","floor":21},{"not_picked":["Compile Driver","Beam Cell"],"picked":"Turbo","floor":22},{"not_picked":["Beam Cell","Stack"],"picked":"Redo","floor":29},{"not_picked":["Aggregate","Sweeping Beam"],"picked":"Cold Snap","floor":31}],"player_experience":3262635,"relics_obtained":[{"floor":6,"key":"Ice Cream"},{"floor":9,"key":"Peace Pipe"},{"floor":10,"key":"Smiling Mask"},{"floor":26,"key":"Kunai"}],"event_choices":[{"damage_healed":0,"gold_gain":0,"player_choice":"Grow","damage_taken":0,"max_hp_gain":0,"max_hp_loss":0,"event_name":"Living Wall","floor":3,"gold_loss":0,"cards_upgraded":["Creative AI"]},{"damage_healed":0,"gold_gain":0,"player_choice":"Ignored","damage_taken":0,"max_hp_gain":0,"max_hp_loss":0,"event_name":"Liars Game","floor":4,"gold_loss":0},{"damage_healed":0,"gold_gain":0,"player_choice":"Success","damage_taken":5,"relics_obtained":["Symbiotic Virus"],"max_hp_gain":0,"max_hp_loss":0,"event_name":"Scrap Ooze","floor":8,"gold_loss":0},{"damage_healed":0,"gold_gain":0,"player_choice":"Opened","damage_taken":0,"relics_obtained":["Blue Candle"],"max_hp_gain":0,"max_hp_loss":0,"event_name":"The Mausoleum","floor":19,"gold_loss":0,"cards_obtained":["Writhe"]},{"damage_healed":0,"gold_gain":50,"player_choice":"Stole From Cult","damage_taken":0,"max_hp_gain":0,"max_hp_loss":0,"event_name":"Nest","floor":24,"gold_loss":0}],"is_beta":true,"boss_relics":[{"not_picked":["Tiny House","Black Star"],"picked":"Sozu"}],"items_purged_floors":[28],"is_endless":false,"potions_floor_spawned":[1,6,14,18,29],"killed_by":"Automaton","ascension_level":20}