{"gold_per_floor":[112,132,132,132,145,155,155,0,0,13,13,13,30,50,50,149,149,161,175,190,190,208,208,228,248,248,248,2,2,2,101,101,198,198,209,209,209,222,222],"floor_reached":39,"playtime":2051,"items_purged":["Strike_B","Strike_B"],"score":400,"play_id":"4443f36b-2616-49ea-b2b4-b259caf6b9e5","local_time":"20180713161656","is_ascension_mode":false,"campfire_choices":[{"floor":7,"key":"REST"},{"floor":11,"key":"REST"},{"data":"Zap","floor":15,"key":"SMITH"},{"floor":23,"key":"REST"},{"floor":29,"key":"REST"},{"floor":32,"key":"REST"}],"neow_cost":"NONE","seed_source_timestamp":200184074829820,"circlet_count":0,"master_deck":["Defend_B","Defend_B","Defend_B","Defend_B","Zap+1","Dualcast","Streamline","Ball Lightning","Ball Lightning","Lockon","Ball Lightning","Electrodynamics","Ball Lightning","Fusion","Leap+1","Melter+1","Madness","Madness","Zap+1"],"relics":["Cracked Core","NeowsBlessing","Blue Candle","Lizard Tail","Vajra","Omamori","Cursed Key"],"potions_floor_usage":[16,19,24,25,33,33,33],"damage_taken":[{"damage":0,"enemies":"Small Slimes","floor":1,"turns":1},{"damage":0,"enemies":"Cultist","floor":2,"turns":1},{"damage":0,"enemies":"Jaw Worm","floor":5,"turns":1},{"damage":27,"enemies":"Exordium Wildlife","floor":6,"turns":4},{"damage":19,"enemies":"2 Fungi Beasts","floor":10,"turns":3},{"damage":15,"enemies":"Lots of Slimes","floor":13,"turns":2},{"damage":1,"enemies":"3 Louse","floor":14,"turns":3},{"damage":19,"enemies":"Hexaghost","floor":16,"turns":8},{"damage":0,"enemies":"Spheric Guardian","floor":18,"turns":3},{"damage":23,"enemies":"3 Byrds","floor":19,"turns":3},{"damage":15,"enemies":"Cultist and Chosen","floor":20,"turns":4},{"damage":21,"enemies":"Snake Plant","floor":22,"turns":3},{"damage":29,"enemies":"Centurion and Healer","floor":24,"turns":3},{"damage":25,"enemies":"Chosen and Byrds","floor":25,"turns":4},{"damage":106,"enemies":"Automaton","floor":33,"turns":10},{"damage":15,"enemies":"Orb Walker","floor":35,"turns":2},{"damage":22,"enemies":"Flame Bruiser 1 Orb","floor":38,"turns":4},{"damage":47,"enemies":"Spire Growth","floor":39,"turns":3}],"seed_played":"11528351058624512","potions_obtained":[{"floor":1,"key":"Weak Potion"},{"floor":6,"key":"SkillPotion"},{"floor":14,"key":"Regen Potion"},{"floor":16,"key":"AttackPotion"},{"floor":19,"key":"Fire Potion"},{"floor":24,"key":"Regen Potion"},{"floor":25,"key":"FearPotion"}],"is_trial":false,"path_per_floor":["M","M","?","?","M","M","R","$","T","M","R","?","M","M","R","B",null,"M","M","M","?","M","R","M","M","T","?","$","R","?","?","R","B",null,"M","?","?","M"],"character_chosen":"DEFECT","items_purchased":["Lockon","Omamori"],"campfire_rested":5,"item_purchase_floors":[8,28],"current_hp_per_floor":[75,75,75,80,80,53,77,77,77,58,80,73,58,57,57,38,80,80,57,42,68,47,71,42,26,26,26,26,50,50,50,74,26,80,65,55,55,33,0],"gold":222,"neow_bonus":"THREE_ENEMY_KILL","is_prod":false,"is_daily":false,"chose_seed":false,"campfire_upgraded":1,"win_rate":0.0,"timestamp":1531513016,"path_taken":["M","M","?","?","?","M","R","$","T","M","R","?","?","M","R","BOSS","M","M","M","?","?","R","?","M","T","?","?","R","?","?","R","BOSS","M","?","?","M","M"],"build_version":"2018-07-12","purchased_purges":2,"victory":false,"max_hp_per_floor":[75,75,75,80,80,80,80,80,80,80,80,80,80,80,80,80,80,80,80,80,80,80,80,80,80,80,80,80,80,80,80,80,80,80,80,80,80,80,80],"card_choices":[{"not_picked":["Reprogram","Go for the Eyes"],"picked":"Streamline","floor":1},{"not_picked":["Undo","Aggregate","Redo"],"picked":"SKIP","floor":2},{"not_picked":["Genetic Algorithm","Beam Cell"],"picked":"Ball Lightning","floor":5},{"not_picked":["Steam","FTL"],"picked":"Ball Lightning","floor":6},{"not_picked":["FTL","Hologram"],"picked":"Ball Lightning","floor":10},{"not_picked":["Machine Learning","Stack","Double Energy"],"picked":"SKIP","floor":13},{"not_picked":["Blizzard","Beam Cell","Steam"],"picked":"SKIP","floor":14},{"not_picked":["Thunder Strike","Amplify"],"picked":"Electrodynamics","floor":16},{"not_picked":["Beam Cell+1","Hologram"],"picked":"Ball Lightning","floor":18},{"not_picked":["White Noise","Force Field"],"picked":"Fusion","floor":19},{"not_picked":["Ball Lightning","Reprogram","Conserve Battery"],"picked":"SKIP","floor":20},{"not_picked":["Stack","Go for the Eyes","Redo+1"],"picked":"SKIP","floor":22},{"not_picked":["Compile Driver","Echo Form","Turbo"],"picked":"SKIP","floor":24},{"not_picked":["Steam","Auto Shields"],"picked":"Leap+1","floor":25},{"not_picked":["Hello World+1","Self Repair+1"],"picked":"Melter+1","floor":35},{"not_picked":["Turbo+1","Darkness+1","Static Discharge"],"picked":"SKIP","floor":38}],"player_experience":236599,"relics_obtained":[{"floor":9,"key":"Blue Candle"},{"floor":26,"key":"Vajra"}],"event_choices":[{"event_name":"Purifier","player_choice":"One Purge","floor":3,"damage_taken":0},{"event_name":"Big Fish","player_choice":"Donut","floor":4,"damage_taken":0},{"event_name":"Golden Wing","player_choice":"Card Removal","floor":12,"damage_taken":0},{"event_name":"The Library","player_choice":"Heal","floor":21,"damage_taken":0},{"event_name":"The Mausoleum","player_choice":"No","floor":27,"damage_taken":0},{"event_name":"Beggar","player_choice":"Ignored","floor":30,"damage_taken":0},{"event_name":"Nest","player_choice":"Stole From Cult","floor":31,"damage_taken":0},{"event_name":"Winding Halls","player_choice":"Embrace Madness","floor":36,"damage_taken":0},{"event_name":"Duplicator","player_choice":"One dupe","floor":37,"damage_taken":0}],"boss_relics":[{"not_picked":["Snecko Eye","Orrery"],"picked":"Lizard Tail"},{"not_picked":["Tiny House","Black Star"],"picked":"Cursed Key"}],"items_purged_floors":[8,28],"is_endless":false,"potions_floor_spawned":[1,6,14,16,19,24,25],"killed_by":"Spire Growth","ascension_level":0}