{"gold_per_floor":[365,365,376,39,39,65,90,102],"floor_reached":8,"playtime":433,"items_purged":["Strike_R"],"score":112,"play_id":"14450035-baca-473d-bbe1-ae95f039cb9e","local_time":"20190203171409","is_ascension_mode":true,"campfire_choices":[],"neow_cost":"PERCENT_DAMAGE","seed_source_timestamp":792025853295100,"circlet_count":0,"master_deck":["AscendersBane","Strike_R+1","Strike_R","Defend_R","Defend_R","Defend_R","Defend_R","Bash+1","Cleave","Evolve","Wild Strike","Disarm","Shrug It Off","True Grit"],"special_seed":0,"relics":["Burning Blood","Whetstone","MawBank"],"potions_floor_usage":[],"damage_taken":[{"damage":3.0,"enemies":"2 Louse","floor":1.0,"turns":4.0},{"damage":6.0,"enemies":"Cultist","floor":3.0,"turns":3.0},{"damage":30,"enemies":"3 Sentries","floor":6,"turns":7},{"damage":0,"enemies":"Jaw Worm","floor":7,"turns":4},{"damage":38,"enemies":"Lagavulin","floor":8,"turns":7}],"seed_played":"-1412599503364201015","potions_obtained":[{"floor":1.0,"key":"LiquidBronze"}],"is_trial":false,"path_per_floor":["M","?","M","$","?","E","M","E"],"character_chosen":"IRONCLAD","items_purchased":["Wild Strike","Disarm","Whetstone"],"campfire_rested":0,"item_purchase_floors":[4,4,4],"current_hp_per_floor":[53,53,53,53,53,29,35,0],"gold":102,"neow_bonus":"TWO_FIFTY_GOLD","is_prod":false,"is_daily":false,"chose_seed":false,"campfire_upgraded":0,"win_rate":0,"timestamp":1549242849,"path_taken":["M","?","?","$","?","E","?","E"],"build_version":"2019-01-23","purchased_purges":1,"victory":false,"max_hp_per_floor":[75,75,75,75,75,75,75,75],"card_choices":[{"not_picked":["Pummel","Armaments"],"picked":"Cleave","floor":1.0},{"not_picked":["Entrench","True Grit"],"picked":"Evolve","floor":3.0},{"not_picked":["Clothesline","Berserk"],"picked":"Shrug It Off","floor":6},{"not_picked":["Iron Wave","Burning Pact"],"picked":"True Grit","floor":7}],"player_experience":3234057,"relics_obtained":[{"floor":6,"key":"MawBank"}],"event_choices":[{"cards_removed":["Strike_R"],"damage_healed":0.0,"max_hp_gain":0.0,"max_hp_loss":0.0,"gold_gain":0.0,"event_name":"Bonfire Elementals","player_choice":"Offered Basic","floor":2.0,"gold_loss":0.0,"damage_taken":0.0},{"cards_removed":["Strike_R"],"damage_healed":0,"gold_gain":0,"player_choice":"Purged","damage_taken":0,"max_hp_gain":0,"max_hp_loss":0,"event_name":"Purifier","floor":5,"gold_loss":0}],"is_beta":true,"boss_relics":[],"items_purged_floors":[4],"is_endless":false,"potions_floor_spawned":[1],"killed_by":"Lagavulin","ascension_level":20}