{"gold_per_floor":[114,127,12,27,27,54,54,84,108,108,108,123,88,102,102,102],"floor_reached":16,"playtime":496,"items_purged":[],"score":116,"play_id":"7e82f8da-e4e8-4c91-9d48-4f97a1df16f6","local_time":"20190411134100","is_ascension_mode":true,"campfire_choices":[{"floor":7,"key":"REST"},{"floor":15,"key":"REST"}],"neow_cost":"NONE","seed_source_timestamp":139268805263112,"circlet_count":0,"master_deck":["Defend_G","Defend_G","Defend_G","Defend_G","Defend_G","Strike_G","Strike_G","Strike_G","Strike_G","Strike_G","Survivor","Neutralize","Underhanded Strike","Dodge and Roll","Accuracy","Masterful Stab","Backflip","All Out Attack","Quick Slash","Cloak And Dagger"],"relics":["Ring of the Snake","Boot","Strawberry","Juzu Bracelet"],"potions_floor_usage":[6],"damage_taken":[{"damage":6,"enemies":"2 Louse","floor":1,"turns":3},{"damage":0,"enemies":"Cultist","floor":2,"turns":4},{"damage":2,"enemies":"Jaw Worm","floor":4,"turns":4},{"damage":60,"enemies":"Lagavulin","floor":6,"turns":11},{"damage":27,"enemies":"Gremlin Nob","floor":8,"turns":5},{"damage":8,"enemies":"Blue Slaver","floor":12,"turns":3},{"damage":1,"enemies":"3 Louse","floor":14,"turns":2},{"damage":58,"enemies":"The Guardian","floor":16,"turns":9}],"seed_played":"-8033640322770657317","potions_obtained":[{"floor":1,"key":"Energy Potion"},{"floor":14,"key":"Poison Potion"}],"is_trial":false,"path_per_floor":["M","M","$","M","?","E","R","E","T","?","?","M","?","M","R","B"],"character_chosen":"THE_SILENT","items_purchased":["Accuracy","Masterful Stab"],"campfire_rested":2,"item_purchase_floors":[3,3],"current_hp_per_floor":[71,71,71,69,77,17,40,20,20,20,20,12,33,32,57,0],"gold":102,"neow_bonus":"TEN_PERCENT_HP_BONUS","is_prod":false,"is_daily":false,"chose_seed":false,"campfire_upgraded":0,"win_rate":0,"timestamp":1555004460,"path_taken":["M","M","$","M","?","E","R","E","T","?","?","M","?","M","R","BOSS"],"build_version":"2019-01-23","purchased_purges":0,"victory":false,"max_hp_per_floor":[77,77,77,77,77,77,77,84,84,84,84,84,84,84,84,84],"card_choices":[{"not_picked":["Concentrate","Escape Plan"],"picked":"Underhanded Strike","floor":1},{"not_picked":["Prepared","Well Laid Plans"],"picked":"Dodge and Roll","floor":2},{"not_picked":["Slice","Dagger Spray"],"picked":"Backflip","floor":4},{"not_picked":["Quick Slash","Cloak And Dagger"],"picked":"All Out Attack","floor":6},{"not_picked":["Deadly Poison","Crippling Poison"],"picked":"Quick Slash","floor":8},{"not_picked":["Dash","Burst"],"picked":"Cloak And Dagger","floor":12},{"not_picked":["Deadly Poison","Acrobatics","PiercingWail"],"picked":"SKIP","floor":14}],"player_experience":476195,"relics_obtained":[{"floor":6,"key":"Boot"},{"floor":8,"key":"Strawberry"},{"floor":9,"key":"Juzu Bracelet"}],"event_choices":[{"damage_healed":8,"gold_gain":0,"player_choice":"Full Heal","damage_taken":0,"max_hp_gain":0,"max_hp_loss":0,"event_name":"Wheel of Change","floor":5,"gold_loss":0},{"damage_healed":0,"gold_gain":0,"player_choice":"Searched \u00270\u0027 times","damage_taken":0,"max_hp_gain":0,"max_hp_loss":0,"event_name":"Dead Adventurer","floor":10,"gold_loss":0},{"damage_healed":0,"gold_gain":0,"player_choice":"Fled","damage_taken":0,"max_hp_gain":0,"max_hp_loss":0,"event_name":"Scrap Ooze","floor":11,"gold_loss":0},{"damage_healed":21,"gold_gain":0,"player_choice":"Healed","damage_taken":0,"max_hp_gain":0,"max_hp_loss":0,"event_name":"The Cleric","floor":13,"gold_loss":35}],"is_beta":false,"boss_relics":[],"items_purged_floors":[],"is_endless":false,"potions_floor_spawned":[1,14],"killed_by":"The Guardian","ascension_level":1}