{"gold_per_floor":[116,33,33,46,46,79,42,67,147,147,247,265,297,310,310,405,405,422,422,434,434],"floor_reached":21,"playtime":815,"items_purged":[],"score":280,"play_id":"c351f36a-17bc-4600-acab-e049010b8105","local_time":"20190415212910","is_ascension_mode":true,"campfire_choices":[{"floor":10,"key":"REST"},{"floor":15,"key":"REST"}],"neow_cost":"NONE","seed_source_timestamp":339277632730569,"circlet_count":0,"master_deck":["Defend_B","Defend_B","Defend_B","Defend_B","Zap","Dualcast","Leap+1","Go for the Eyes","FTL","Defragment","Fusion+1","Defragment","Static Discharge","White Noise","Multi-Cast","Bite","Bite","Bite","Bite","Bite","Doom and Gloom"],"relics":["Cracked Core","NeowsBlessing","NlothsMask","Centennial Puzzle","War Paint","Ancient Tea Set","Busted Crown"],"potions_floor_usage":[8,16,16,16],"damage_taken":[{"damage":0,"enemies":"2 Louse","floor":1,"turns":1},{"damage":0,"enemies":"Cultist","floor":4,"turns":1},{"damage":0,"enemies":"Lagavulin","floor":6,"turns":1},{"damage":35,"enemies":"3 Sentries","floor":8,"turns":7},{"damage":7,"enemies":"Jaw Worm","floor":12,"turns":4},{"damage":32,"enemies":"Gremlin Nob","floor":13,"turns":3},{"damage":19,"enemies":"Exordium Thugs","floor":14,"turns":4},{"damage":29,"enemies":"Slime Boss","floor":16,"turns":7},{"damage":14,"enemies":"Shell Parasite","floor":18,"turns":6},{"damage":23,"enemies":"2 Thieves","floor":20,"turns":4},{"damage":42,"enemies":"Colosseum Slavers","floor":21,"turns":3}],"seed_played":"5078459842006960768","potions_obtained":[{"floor":1,"key":"Swift Potion"},{"floor":6,"key":"Block Potion"},{"floor":8,"key":"EssenceOfSteel"},{"floor":13,"key":"Weak Potion"},{"floor":16,"key":"SmokeBomb"}],"is_trial":false,"path_per_floor":["M","$","?","M","?","E","$","E","T","R","?","M","E","M","R","B",null,"M","?","M","?"],"character_chosen":"DEFECT","items_purchased":["Go for the Eyes","FTL","Defragment"],"campfire_rested":2,"item_purchase_floors":[2,2,7],"current_hp_per_floor":[75,75,75,75,80,80,80,45,45,69,69,62,30,11,35,6,80,66,56,33,0],"gold":434,"neow_bonus":"THREE_ENEMY_KILL","is_prod":false,"is_daily":false,"chose_seed":false,"campfire_upgraded":0,"win_rate":0,"timestamp":1555378150,"path_taken":["M","$","?","?","?","E","$","E","T","R","?","M","E","M","R","BOSS","M","?","M","?"],"build_version":"2019-01-23","purchased_purges":0,"victory":false,"max_hp_per_floor":[75,75,75,75,80,80,80,80,80,80,80,80,80,80,80,80,80,80,56,56,56],"card_choices":[{"not_picked":["Melter","Barrage"],"picked":"Leap","floor":1},{"not_picked":["Streamline","White Noise"],"picked":"Defragment","floor":4},{"not_picked":["Ball Lightning","Rebound"],"picked":"Fusion","floor":6},{"not_picked":["Go for the Eyes","Sweeping Beam"],"picked":"Static Discharge","floor":8},{"not_picked":["Recycle","Leap"],"picked":"White Noise","floor":12},{"not_picked":["Compile Driver","Hello World","Tempest"],"picked":"SKIP","floor":13},{"not_picked":["Compile Driver","White Noise","Leap"],"picked":"SKIP","floor":14},{"not_picked":["Seek","Echo Form"],"picked":"Multi-Cast","floor":16},{"not_picked":["Barrage+1"],"picked":"SKIP","floor":18},{"not_picked":[],"picked":"Doom and Gloom","floor":20}],"player_experience":259063,"relics_obtained":[{"floor":6,"key":"Centennial Puzzle"},{"floor":8,"key":"War Paint"},{"floor":13,"key":"Ancient Tea Set"}],"event_choices":[{"damage_healed":0,"gold_gain":0,"player_choice":"Trade","damage_taken":0,"relics_obtained":["NlothsMask"],"max_hp_gain":0,"max_hp_loss":0,"event_name":"FaceTrader","floor":3,"gold_loss":0},{"damage_healed":0,"gold_gain":0,"player_choice":"Donut","damage_taken":0,"max_hp_gain":5,"max_hp_loss":0,"event_name":"Big Fish","floor":5,"gold_loss":0},{"damage_healed":0,"gold_gain":100,"player_choice":"Gold","damage_taken":0,"max_hp_gain":0,"max_hp_loss":0,"event_name":"Wheel of Change","floor":11,"gold_loss":0},{"damage_healed":0,"gold_gain":0,"player_choice":"Became a vampire","damage_taken":0,"max_hp_gain":0,"max_hp_loss":24,"event_name":"Vampires","floor":19,"gold_loss":0,"cards_obtained":["Bite","Bite","Bite","Bite","Bite"]},{"damage_healed":0,"gold_gain":0,"player_choice":"Fight","damage_taken":0,"max_hp_gain":0,"max_hp_loss":0,"event_name":"Colosseum","floor":21,"gold_loss":0}],"is_beta":false,"boss_relics":[{"not_picked":["Coffee Dripper","Snecko Eye"],"picked":"Busted Crown"}],"items_purged_floors":[],"is_endless":false,"potions_floor_spawned":[1,6,8,13,16],"killed_by":"Colosseum Slavers","ascension_level":3}