{"gold_per_floor":[209,27,27,27,27,27,54,0,47,66,66,101,120,49,49,153,153,163,173,173,185,285,285,320,320,320,333,43,43,43,55,55,157,157,176,176,176,191,208,208,241,241,241,261,275,5,23,23,23,23],"floor_reached":51,"playtime":1238,"items_purged":["Strike_R","Shame","Twin Strike"],"score":793,"play_id":"f29c1526-dbc4-4d7e-a9ea-fd3bb56ec3f2","local_time":"20190410120357","is_ascension_mode":false,"campfire_choices":[{"data":"Inflame","floor":6.0,"key":"SMITH"},{"data":"Heavy Blade","floor":11.0,"key":"SMITH"},{"data":"Armaments","floor":15.0,"key":"SMITH"},{"data":"Armaments","floor":23.0,"key":"SMITH"},{"floor":30.0,"key":"REST"},{"data":"Limit Break","floor":32.0,"key":"SMITH"},{"floor":40,"key":"REST"},{"floor":42,"key":"REST"},{"floor":49,"key":"REST"}],"neow_cost":"NONE","seed_source_timestamp":0,"circlet_count":0,"master_deck":["Bash","Whirlwind+1","Inflame+1","Headbutt","Heavy Blade+1","Armaments+1","Whirlwind+1","Double Tap","Body Slam","Demon Form","Sword Boomerang","Heavy Blade","Pummel","Whirlwind","Sword Boomerang","Shockwave+1","Necronomicurse","Armaments+1","Armaments","Limit Break+1","Armaments+1","Whirlwind+1","Uppercut","Offering","Whirlwind+1","Uppercut+1","Armaments+1","Rage+1","Battle Trance+1"],"special_seed":0,"relics":["Burning Blood","Dream Catcher","Odd Mushroom","Orichalcum","Pear","Pandora\u0027s Box","Necronomicon","Ice Cream","Kunai","PreservedInsect","Regal Pillow","Matryoshka","Lantern","Fusion Hammer","Omamori","Singing Bowl","Strawberry","Whetstone","Centennial Puzzle","Bag of Marbles"],"potions_floor_usage":[33,35,35,50,50],"damage_taken":[{"damage":1.0,"enemies":"Jaw Worm","floor":1.0,"turns":3.0},{"damage":17.0,"enemies":"The Mushroom Lair","floor":7.0,"turns":4.0},{"damage":0.0,"enemies":"Cultist","floor":10.0,"turns":2.0},{"damage":1.0,"enemies":"Gremlin Nob","floor":12.0,"turns":4.0},{"damage":0.0,"enemies":"2 Louse","floor":13.0,"turns":2.0},{"damage":22.0,"enemies":"Slime Boss","floor":16.0,"turns":7.0},{"damage":0.0,"enemies":"3 Byrds","floor":18.0,"turns":3.0},{"damage":4.0,"enemies":"Spheric Guardian","floor":19.0,"turns":3.0},{"damage":9.0,"enemies":"Centurion and Healer","floor":21.0,"turns":3.0},{"damage":16.0,"enemies":"Colosseum Slavers","floor":22.0,"turns":2.0},{"damage":1.0,"enemies":"Colosseum Nobs","floor":22.0,"turns":2.0},{"damage":35.0,"enemies":"Slavers","floor":24.0,"turns":3.0},{"damage":4.0,"enemies":"Cultist and Chosen","floor":27.0,"turns":3.0},{"damage":0.0,"enemies":"Snecko","floor":31.0,"turns":2.0},{"damage":14,"enemies":"Collector","floor":33,"turns":5},{"damage":9,"enemies":"3 Darklings","floor":35,"turns":3},{"damage":13,"enemies":"3 Shapes","floor":38,"turns":1},{"damage":6,"enemies":"Transient","floor":39,"turns":5},{"damage":14,"enemies":"Giant Head","floor":41,"turns":5},{"damage":7,"enemies":"Writhing Mass","floor":44,"turns":3},{"damage":6,"enemies":"Jaw Worm Horde","floor":45,"turns":1},{"damage":16,"enemies":"4 Shapes","floor":47,"turns":2},{"damage":43,"enemies":"Time Eater","floor":50,"turns":5}],"seed_played":"-6098555618860072114","potions_obtained":[{"floor":7.0,"key":"Ancient Potion"},{"floor":13.0,"key":"Weak Potion"},{"floor":18.0,"key":"FearPotion"},{"floor":22.0,"key":"LiquidBronze"},{"floor":24.0,"key":"Fire Potion"},{"floor":29.0,"key":"BloodPotion"},{"floor":29.0,"key":"PowerPotion"},{"floor":33,"key":"SteroidPotion"},{"floor":38,"key":"FearPotion"},{"floor":39,"key":"FearPotion"},{"floor":45,"key":"AttackPotion"}],"is_trial":false,"path_per_floor":["M","$","?","$","T","R","?","$","T","M","R","E","M","$","R","B",null,"M","M","?","M","?","R","E","?","T","M","$","?","R","M","R","B",null,"M","T","$","M","M","R","E","R","T","M","M","$","M","?","R","B",null],"character_chosen":"IRONCLAD","items_purchased":["Whirlwind","Inflame","Heavy Blade","Whirlwind","Whirlwind","Lantern","Bag of Marbles"],"campfire_rested":4,"item_purchase_floors":[2,2,8,14,28,28,46],"current_hp_per_floor":[80,80,80,80,80,80,69,69,69,75,75,90,90,90,90,74,90,90,90,74,71,66,66,37,37,37,39,39,39,81,87,87,79,90,87,87,87,82,82,94,95,103,103,102,104,104,94,94,107,70],"gold":23,"neow_bonus":"HUNDRED_GOLD","is_prod":false,"is_daily":false,"chose_seed":false,"campfire_upgraded":5,"win_rate":0,"timestamp":1554919437,"path_taken":["M","$","?","?","?","R","?","?","T","M","R","E","M","$","R","BOSS","M","M","?","M","?","R","E","?","T","M","$","?","R","M","R","BOSS","M","?","$","M","M","R","E","R","T","?","M","$","M","?","R","BOSS"],"build_version":"2019-01-23","purchased_purges":3,"victory":true,"max_hp_per_floor":[80,80,80,80,80,80,80,80,80,80,80,90,90,90,90,90,90,90,90,90,90,90,90,90,90,90,90,90,90,90,90,90,90,90,90,90,90,92,92,94,103,103,103,103,105,105,105,105,107,107],"card_choices":[{"not_picked":["Thunderclap","Sword Boomerang"],"picked":"Battle Trance","floor":1.0},{"not_picked":["Combust","Intimidate"],"picked":"Headbutt","floor":7.0},{"not_picked":["Havoc","Sever Soul","True Grit"],"picked":"SKIP","floor":10.0},{"not_picked":["Pommel Strike","Dual Wield","Havoc"],"picked":"SKIP","floor":12.0},{"not_picked":["Clothesline","Feel No Pain"],"picked":"Armaments","floor":13.0},{"not_picked":["Exhume","Feed"],"picked":"Double Tap","floor":16.0},{"not_picked":["Clothesline","Shrug It Off","Body Slam"],"picked":"SKIP","floor":18.0},{"not_picked":["Impervious","Power Through"],"picked":"Shockwave+1","floor":19.0},{"not_picked":["Body Slam","Armaments","Anger"],"picked":"SKIP","floor":21.0},{"not_picked":["Body Slam","Anger"],"picked":"Armaments","floor":21.0},{"not_picked":["Body Slam","Burning Pact"],"picked":"Armaments","floor":22.0},{"not_picked":["Shockwave","Armaments"],"picked":"Limit Break","floor":24.0},{"not_picked":["Wild Strike","Warcry+1"],"picked":"Armaments+1","floor":27.0},{"not_picked":["Armaments","Shrug It Off+1"],"picked":"Uppercut","floor":30.0},{"not_picked":["Clothesline","Sever Soul","Sword Boomerang+1"],"picked":"SKIP","floor":31.0},{"not_picked":["Barricade","Impervious"],"picked":"Offering","floor":33},{"not_picked":["Sword Boomerang","True Grit+1"],"picked":"Whirlwind+1","floor":35},{"not_picked":["Pommel Strike+1","Carnage+1","Twin Strike"],"picked":"Singing Bowl","floor":38},{"not_picked":["Anger","Flex"],"picked":"Uppercut+1","floor":39},{"not_picked":["Havoc","Body Slam","Perfected Strike"],"picked":"Singing Bowl","floor":40},{"not_picked":["Clothesline+1","Clash+1","Headbutt"],"picked":"Singing Bowl","floor":41},{"not_picked":["Disarm","Headbutt+1"],"picked":"Armaments+1","floor":42},{"not_picked":["Fire Breathing","Body Slam+1"],"picked":"Rage+1","floor":44},{"not_picked":["Seeing Red","Cleave","True Grit+1"],"picked":"Singing Bowl","floor":45},{"not_picked":["Reaper","Heavy Blade"],"picked":"Battle Trance+1","floor":47},{"not_picked":["Iron Wave","Power Through","Entrench"],"picked":"Singing Bowl","floor":49}],"player_experience":1164369,"relics_obtained":[{"floor":5.0,"key":"Dream Catcher"},{"floor":7.0,"key":"Odd Mushroom"},{"floor":9.0,"key":"Orichalcum"},{"floor":12.0,"key":"Pear"},{"floor":20.0,"key":"Necronomicon"},{"floor":22.0,"key":"Ice Cream"},{"floor":22.0,"key":"Kunai"},{"floor":24.0,"key":"PreservedInsect"},{"floor":26.0,"key":"Matryoshka"},{"floor":36,"key":"Omamori"},{"floor":36,"key":"Singing Bowl"},{"floor":41,"key":"Strawberry"},{"floor":43,"key":"Whetstone"},{"floor":43,"key":"Centennial Puzzle"}],"event_choices":[{"damage_healed":0.0,"max_hp_gain":0.0,"max_hp_loss":0.0,"gold_gain":0.0,"event_name":"Upgrade Shrine","player_choice":"Upgraded","floor":3.0,"gold_loss":0.0,"damage_taken":0.0,"cards_upgraded":["Whirlwind"]},{"damage_healed":0.0,"max_hp_gain":0.0,"max_hp_loss":0.0,"gold_gain":0.0,"event_name":"Mushrooms","player_choice":"Fought Mushrooms","floor":7.0,"gold_loss":0.0,"damage_taken":0.0},{"damage_healed":0.0,"max_hp_gain":0.0,"max_hp_loss":0.0,"gold_gain":0.0,"event_name":"Cursed Tome","player_choice":"Obtained Book","floor":20.0,"gold_loss":0.0,"damage_taken":16.0},{"damage_healed":0.0,"max_hp_gain":0.0,"max_hp_loss":0.0,"gold_gain":0.0,"event_name":"Colosseum","player_choice":"Fight","floor":22.0,"gold_loss":0.0,"damage_taken":0.0},{"damage_healed":0.0,"max_hp_gain":0.0,"max_hp_loss":0.0,"gold_gain":0.0,"event_name":"Colosseum","player_choice":"Fought Nobs","floor":22.0,"gold_loss":0.0,"damage_taken":0.0},{"damage_healed":0.0,"max_hp_gain":0.0,"max_hp_loss":0.0,"gold_gain":0.0,"event_name":"Addict","player_choice":"Stole Relic","floor":25.0,"gold_loss":0.0,"damage_taken":0.0,"relics_obtained":["Regal Pillow"],"cards_obtained":["Shame"]},{"damage_healed":0.0,"max_hp_gain":0.0,"max_hp_loss":0.0,"gold_gain":0.0,"event_name":"Lab","player_choice":"Got Potions","floor":29.0,"gold_loss":0.0,"damage_taken":0.0},{"cards_removed":["Battle Trance"],"damage_healed":0,"gold_gain":0,"player_choice":"Removed Skill","damage_taken":0,"max_hp_gain":0,"max_hp_loss":0,"event_name":"Falling","floor":48,"gold_loss":0}],"is_beta":false,"boss_relics":[{"not_picked":["Orrery","Black Blood"],"picked":"Pandora\u0027s Box"},{"not_picked":["Snecko Eye","Black Star"],"picked":"Fusion Hammer"}],"items_purged_floors":[2,28,46],"is_endless":false,"potions_floor_spawned":[7,13,18,22,24,33,38,39,45],"ascension_level":0}