{"gold_per_floor":[118,129,129,229,246,246,277,277,277,310,310,326,21,21,21,121,121,139,139,215,21,33,33,33],"floor_reached":24,"playtime":1329,"items_purged":["Strike_B"],"score":222,"play_id":"6fdf0038-10af-4329-8a68-f6896d6c835a","local_time":"20190326161556","is_ascension_mode":true,"campfire_choices":[{"data":"Zap","floor":6.0,"key":"SMITH"},{"floor":8.0,"key":"REST"},{"floor":11.0,"key":"REST"},{"floor":15,"key":"REST"},{"data":"Biased Cognition","floor":23,"key":"SMITH"}],"neow_cost":"NONE","seed_source_timestamp":0,"circlet_count":0,"master_deck":["Strike_B","Strike_B","Defend_B","Defend_B","Defend_B","Defend_B","Zap+1","Dualcast","Capacitor","Cold Snap","Go for the Eyes+1","Machine Learning","Leap","Biased Cognition+1","Beam Cell","FTL","Heatsinks","Glacier","Conserve Battery"],"special_seed":0,"relics":["Cracked Core","NeowsBlessing","Shovel","Calipers","Lantern","Bird Faced Urn","Orrery","Singing Bowl"],"potions_floor_usage":[],"damage_taken":[{"damage":0.0,"enemies":"Jaw Worm","floor":1.0,"turns":1.0},{"damage":0.0,"enemies":"Small Slimes","floor":2.0,"turns":1.0},{"damage":0.0,"enemies":"Cultist","floor":5.0,"turns":1.0},{"damage":35.0,"enemies":"Gremlin Nob","floor":7.0,"turns":5.0},{"damage":25.0,"enemies":"Lagavulin","floor":10.0,"turns":10.0},{"damage":26,"enemies":"Exordium Wildlife","floor":12,"turns":6},{"damage":20,"enemies":"The Guardian","floor":16,"turns":14},{"damage":18,"enemies":"3 Byrds","floor":18,"turns":5},{"damage":8,"enemies":"2 Thieves","floor":22,"turns":5},{"damage":65,"enemies":"Gremlin Leader","floor":24,"turns":10}],"seed_played":"4061973273987822244","potions_obtained":[{"floor":7.0,"key":"GamblersBrew"},{"floor":12,"key":"Strength Potion"},{"floor":16,"key":"FearPotion"},{"floor":18,"key":"Strength Potion"}],"is_trial":false,"path_per_floor":["M","M","?","?","M","R","E","R","T","E","R","M","$","?","R","B",null,"M","?","T","$","M","R","E"],"character_chosen":"DEFECT","items_purchased":["Bird Faced Urn","Glacier","Conserve Battery"],"campfire_rested":3,"item_purchase_floors":[13,21,21],"current_hp_per_floor":[75,75,75,75,75,75,40,62,62,37,59,33,33,33,55,39,75,63,49,49,49,51,51,0],"gold":33,"neow_bonus":"THREE_ENEMY_KILL","is_prod":false,"is_daily":false,"chose_seed":false,"campfire_upgraded":2,"win_rate":0,"timestamp":1553613356,"path_taken":["M","M","?","?","?","R","E","R","T","E","R","M","$","?","R","BOSS","M","?","?","$","M","R","E"],"build_version":"2019-01-23","purchased_purges":1,"victory":false,"max_hp_per_floor":[75,75,75,75,75,75,75,75,75,75,75,75,75,75,75,75,75,75,80,80,80,82,82,82],"card_choices":[{"not_picked":["Steam","Ball Lightning","Compile Driver"],"picked":"SKIP","floor":1.0},{"not_picked":["Conserve Battery","Ball Lightning"],"picked":"Capacitor","floor":2.0},{"not_picked":["Coolheaded","Beam Cell"],"picked":"Cold Snap","floor":5.0},{"not_picked":["Storm","Chaos"],"picked":"Go for the Eyes","floor":7.0},{"not_picked":["Rip and Tear","Thunder Strike"],"picked":"Machine Learning","floor":10.0},{"not_picked":["Rebound","Beam Cell"],"picked":"Leap","floor":12},{"not_picked":["Hyperbeam","Thunder Strike"],"picked":"Biased Cognition","floor":16},{"not_picked":["Go for the Eyes","Gash"],"picked":"Beam Cell","floor":17},{"not_picked":["Leap","Beam Cell"],"picked":"FTL","floor":17},{"not_picked":["Gash","Recycle"],"picked":"Heatsinks","floor":17},{"not_picked":["Sweeping Beam","Compile Driver","Turbo"],"picked":"SKIP","floor":18},{"not_picked":["Hello World+1","Amplify","Sweeping Beam"],"picked":"Singing Bowl","floor":22}],"player_experience":86202,"relics_obtained":[{"floor":7.0,"key":"Shovel"},{"floor":9.0,"key":"Calipers"},{"floor":10.0,"key":"Lantern"},{"floor":20,"key":"Singing Bowl"}],"event_choices":[{"cards_removed":["Strike_B"],"damage_healed":0.0,"max_hp_gain":0.0,"max_hp_loss":0.0,"gold_gain":0.0,"event_name":"Living Wall","player_choice":"Forget","floor":3.0,"gold_loss":0.0,"damage_taken":0.0},{"damage_healed":0.0,"max_hp_gain":0.0,"max_hp_loss":0.0,"gold_gain":100.0,"event_name":"Golden Shrine","player_choice":"Pray","floor":4.0,"gold_loss":0.0,"damage_taken":0.0},{"damage_healed":0,"gold_gain":0,"player_choice":"Upgraded","damage_taken":0,"max_hp_gain":0,"max_hp_loss":0,"event_name":"Upgrade Shrine","floor":14,"gold_loss":0,"cards_upgraded":["Go for the Eyes"]},{"damage_healed":0,"gold_gain":0,"player_choice":"Shed Blood","damage_taken":19,"max_hp_gain":5,"max_hp_loss":0,"event_name":"Forgotten Altar","floor":19,"gold_loss":0}],"is_beta":false,"boss_relics":[{"not_picked":["Empty Cage","White Beast Statue"],"picked":"Orrery"}],"items_purged_floors":[21],"is_endless":false,"potions_floor_spawned":[7,12,16,18],"killed_by":"Gremlin Leader","ascension_level":2}