{"gold_per_floor":[114,114,114,64,27,27,42,42,67,97,63,63,138,168,168,268,268,283,198,48,48,63,63,93,93,93,123,123,153,153,168,168,268,268,283,33,48,48,63,63,78,78,103,145,157,184,226,513,525,537],"floor_reached":51,"playtime":3772,"items_purged":[],"score":915,"play_id":"0eedc3cc-b308-4c45-80ba-1ec9c3304029","local_time":"20190311142901","daily_mods":["Draft","Time Dilation","Elite Swarm"],"is_ascension_mode":false,"campfire_choices":[{"data":"Sunder","floor":6,"key":"SMITH"},{"data":"Loop","floor":8,"key":"SMITH"},{"data":"White Noise","floor":12,"key":"SMITH"},{"floor":15,"key":"REST"},{"data":"Buffer","floor":23,"key":"SMITH"},{"data":"Echo Form","floor":25,"key":"SMITH"},{"data":"Barrage","floor":28,"key":"SMITH"},{"data":"Go for the Eyes","floor":32,"key":"SMITH"},{"data":"Defragment","floor":40,"key":"SMITH"},{"data":"Creative AI","floor":42,"key":"SMITH"},{"data":"Seek","floor":45,"key":"SMITH"},{"data":"Seek","floor":49,"key":"SMITH"}],"neow_cost":"","seed_source_timestamp":103113579516415,"circlet_count":0,"master_deck":["Barrage+1","Undo","Reinforced Body","Genetic Algorithm","Coolheaded","Capacitor","Go for the Eyes+1","Conserve Battery","Self Repair","Sunder+1","Genetic Algorithm","Loop+1","Cold Snap","Cold Snap","BootSequence","Electrodynamics","White Noise+1","Buffer+1","Seek+1","Glacier","Echo Form+1","Biased Cognition","Seek+1","BootSequence+1","Creative AI+1","Defragment+1","Core Surge","Defragment+1"],"special_seed":17966,"relics":["Cracked Core","Centennial Puzzle","Bag of Preparation","FossilizedHelix","Ice Cream","Coffee Dripper","Pen Nib","Boot","Prayer Wheel","Omamori","Darkstone Periapt","Matryoshka","Cables","Nuclear Battery","Question Card","MawBank","Potion Belt","StoneCalendar","DataDisk"],"potions_floor_usage":[16,16,33,50,50,50,50],"damage_taken":[{"damage":3,"enemies":"2 Louse","floor":1,"turns":3},{"damage":0,"enemies":"Jaw Worm","floor":7,"turns":3},{"damage":20,"enemies":"Gremlin Nob","floor":10,"turns":4},{"damage":11,"enemies":"Lagavulin","floor":14,"turns":4},{"damage":15,"enemies":"The Guardian","floor":16,"turns":9},{"damage":0,"enemies":"Chosen","floor":18,"turns":5},{"damage":0,"enemies":"Shell Parasite","floor":22,"turns":5},{"damage":0,"enemies":"Gremlin Leader","floor":24,"turns":6},{"damage":0,"enemies":"Book of Stabbing","floor":27,"turns":6},{"damage":0,"enemies":"Gremlin Leader","floor":29,"turns":4},{"damage":0,"enemies":"Snake Plant","floor":31,"turns":5},{"damage":18,"enemies":"Collector","floor":33,"turns":6},{"damage":0,"enemies":"3 Darklings","floor":35,"turns":5},{"damage":0,"enemies":"3 Shapes","floor":37,"turns":2},{"damage":0,"enemies":"3 Darklings","floor":39,"turns":5},{"damage":0,"enemies":"Spire Growth","floor":41,"turns":5},{"damage":0,"enemies":"Giant Head","floor":44,"turns":6},{"damage":0,"enemies":"Sphere and 2 Shapes","floor":46,"turns":4},{"damage":0,"enemies":"Nemesis","floor":47,"turns":5},{"damage":0,"enemies":"Donu and Deca","floor":50,"turns":6}],"seed_played":"-4617565889114114574","potions_obtained":[{"floor":1,"key":"Energy Potion"},{"floor":7,"key":"PowerPotion"},{"floor":14,"key":"Poison Potion"},{"floor":18,"key":"Dexterity Potion"},{"floor":27,"key":"Poison Potion"},{"floor":35,"key":"SmokeBomb"},{"floor":37,"key":"Dexterity Potion"},{"floor":44,"key":"GamblersBrew"},{"floor":47,"key":"LiquidBronze"}],"is_trial":false,"path_per_floor":["M","?","?","?","$","R","M","R","T","E","$","R","?","E","R","B",null,"M","?","$","?","M","R","E","R","T","E","R","E","?","M","R","B",null,"M","$","M","?","M","R","M","R","T","E","R","M","E","?","R","B",null],"character_chosen":"DEFECT","items_purchased":["BootSequence","White Noise","Boot","Question Card"],"campfire_rested":1,"item_purchase_floors":[5,11,20,36],"current_hp_per_floor":[75,68,56,56,56,56,56,56,56,43,43,43,32,28,50,35,75,75,75,75,75,75,75,75,75,75,75,75,75,75,75,75,64,75,75,75,75,75,75,75,75,75,75,75,75,75,75,75,75,75],"gold":549,"neow_bonus":"","is_prod":false,"is_daily":true,"chose_seed":false,"campfire_upgraded":11,"win_rate":0.0,"timestamp":1552310941,"path_taken":["M","?","?","?","?","R","?","R","T","E","?","R","?","E","R","BOSS","M","?","$","?","M","R","E","R","T","E","R","E","?","M","R","BOSS","M","$","M","?","M","R","M","R","T","E","R","?","E","?","R","BOSS"],"build_version":"2019-01-23","purchased_purges":0,"victory":true,"max_hp_per_floor":[75,75,75,75,75,75,75,75,75,75,75,75,75,75,75,75,75,75,75,75,75,75,75,75,75,75,75,75,75,75,75,75,75,75,75,75,75,75,75,75,75,75,75,75,75,75,75,75,75,75],"card_choices":[{"not_picked":["Beam Cell","Storm"],"picked":"Barrage","floor":0},{"not_picked":["Force Field","Leap"],"picked":"Undo","floor":0},{"not_picked":["Beam Cell","Streamline"],"picked":"Turbo","floor":0},{"not_picked":["Compile Driver","Steam"],"picked":"Reinforced Body","floor":0},{"not_picked":["Stack","Redo"],"picked":"Genetic Algorithm","floor":0},{"not_picked":["Turbo","Storm"],"picked":"Coolheaded","floor":0},{"not_picked":["Beam Cell","Rebound"],"picked":"Capacitor","floor":0},{"not_picked":["Aggregate","Ball Lightning"],"picked":"Go for the Eyes","floor":0},{"not_picked":["Rip and Tear","Melter"],"picked":"Conserve Battery","floor":0},{"not_picked":["Sweeping Beam","Reprogram"],"picked":"Aggregate","floor":0},{"not_picked":["Redo","Doom and Gloom"],"picked":"Self Repair","floor":0},{"not_picked":["Barrage","Reinforced Body"],"picked":"Sunder","floor":0},{"not_picked":["Gash","Sweeping Beam"],"picked":"Genetic Algorithm","floor":0},{"not_picked":["Rebound","Turbo"],"picked":"Loop","floor":0},{"not_picked":["Beam Cell","Reprogram"],"picked":"Cold Snap","floor":0},{"not_picked":["Redo","Coolheaded"],"picked":"Cold Snap","floor":1},{"not_picked":["Rip and Tear","Conserve Battery","Scrape"],"picked":"SKIP","floor":7},{"not_picked":["Machine Learning","Seek"],"picked":"Electrodynamics","floor":10},{"not_picked":["Creative AI","Core Surge"],"picked":"Buffer","floor":14},{"not_picked":["Machine Learning","Rainbow"],"picked":"Seek","floor":16},{"not_picked":["Leap","Ball Lightning"],"picked":"Glacier","floor":18},{"not_picked":["Beam Cell","Turbo+1","Gash"],"picked":"SKIP","floor":22},{"not_picked":["Go for the Eyes","Gash+1","Rebound"],"picked":"SKIP","floor":22},{"not_picked":["Thunder Strike","Creative AI"],"picked":"Echo Form","floor":24},{"not_picked":["Seek","Meteor Strike"],"picked":"Biased Cognition","floor":27},{"not_picked":["Thunder Strike","Amplify"],"picked":"Seek","floor":29},{"not_picked":["Force Field","Gash+1"],"picked":"BootSequence+1","floor":31},{"not_picked":["Reprogram","Ball Lightning","Steam"],"picked":"SKIP","floor":31},{"not_picked":["Multi-Cast","Thunder Strike"],"picked":"Creative AI","floor":33},{"not_picked":["Compile Driver","Barrage","Turbo"],"picked":"SKIP","floor":35},{"not_picked":["Turbo+1","Rip and Tear","Cold Snap+1"],"picked":"SKIP","floor":35},{"not_picked":["Double Energy","Leap","Streamline"],"picked":"Defragment","floor":37},{"not_picked":["Sunder+1","Redo","Sweeping Beam","Hologram+1"],"picked":"SKIP","floor":37},{"not_picked":["Gash+1","Barrage+1","Auto Shields","Ball Lightning"],"picked":"SKIP","floor":39},{"not_picked":["Steam","Loop+1","Stack+1","Hologram"],"picked":"SKIP","floor":39},{"not_picked":["Steam Power+1","Streamline+1","Barrage"],"picked":"Core Surge","floor":41},{"not_picked":["Force Field","Stack","Undo+1","Streamline+1"],"picked":"SKIP","floor":41},{"not_picked":["Biased Cognition","Thunder Strike","Fission","Amplify"],"picked":"SKIP","floor":44},{"not_picked":["Rebound","Gash+1","Redo"],"picked":"Defragment+1","floor":46},{"not_picked":["Sweeping Beam+1","Cold Snap","Turbo","Compile Driver+1"],"picked":"SKIP","floor":46},{"not_picked":["Multi-Cast","Amplify","Thunder Strike","Electrodynamics"],"picked":"SKIP","floor":47}],"player_experience":39498,"relics_obtained":[{"floor":9,"key":"Bag of Preparation"},{"floor":10,"key":"FossilizedHelix"},{"floor":14,"key":"Ice Cream"},{"floor":24,"key":"Omamori"},{"floor":26,"key":"Darkstone Periapt"},{"floor":27,"key":"Matryoshka"},{"floor":29,"key":"Cables"},{"floor":43,"key":"MawBank"},{"floor":43,"key":"Potion Belt"},{"floor":44,"key":"StoneCalendar"},{"floor":47,"key":"DataDisk"}],"event_choices":[{"cards_removed":["Turbo"],"damage_healed":0,"gold_gain":0,"player_choice":"Card Removal","damage_taken":7,"max_hp_gain":0,"max_hp_loss":0,"event_name":"Golden Wing","floor":2,"gold_loss":0},{"damage_healed":0,"gold_gain":0,"player_choice":"Success","damage_taken":12,"relics_obtained":["Centennial Puzzle"],"max_hp_gain":0,"max_hp_loss":0,"event_name":"Scrap Ooze","floor":3,"gold_loss":0},{"cards_removed":["Aggregate"],"damage_healed":0,"gold_gain":0,"player_choice":"Card Removal","damage_taken":0,"max_hp_gain":0,"max_hp_loss":0,"event_name":"The Cleric","floor":4,"gold_loss":50},{"damage_healed":0,"gold_gain":75,"player_choice":"Gather Gold","damage_taken":11,"max_hp_gain":0,"max_hp_loss":0,"event_name":"World of Goop","floor":13,"gold_loss":0},{"damage_healed":0,"gold_gain":0,"player_choice":"Obtained Relic","damage_taken":0,"relics_obtained":["Pen Nib"],"max_hp_gain":0,"max_hp_loss":0,"event_name":"Addict","floor":19,"gold_loss":85},{"damage_healed":0,"gold_gain":0,"player_choice":"Opened","damage_taken":0,"relics_obtained":["Prayer Wheel"],"max_hp_gain":0,"max_hp_loss":0,"event_name":"The Mausoleum","floor":21,"gold_loss":0},{"damage_healed":0,"gold_gain":0,"player_choice":"Ignored","damage_taken":0,"max_hp_gain":0,"max_hp_loss":0,"event_name":"Beggar","floor":30,"gold_loss":0},{"damage_healed":0,"gold_gain":0,"player_choice":"Ignored","damage_taken":0,"max_hp_gain":0,"max_hp_loss":0,"event_name":"SecretPortal","floor":38,"gold_loss":0},{"damage_healed":0,"gold_gain":275,"player_choice":"Desecrate","damage_taken":0,"max_hp_gain":0,"max_hp_loss":0,"event_name":"Golden Shrine","floor":48,"gold_loss":0,"cards_obtained":["Regret"]}],"is_beta":false,"boss_relics":[{"not_picked":["Philosopher\u0027s Stone","Eternal Feather"],"picked":"Coffee Dripper"},{"not_picked":["Lizard Tail","Empty Cage"],"picked":"Nuclear Battery"}],"items_purged_floors":[],"is_endless":false,"potions_floor_spawned":[1,7,14,18,27,35,37,44,47],"ascension_level":0}