{"gold_per_floor":[115,115,133,58,70,97,97,109,136,194,207,225,225,225,225,350,350,364,364],"floor_reached":19,"playtime":3624,"items_purged":["Strike_R"],"score":169,"play_id":"cc2dfb56-a5f1-4df2-bca2-fbbd7abeb045","local_time":"20190218183331","is_ascension_mode":false,"campfire_choices":[{"data":"Body Slam","floor":7,"key":"SMITH"},{"floor":15,"key":"REST"}],"neow_cost":"NONE","seed_source_timestamp":225461742155287,"circlet_count":0,"master_deck":["Strike_R","Strike_R","Strike_R","Strike_R","Defend_R","Defend_R","Defend_R","Defend_R","Body Slam+1","Flame Barrier","Shrug It Off","Body Slam","Feel No Pain","Barricade","Bash","Juggernaut","Doubt","Doubt","Regret"],"relics":["Burning Blood","NeowsBlessing","PreservedInsect","Bag of Marbles","Regal Pillow","Golden Idol","Calling Bell","Oddly Smooth Stone","Darkstone Periapt","Unceasing Top"],"potions_floor_usage":[16,19],"damage_taken":[{"damage":0,"enemies":"Small Slimes","floor":1,"turns":1},{"damage":0,"enemies":"Cultist","floor":3,"turns":1},{"damage":0,"enemies":"Jaw Worm","floor":5,"turns":1},{"damage":34,"enemies":"3 Sentries","floor":6,"turns":13},{"damage":6,"enemies":"Large Slime","floor":8,"turns":11},{"damage":18,"enemies":"3 Sentries","floor":10,"turns":11},{"damage":3,"enemies":"3 Louse","floor":11,"turns":5},{"damage":3,"enemies":"Lots of Slimes","floor":12,"turns":4},{"damage":25,"enemies":"The Guardian","floor":16,"turns":13},{"damage":34,"enemies":"Shell Parasite","floor":18,"turns":11},{"damage":69,"enemies":"Spheric Guardian","floor":19,"turns":9}],"seed_played":"4397237550923646300","potions_obtained":[{"floor":5,"key":"FairyPotion"},{"floor":6,"key":"Fire Potion"},{"floor":16,"key":"AttackPotion"},{"floor":18,"key":"Strength Potion"}],"is_trial":false,"path_per_floor":["M","?","M","$","M","E","R","M","T","?","M","M","?","?","R","B",null,"M","M"],"character_chosen":"IRONCLAD","items_purchased":[],"campfire_rested":1,"item_purchase_floors":[],"current_hp_per_floor":[80,80,80,80,80,52,52,52,52,40,43,46,26,26,65,46,80,52,0],"gold":364,"neow_bonus":"THREE_ENEMY_KILL","is_prod":false,"is_daily":false,"chose_seed":false,"campfire_upgraded":1,"win_rate":0.0,"timestamp":1550532811,"path_taken":["M","?","?","$","M","E","R","M","T","?","M","M","?","?","R","BOSS","M","M"],"build_version":"2019-01-23","purchased_purges":1,"victory":false,"max_hp_per_floor":[80,80,80,80,80,80,80,80,80,80,80,80,80,80,80,80,80,80,80],"card_choices":[{"not_picked":["Pommel Strike","Infernal Blade"],"picked":"Body Slam","floor":1},{"not_picked":["Disarm","Reckless Charge"],"picked":"Flame Barrier","floor":3},{"not_picked":["Intimidate","True Grit"],"picked":"Shrug It Off","floor":5},{"not_picked":["Shockwave","Clash","Rampage"],"picked":"SKIP","floor":6},{"not_picked":["Twin Strike","Warcry","True Grit"],"picked":"SKIP","floor":8},{"not_picked":["Sword Boomerang","Dropkick"],"picked":"Body Slam","floor":10},{"not_picked":["Berserk","Cleave"],"picked":"Feel No Pain","floor":11},{"not_picked":["Clash","Warcry","Sword Boomerang"],"picked":"SKIP","floor":12},{"not_picked":["Reaper","Barricade"],"picked":"Juggernaut","floor":16},{"not_picked":["Clash","Power Through","Twin Strike+1"],"picked":"SKIP","floor":18}],"player_experience":23910,"relics_obtained":[{"floor":6,"key":"PreservedInsect"},{"floor":9,"key":"Bag of Marbles"},{"floor":10,"key":"Regal Pillow"},{"floor":17,"key":"Oddly Smooth Stone"},{"floor":17,"key":"Darkstone Periapt"},{"floor":17,"key":"Unceasing Top"}],"event_choices":[{"cards_removed":["Bash"],"damage_healed":0,"gold_gain":0,"player_choice":"Offered Basic","damage_taken":0,"max_hp_gain":0,"max_hp_loss":0,"event_name":"Bonfire Elementals","floor":2,"gold_loss":0},{"damage_healed":0,"gold_gain":30,"player_choice":"Searched \u00272\u0027 times","damage_taken":0,"max_hp_gain":0,"max_hp_loss":0,"event_name":"Dead Adventurer","floor":10,"gold_loss":0},{"damage_healed":0,"gold_gain":0,"player_choice":"Take Damage","damage_taken":20,"relics_obtained":["Golden Idol"],"max_hp_gain":0,"max_hp_loss":0,"event_name":"Golden Idol","floor":13,"gold_loss":0},{"damage_healed":0,"gold_gain":0,"player_choice":"2 cards matched","damage_taken":0,"max_hp_gain":0,"max_hp_loss":0,"event_name":"Match and Keep!","floor":14,"gold_loss":0,"cards_obtained":["Barricade","Bash"]}],"is_beta":false,"boss_relics":[{"not_picked":["Ectoplasm","Snecko Eye"],"picked":"Calling Bell"}],"items_purged_floors":[4],"is_endless":false,"potions_floor_spawned":[5,6,16,18],"killed_by":"Spheric Guardian","ascension_level":0}