{"gold_per_floor":[18,193,23,23,43,69,69,80,104,124,44,44,44,84,84,84],"floor_reached":16,"playtime":860,"items_purged":[],"score":124,"play_id":"14316f32-c1f7-476b-a4f9-f8aad0c82d54","local_time":"20190415231220","is_ascension_mode":true,"campfire_choices":[{"floor":7,"key":"REST"},{"floor":12,"key":"REST"},{"floor":15,"key":"REST"}],"neow_cost":"NO_GOLD","seed_source_timestamp":345422553787196,"circlet_count":0,"master_deck":["Strike_B","Strike_B","Strike_B","Strike_B","Defend_B","Defend_B","Defend_B","Defend_B","Zap","Dualcast","Meteor Strike","Gash","Doubt","Apotheosis","Redo","Consume","Fusion","Defragment","Injury","Auto Shields"],"relics":["Cracked Core","Pen Nib","Thread and Needle","Bronze Scales","Golden Idol","Molten Egg 2"],"potions_floor_usage":[14,16],"damage_taken":[{"damage":12,"enemies":"2 Louse","floor":1,"turns":3},{"damage":6,"enemies":"Small Slimes","floor":5,"turns":4},{"damage":43,"enemies":"3 Sentries","floor":6,"turns":8},{"damage":0,"enemies":"Cultist","floor":8,"turns":3},{"damage":10,"enemies":"2 Fungi Beasts","floor":10,"turns":4},{"damage":25,"enemies":"Gremlin Nob","floor":14,"turns":4},{"damage":38,"enemies":"The Guardian","floor":16,"turns":11}],"seed_played":"-5675358744493076303","potions_obtained":[{"floor":5,"key":"SteroidPotion"},{"floor":6,"key":"FocusPotion"},{"floor":10,"key":"Dexterity Potion"}],"is_trial":false,"path_per_floor":["M","?","$","?","M","E","R","M","T","M","$","R","?","E","R","B"],"character_chosen":"DEFECT","items_purchased":["Apotheosis","Defragment"],"campfire_rested":3,"item_purchase_floors":[3,11],"current_hp_per_floor":[63,63,63,51,45,2,24,24,24,14,14,36,36,11,33,0],"gold":84,"neow_bonus":"THREE_RARE_CARDS","is_prod":false,"is_daily":false,"chose_seed":false,"campfire_upgraded":0,"win_rate":0,"timestamp":1555384340,"path_taken":["M","?","$","?","M","E","R","M","T","M","$","R","?","E","R","BOSS"],"build_version":"2019-01-23","purchased_purges":0,"victory":false,"max_hp_per_floor":[75,75,75,75,75,75,75,75,75,75,75,75,75,75,75,75],"card_choices":[{"not_picked":["Buffer","Core Surge"],"picked":"Meteor Strike","floor":0},{"not_picked":["Rebound","Genetic Algorithm"],"picked":"Gash","floor":1},{"not_picked":["Compile Driver","Chill"],"picked":"Redo","floor":5},{"not_picked":["Force Field","Reinforced Body"],"picked":"Consume","floor":6},{"not_picked":["Stack","Turbo"],"picked":"Fusion","floor":8},{"not_picked":["Streamline","Heatsinks","Glacier"],"picked":"SKIP","floor":10},{"not_picked":["Leap","Recycle"],"picked":"Auto Shields","floor":14}],"player_experience":264875,"relics_obtained":[{"floor":6,"key":"Thread and Needle"},{"floor":9,"key":"Bronze Scales"},{"floor":14,"key":"Molten Egg 2"}],"event_choices":[{"damage_healed":0,"gold_gain":175,"player_choice":"AGREE","damage_taken":0,"max_hp_gain":0,"max_hp_loss":0,"event_name":"Liars Game","floor":2,"gold_loss":0,"cards_obtained":["Doubt"]},{"damage_healed":0,"gold_gain":0,"player_choice":"Success","damage_taken":12,"relics_obtained":["Pen Nib"],"max_hp_gain":0,"max_hp_loss":0,"event_name":"Scrap Ooze","floor":4,"gold_loss":0},{"damage_healed":0,"gold_gain":0,"player_choice":"Take Wound","damage_taken":0,"relics_obtained":["Golden Idol"],"max_hp_gain":0,"max_hp_loss":0,"event_name":"Golden Idol","floor":13,"gold_loss":0,"cards_obtained":["Injury"]}],"is_beta":false,"boss_relics":[],"items_purged_floors":[],"is_endless":false,"potions_floor_spawned":[5,6,10],"killed_by":"The Guardian","ascension_level":3}