{"gold_per_floor":[112,112,37,112,128,128,158,171,171,171,184,203,203,234,234,313,313,331,246,246,264,279,279,295,195,195,195,22,39,39,68,68,68],"floor_reached":33,"playtime":695,"items_purged":["Defend_R","Defend_R","Headbutt"],"score":506,"play_id":"0e9d08e4-b8b8-49f4-8fc6-b9d95aec820c","local_time":"20190315000948","is_ascension_mode":true,"campfire_choices":[{"data":"Perfected Strike","floor":6,"key":"SMITH"},{"data":"Bash","floor":10,"key":"SMITH"},{"data":"Perfected Strike","floor":13,"key":"SMITH"},{"floor":15,"key":"REST"},{"data":"Pommel Strike","floor":23,"key":"SMITH"},{"data":"Seeing Red","floor":27,"key":"SMITH"},{"data":"Perfected Strike","floor":30,"key":"SMITH"},{"data":"Twin Strike","floor":32,"key":"SMITH"}],"neow_cost":"NONE","seed_source_timestamp":220107128674170,"circlet_count":0,"master_deck":["AscendersBane","Strike_R","Strike_R","Strike_R","Strike_R","Strike_R","Bash+1","Clash","Perfected Strike+1","Perfected Strike+1","Perfected Strike+1","Perfected Strike+1","Pommel Strike+1","Seeing Red+1","Twin Strike","Twin Strike+1"],"relics":["Burning Blood","Dodecahedron","Blue Candle","Boot","Velvet Choker","Du-Vu Doll","Meat on the Bone","Lantern"],"potions_floor_usage":[16,33,33],"damage_taken":[{"damage":2,"enemies":"2 Louse","floor":1,"turns":2},{"damage":2,"enemies":"Jaw Worm","floor":5,"turns":2},{"damage":20,"enemies":"3 Sentries","floor":7,"turns":8},{"damage":4,"enemies":"Small Slimes","floor":8,"turns":4},{"damage":14,"enemies":"Red Slaver","floor":11,"turns":2},{"damage":15,"enemies":"Exordium Thugs","floor":12,"turns":3},{"damage":8,"enemies":"Gremlin Nob","floor":14,"turns":3},{"damage":49,"enemies":"The Guardian","floor":16,"turns":7},{"damage":0,"enemies":"Spheric Guardian","floor":18,"turns":2},{"damage":16,"enemies":"3 Byrds","floor":21,"turns":4},{"damage":8,"enemies":"Cultist and Chosen","floor":22,"turns":3},{"damage":0,"enemies":"Shelled Parasite and Fungi","floor":24,"turns":2},{"damage":0,"enemies":"Snake Plant","floor":29,"turns":1},{"damage":21,"enemies":"Slavers","floor":31,"turns":2},{"damage":70,"enemies":"Champ","floor":33,"turns":5}],"seed_played":"-5549547867459103697","potions_obtained":[{"floor":8,"key":"EssenceOfSteel"},{"floor":11,"key":"Strength Potion"},{"floor":21,"key":"SteroidPotion"},{"floor":31,"key":"BloodPotion"}],"is_trial":false,"path_per_floor":["M","?","$","?","M","R","E","M","T","R","M","M","R","E","R","B",null,"M","?","?","M","M","R","M","$","T","R","$","M","R","E","R","B"],"character_chosen":"IRONCLAD","items_purchased":["Twin Strike"],"campfire_rested":1,"item_purchase_floors":[28],"current_hp_per_floor":[72,72,72,61,65,65,51,53,53,53,45,36,36,34,56,13,60,66,66,66,56,54,54,60,60,60,60,60,66,66,51,51,0],"gold":68,"neow_bonus":"REMOVE_CARD","is_prod":false,"is_daily":false,"chose_seed":false,"campfire_upgraded":7,"win_rate":0,"timestamp":1552594188,"path_taken":["M","?","$","?","M","R","E","M","T","R","M","M","R","E","R","BOSS","M","?","?","M","M","R","?","$","T","R","?","M","R","E","R","BOSS"],"build_version":"2019-01-23","purchased_purges":3,"victory":false,"max_hp_per_floor":[75,75,75,75,75,75,75,75,75,75,75,75,75,75,75,75,75,75,75,75,75,75,75,75,75,75,75,75,75,75,75,75,75],"card_choices":[{"not_picked":["Anger","Sword Boomerang"],"picked":"Clash","floor":1},{"not_picked":["Infernal Blade","Cleave"],"picked":"Perfected Strike","floor":5},{"not_picked":["Iron Wave","Rupture","True Grit"],"picked":"SKIP","floor":7},{"not_picked":["Flame Barrier","Armaments","Blood for Blood"],"picked":"SKIP","floor":8},{"not_picked":["Fire Breathing","Immolate"],"picked":"Headbutt","floor":11},{"not_picked":["True Grit","Warcry"],"picked":"Perfected Strike","floor":12},{"not_picked":["Body Slam","Dark Embrace"],"picked":"Perfected Strike","floor":14},{"not_picked":["Cleave","True Grit"],"picked":"Perfected Strike+1","floor":18},{"not_picked":["Shrug It Off","Dropkick"],"picked":"Pommel Strike","floor":21},{"not_picked":["Combust","Shrug It Off","Second Wind"],"picked":"SKIP","floor":22},{"not_picked":["Corruption","Carnage"],"picked":"Seeing Red","floor":24},{"not_picked":["Whirlwind","Intimidate"],"picked":"Twin Strike","floor":29},{"not_picked":["Dual Wield","Infernal Blade","Body Slam"],"picked":"SKIP","floor":31}],"player_experience":715674,"relics_obtained":[{"floor":7,"key":"Dodecahedron"},{"floor":9,"key":"Blue Candle"},{"floor":14,"key":"Boot"},{"floor":26,"key":"Meat on the Bone"},{"floor":31,"key":"Lantern"}],"event_choices":[{"damage_healed":0,"gold_gain":0,"player_choice":"Ignored","damage_taken":0,"max_hp_gain":0,"max_hp_loss":0,"event_name":"Liars Game","floor":2,"gold_loss":0},{"damage_healed":0,"gold_gain":75,"player_choice":"Gather Gold","damage_taken":11,"max_hp_gain":0,"max_hp_loss":0,"event_name":"World of Goop","floor":4,"gold_loss":0},{"damage_healed":0,"gold_gain":0,"player_choice":"Obtained Relic","damage_taken":0,"relics_obtained":["Du-Vu Doll"],"max_hp_gain":0,"max_hp_loss":0,"event_name":"Addict","floor":19,"gold_loss":85},{"cards_removed":["Defend_R"],"damage_healed":0,"gold_gain":0,"player_choice":"Offered Basic","damage_taken":0,"max_hp_gain":0,"max_hp_loss":0,"event_name":"Bonfire Elementals","floor":20,"gold_loss":0}],"is_beta":false,"boss_relics":[{"not_picked":["Orrery","Mark of Pain"],"picked":"Velvet Choker"}],"items_purged_floors":[3,25,28],"is_endless":false,"potions_floor_spawned":[8,11,14,21,31],"killed_by":"Champ","ascension_level":15}