{"gold_per_floor":[118,129,129,144,144,144,144,158,158,158,83,116,126,143,143,244,244,261,261,276,276,34,34,34],"floor_reached":24,"playtime":894,"items_purged":["Defend_R"],"score":246,"play_id":"c95365f9-9d41-4004-b2c2-ad30637b8a20","local_time":"20180713205353","is_ascension_mode":false,"campfire_choices":[{"floor":6,"key":"REST"},{"floor":10,"key":"REST"},{"floor":15,"key":"REST"},{"floor":23,"key":"REST"}],"neow_cost":"FIFTY_PERCENT_DAMAGE","seed_source_timestamp":217962248571031,"circlet_count":0,"master_deck":["Defend_R","Defend_R","Bash","Headbutt","Pommel Strike","Perfected Strike","Shrug It Off+1","Impervious+1","Hemokinesis","Bite","Bite","Bite","Bite","Bite","Ghostly+1","Ghostly+1","Ghostly+1","Ghostly+1","Ghostly+1"],"relics":["Burning Blood","Toxic Egg 2","Potion Belt","Anchor","Lizard Tail","Singing Bowl"],"potions_floor_usage":[14,16],"damage_taken":[{"damage":5,"enemies":"Cultist","floor":1,"turns":4},{"damage":0,"enemies":"Small Slimes","floor":2,"turns":3},{"damage":8,"enemies":"Jaw Worm","floor":4,"turns":3},{"damage":23,"enemies":"Gremlin Gang","floor":8,"turns":4},{"damage":28,"enemies":"Gremlin Nob","floor":12,"turns":4},{"damage":17,"enemies":"Large Slime","floor":13,"turns":5},{"damage":0,"enemies":"Looter","floor":14,"turns":1},{"damage":56,"enemies":"Slime Boss","floor":16,"turns":13},{"damage":40,"enemies":"Shell Parasite","floor":18,"turns":6},{"damage":53,"enemies":"Spheric Guardian","floor":20,"turns":6},{"damage":68,"enemies":"Slavers","floor":24,"turns":8}],"seed_played":"540544975139437680","potions_obtained":[{"floor":1,"key":"Fire Potion"},{"floor":8,"key":"Explosive Potion"},{"floor":12,"key":"AttackPotion"},{"floor":13,"key":"Strength Potion"}],"is_trial":false,"path_per_floor":["M","M","?","M","?","R","?","M","T","R","$","E","M","M","R","B",null,"M","?","M","?","$","R"],"character_chosen":"IRONCLAD","items_purchased":["Singing Bowl"],"campfire_rested":4,"item_purchase_floors":[22],"current_hp_per_floor":[49,55,36,34,34,62,59,42,42,70,70,48,37,43,71,21,96,62,62,27,27,27,33,0],"gold":34,"neow_bonus":"TWENTY_PERCENT_HP_BONUS","is_prod":false,"is_daily":false,"chose_seed":false,"campfire_upgraded":0,"win_rate":0.0,"timestamp":1531529633,"path_taken":["M","?","?","M","?","R","?","?","T","R","$","E","M","M","R","BOSS","M","?","M","?","$","R","E"],"build_version":"2018-07-12","purchased_purges":1,"victory":false,"max_hp_per_floor":[96,96,96,96,96,96,96,96,96,96,96,96,96,96,96,96,96,96,67,67,33,33,33,33],"card_choices":[{"not_picked":["Corruption","Evolve","Disarm"],"picked":"SKIP","floor":1},{"not_picked":["Combust","Flex"],"picked":"Headbutt","floor":2},{"not_picked":["Disarm","Flex","Warcry"],"picked":"SKIP","floor":4},{"not_picked":["Ghostly Armor+1","Shrug It Off+1"],"picked":"Pommel Strike","floor":8},{"not_picked":["Corruption","Juggernaut"],"picked":"Perfected Strike","floor":12},{"not_picked":["Pommel Strike","Corruption","Dropkick"],"picked":"SKIP","floor":13},{"not_picked":["Body Slam","Rage+1"],"picked":"Shrug It Off+1","floor":14},{"not_picked":["Dark Embrace","Exhume+1"],"picked":"Impervious+1","floor":16},{"not_picked":["True Grit+1","Armaments+1"],"picked":"Hemokinesis","floor":18},{"not_picked":["Thunderclap","Heavy Blade","Clothesline+1"],"picked":"SKIP","floor":20}],"player_experience":244298,"relics_obtained":[{"floor":9,"key":"Potion Belt"},{"floor":12,"key":"Anchor"}],"event_choices":[{"event_name":"Shining Light","player_choice":"Entered Light","floor":3,"damage_taken":0},{"event_name":"Living Wall","player_choice":"Forget","floor":5,"damage_taken":0},{"event_name":"Scrap Ooze","player_choice":"success","floor":7,"damage_taken":3},{"event_name":"Vampires","player_choice":"Became a vampire","floor":19,"damage_taken":0},{"event_name":"Ghosts","player_choice":"Became a Ghost","floor":21,"damage_taken":0}],"boss_relics":[{"not_picked":["Busted Crown","Pandora\u0027s Box"],"picked":"Lizard Tail"}],"items_purged_floors":[11],"is_endless":false,"potions_floor_spawned":[1,8,12,13],"killed_by":"Slavers","ascension_level":0}