{"path_per_floor":["M","?","?","M","M","R","E","?","T","M","M","M","?","M","R","B",null,"M","?","M","M","M","R","M","R","T","?","$","R","M","?","R"],"character_chosen":"IRONCLAD","items_purchased":["Cleave+1","Bludgeon+1","Mercury Hourglass"],"gold_per_floor":[118,118,118,135,154,154,189,267,267,281,299,314,314,331,331,427,427,437,437,447,457,468,468,468,468,495,495,2,2,19,19,19,19],"floor_reached":33,"campfire_rested":4,"playtime":2080,"item_purchase_floors":[28,28,28],"current_hp_per_floor":[80,80,80,80,80,80,58,58,58,58,54,48,74,80,80,33,80,74,74,43,25,7,46,21,60,60,60,60,80,76,76,80,0],"items_purged":["Pain"],"gold":19,"score":276,"play_id":"d17766f0-ba9e-416a-9ded-48568841600f","local_time":"20180614181747","is_prod":false,"is_daily":false,"chose_seed":false,"is_ascension_mode":false,"campfire_upgraded":2,"win_rate":0.0,"timestamp":1529014667,"campfire_choices":[{"data":"Metallicize","floor":6,"key":"SMITH"},{"data":"Searing Blow+1","floor":15,"key":"SMITH"},{"floor":23,"key":"REST"},{"floor":25,"key":"REST"},{"floor":29,"key":"REST"},{"floor":32,"key":"REST"}],"path_taken":["M","?","?","?","M","R","E","?","T","M","M","M","?","M","R","BOSS","M","?","M","M","M","R","M","R","T","?","$","R","M","?","R","BOSS"],"build_version":"2018-06-07v3","seed_source_timestamp":123441937064328,"purchased_purges":1,"victory":false,"master_deck":["Strike_R","Strike_R","Strike_R","Strike_R","Defend_R","Defend_R","Defend_R","Defend_R","Bash+1","Heavy Blade","Metallicize+1","Clash","Headbutt","Whirlwind+1","Rampage+1","Searing Blow+2","Perfected Strike+1","Double Tap","Clumsy","Shrug It Off+1","Clash+1","Clash+1","Shrug It Off+1","Armaments+1","Cleave+1","Bludgeon+1","Demon Form","Shrug It Off","Shrug It Off+1"],"max_hp_per_floor":[80,80,80,80,80,80,80,80,80,80,80,80,80,80,80,80,80,80,80,80,80,80,80,80,80,80,80,80,80,80,80,80,80],"relics":["Burning Blood","NeowsBlessing","Dream Catcher","Molten Egg 2","Calling Bell","Paper Frog","Peace Pipe","Regal Pillow","Ancient Tea Set","Mercury Hourglass"],"card_choices":[{"not_picked":["Body Slam","Disarm"],"picked":"Heavy Blade","floor":1},{"not_picked":["Spot Weakness","Clothesline"],"picked":"Metallicize","floor":4},{"not_picked":["Body Slam","Dropkick"],"picked":"Clash","floor":5},{"not_picked":["Corruption","Dropkick"],"picked":"Headbutt","floor":7},{"not_picked":["Inflame","Armaments"],"picked":"Whirlwind+1","floor":10},{"not_picked":["Feel No Pain","Combust"],"picked":"Rampage+1","floor":11},{"not_picked":["Burning Pact","Shrug It Off"],"picked":"Searing Blow+1","floor":12},{"not_picked":["Body Slam+1","Twin Strike+1"],"picked":"Perfected Strike+1","floor":14},{"not_picked":["Fiend Fire+1","Limit Break"],"picked":"Double Tap","floor":16},{"not_picked":["Heavy Blade+1","Ghostly Armor"],"picked":"Shrug It Off+1","floor":18},{"not_picked":["Flex","Bloodletting","Body Slam+1"],"picked":"SKIP","floor":20},{"not_picked":["Berserk","Battle Trance"],"picked":"Clash+1","floor":21},{"not_picked":["Battle Trance+1","Inflame"],"picked":"Clash+1","floor":22},{"not_picked":["Dual Wield","Heavy Blade+1"],"picked":"Shrug It Off+1","floor":23},{"not_picked":["Clash+1","Uppercut+1"],"picked":"Armaments+1","floor":25},{"not_picked":["True Grit","Fire Breathing"],"picked":"Demon Form","floor":29},{"not_picked":["Flex","Pommel Strike+1"],"picked":"Shrug It Off","floor":30},{"not_picked":["Metallicize","Headbutt+1"],"picked":"Shrug It Off+1","floor":32}],"player_experience":15244,"potions_floor_usage":[16,16,21,22,24],"damage_taken":[{"damage":0,"enemies":"Jaw Worm","floor":1,"turns":1},{"damage":0,"enemies":"Cultist","floor":4,"turns":1},{"damage":0,"enemies":"2 Louse","floor":5,"turns":1},{"damage":28,"enemies":"Lagavulin","floor":7,"turns":5},{"damage":6,"enemies":"Exordium Thugs","floor":10,"turns":4},{"damage":10,"enemies":"Looter","floor":11,"turns":3},{"damage":12,"enemies":"3 Louse","floor":12,"turns":3},{"damage":0,"enemies":"Gremlin Gang","floor":14,"turns":1},{"damage":53,"enemies":"The Guardian","floor":16,"turns":8},{"damage":12,"enemies":"Chosen","floor":18,"turns":4},{"damage":37,"enemies":"2 Thieves","floor":20,"turns":4},{"damage":24,"enemies":"Chosen and Byrds","floor":21,"turns":6},{"damage":24,"enemies":"Cultist and Chosen","floor":22,"turns":6},{"damage":31,"enemies":"Sentry and Sphere","floor":24,"turns":5},{"damage":10,"enemies":"3 Cultists","floor":30,"turns":4},{"damage":80,"enemies":"Automaton","floor":33,"turns":6}],"relics_obtained":[{"floor":7,"key":"Dream Catcher"},{"floor":9,"key":"Molten Egg 2"},{"floor":17,"key":"Paper Frog"},{"floor":17,"key":"Peace Pipe"},{"floor":17,"key":"Regal Pillow"},{"floor":26,"key":"Ancient Tea Set"}],"event_choices":[{"event_name":"Bonfire Elementals","player_choice":"BASIC","floor":2,"damage_taken":0},{"event_name":"Living Wall","player_choice":"Grow","floor":3,"damage_taken":0},{"event_name":"Golden Wing","player_choice":"Gained Gold","floor":8,"damage_taken":0},{"event_name":"Big Fish","player_choice":"Banana","floor":13,"damage_taken":0},{"event_name":"Purifier","player_choice":"One Purge","floor":19,"damage_taken":0},{"event_name":"Vampires","player_choice":"Ignored","floor":27,"damage_taken":0},{"event_name":"The Mausoleum","player_choice":"No","floor":31,"damage_taken":0}],"boss_relics":[{"not_picked":["Cursed Key","Philosopher\u0027s Stone"],"picked":"Calling Bell"}],"items_purged_floors":[28],"potions_floor_spawned":[5,10,11,12,20,21,24],"seed_played":"-244944874120773495","killed_by":"Automaton","ascension_level":0,"potions_obtained":[{"floor":5,"key":"EssenceOfSteel"},{"floor":10,"key":"AttackPotion"},{"floor":11,"key":"Fire Potion"},{"floor":20,"key":"EssenceOfSteel"},{"floor":21,"key":"SmokeBomb"}],"is_trial":false}