{"gold_per_floor":[119,130,143,157,47,47,47,121,145,160,173,130,130,143,143,238,238,257,270,270,196,196,196,227,227,253,273,183,183,202,301,301,396,396,409,409,168,183,183],"floor_reached":39,"playtime":2096,"items_purged":[],"score":430,"play_id":"5db2b3f1-5e21-4878-9d6d-91b993f83211","local_time":"20190406033444","is_ascension_mode":true,"campfire_choices":[{"data":"Hello World","floor":6,"key":"SMITH"},{"floor":13,"key":"REST"},{"floor":15,"key":"REST"},{"floor":23,"key":"REST"},{"floor":25,"key":"REST"},{"floor":29,"key":"REST"},{"floor":32,"key":"REST"}],"neow_cost":"NONE","seed_source_timestamp":202791963088982,"circlet_count":0,"master_deck":["Strike_B+1","Strike_B","Defend_B","Defend_B","Defend_B","Defend_B","Zap","Dualcast","Chaos","Conserve Battery","Biased Cognition","Storm","Doom and Gloom","Hello World+1","Glacier","Conserve Battery","Machine Learning","Double Energy","Streamline+1","Capacitor","Fusion","Amplify","Heatsinks","Beam Cell"],"relics":["Lizard Tail","PreservedInsect","White Beast Statue","Blood Vial","Enchiridion","Singing Bowl","Ancient Tea Set","Nuclear Battery","Regal Pillow"],"potions_floor_usage":[16,16,16,33,33,33,38,39],"damage_taken":[{"damage":11,"enemies":"Cultist","floor":1,"turns":4},{"damage":7,"enemies":"2 Louse","floor":2,"turns":4},{"damage":6,"enemies":"Jaw Worm","floor":3,"turns":5},{"damage":1,"enemies":"Exordium Wildlife","floor":4,"turns":4},{"damage":7,"enemies":"Exordium Thugs","floor":10,"turns":4},{"damage":26,"enemies":"Large Slime","floor":11,"turns":5},{"damage":28,"enemies":"Gremlin Gang","floor":14,"turns":5},{"damage":26,"enemies":"Slime Boss","floor":16,"turns":10},{"damage":17,"enemies":"Shell Parasite","floor":18,"turns":6},{"damage":22,"enemies":"Chosen","floor":19,"turns":6},{"damage":84,"enemies":"Slavers","floor":24,"turns":9},{"damage":11,"enemies":"Centurion and Healer","floor":27,"turns":8},{"damage":11,"enemies":"3 Cultists","floor":30,"turns":3},{"damage":59,"enemies":"Champ","floor":33,"turns":11},{"damage":56,"enemies":"3 Darklings","floor":35,"turns":6},{"damage":26,"enemies":"3 Shapes","floor":38,"turns":8},{"damage":21,"enemies":"3 Darklings","floor":39,"turns":2}],"seed_played":"-6375382551020644386","potions_obtained":[{"floor":3,"key":"AttackPotion"},{"floor":4,"key":"Ancient Potion"},{"floor":10,"key":"Dexterity Potion"},{"floor":16,"key":"Swift Potion"},{"floor":18,"key":"Block Potion"},{"floor":19,"key":"Ancient Potion"},{"floor":24,"key":"LiquidBronze"},{"floor":27,"key":"Fire Potion"},{"floor":33,"key":"Regen Potion"},{"floor":35,"key":"Ancient Potion"},{"floor":38,"key":"AttackPotion"}],"is_trial":false,"path_per_floor":["M","M","M","M","$","R","$","?","T","M","M","?","R","M","R","B",null,"M","M","?","$","?","R","E","R","T","M","?","R","M","?","R","B",null,"M","?","$","M","M"],"character_chosen":"DEFECT","items_purchased":["Doom and Gloom","Hello World","Capacitor","Regal Pillow","Heatsinks","Beam Cell"],"campfire_rested":6,"item_purchase_floors":[5,5,21,37,37,37],"current_hp_per_floor":[64,57,51,50,50,50,50,50,50,43,17,17,39,11,33,7,75,58,36,36,36,20,42,5,28,28,21,21,44,35,35,58,1,79,25,25,25,18,0],"gold":183,"neow_bonus":"BOSS_RELIC","is_prod":false,"is_daily":false,"chose_seed":false,"campfire_upgraded":1,"win_rate":0,"timestamp":1554536084,"path_taken":["M","M","?","M","$","R","$","?","T","M","M","?","R","M","R","BOSS","M","M","?","?","?","R","E","R","T","?","?","R","?","?","R","BOSS","M","?","$","M","M"],"build_version":"2019-01-23","purchased_purges":0,"victory":false,"max_hp_per_floor":[75,75,75,75,75,75,75,75,75,75,75,75,75,75,75,75,75,75,75,75,75,75,75,77,77,77,79,79,79,79,79,79,79,79,81,81,81,83,83],"card_choices":[{"not_picked":["Rebound","Sweeping Beam"],"picked":"Chaos","floor":1},{"not_picked":["White Noise","Capacitor"],"picked":"Conserve Battery","floor":2},{"not_picked":["Stack","Double Energy"],"picked":"Biased Cognition","floor":3},{"not_picked":["Rip and Tear","Steam"],"picked":"Storm","floor":4},{"not_picked":["Rip and Tear","Ball Lightning","Chill"],"picked":"SKIP","floor":10},{"not_picked":["Sweeping Beam","Barrage"],"picked":"Glacier","floor":11},{"not_picked":["Cold Snap","Sweeping Beam"],"picked":"Conserve Battery","floor":14},{"not_picked":["Multi-Cast","Hyperbeam"],"picked":"Machine Learning","floor":16},{"not_picked":["Melter","Stack"],"picked":"Double Energy","floor":18},{"not_picked":["Blizzard+1","Doom and Gloom+1"],"picked":"Streamline+1","floor":19},{"not_picked":["Seek","Recycle","Static Discharge+1"],"picked":"Singing Bowl","floor":24},{"not_picked":["Undo+1","Coolheaded","Turbo"],"picked":"Singing Bowl","floor":27},{"not_picked":["Glacier+1","Go for the Eyes+1"],"picked":"Fusion","floor":30},{"not_picked":["Meteor Strike","Biased Cognition"],"picked":"Amplify","floor":33},{"not_picked":["Melter+1","Barrage+1","Cold Snap"],"picked":"Singing Bowl","floor":35},{"not_picked":["Ball Lightning","Coolheaded+1","Streamline+1"],"picked":"Singing Bowl","floor":38}],"player_experience":207608,"relics_obtained":[{"floor":9,"key":"PreservedInsect"},{"floor":22,"key":"Enchiridion"},{"floor":24,"key":"Singing Bowl"},{"floor":26,"key":"Ancient Tea Set"}],"event_choices":[{"damage_healed":0,"gold_gain":74,"player_choice":"Gained Gold","damage_taken":0,"max_hp_gain":0,"max_hp_loss":0,"event_name":"Golden Wing","floor":8,"gold_loss":0},{"damage_healed":0,"gold_gain":0,"player_choice":"Left Gold","damage_taken":0,"max_hp_gain":0,"max_hp_loss":0,"event_name":"World of Goop","floor":12,"gold_loss":43},{"damage_healed":0,"gold_gain":0,"player_choice":"Gave Potion","damage_taken":0,"relics_obtained":["Blood Vial"],"max_hp_gain":0,"max_hp_loss":0,"event_name":"WeMeetAgain","floor":20,"gold_loss":0},{"damage_healed":0,"gold_gain":0,"player_choice":"Obtained Book","damage_taken":16,"max_hp_gain":0,"max_hp_loss":0,"event_name":"Cursed Tome","floor":22,"gold_loss":0},{"cards_removed":["Strike_B"],"damage_healed":0,"gold_gain":0,"player_choice":"Upgrade and Remove","damage_taken":0,"max_hp_gain":0,"max_hp_loss":0,"event_name":"Designer","floor":28,"gold_loss":90,"cards_upgraded":["Strike_B"]},{"damage_healed":0,"gold_gain":99,"player_choice":"Stole From Cult","damage_taken":0,"max_hp_gain":0,"max_hp_loss":0,"event_name":"Nest","floor":31,"gold_loss":0},{"cards_removed":["Strike_B"],"damage_healed":0,"gold_gain":0,"player_choice":"Removed Attack","damage_taken":0,"max_hp_gain":0,"max_hp_loss":0,"event_name":"Falling","floor":36,"gold_loss":0}],"is_beta":false,"boss_relics":[{"not_picked":["Fusion Hammer","Runic Dome"],"picked":"White Beast Statue"},{"not_picked":["Philosopher\u0027s Stone","Runic Pyramid"],"picked":"Nuclear Battery"}],"items_purged_floors":[],"is_endless":false,"potions_floor_spawned":[3,4,10,14,16,18,19,24,27,30,33,35,38],"killed_by":"3 Darklings","ascension_level":2}