{"gold_per_floor":[113,125,50,65,65,65,79,95,118,137,137,37,57,71,71,71],"floor_reached":16,"playtime":599,"items_purged":["Strike_G","Defend_G"],"score":96,"play_id":"d4d43386-02b1-432d-bc5c-223404f4d6f5","local_time":"20180718102916","is_ascension_mode":false,"campfire_choices":[{"floor":6,"key":"REST"},{"floor":11,"key":"REST"},{"floor":15,"key":"REST"}],"neow_cost":"NONE","seed_source_timestamp":10910551346595,"circlet_count":0,"master_deck":["Defend_G","Defend_G","Defend_G","Defend_G","Strike_G","Strike_G","Strike_G+1","Strike_G","Survivor","Neutralize","Acrobatics","Bane+1","Bane","Dagger Throw","Unload","Catalyst"],"relics":["Eternal Feather","Bag of Marbles"],"potions_floor_usage":[],"damage_taken":[{"damage":0,"enemies":"Cultist","floor":1,"turns":4},{"damage":2,"enemies":"Small Slimes","floor":2,"turns":4},{"damage":3,"enemies":"Jaw Worm","floor":4,"turns":8},{"damage":14,"enemies":"Gremlin Gang","floor":7,"turns":5},{"damage":20,"enemies":"Exordium Thugs","floor":8,"turns":6},{"damage":8,"enemies":"3 Louse","floor":10,"turns":3},{"damage":5,"enemies":"Large Slime","floor":13,"turns":5},{"damage":3,"enemies":"Exordium Wildlife","floor":14,"turns":3},{"damage":72,"enemies":"Hexaghost","floor":16,"turns":9}],"seed_played":"-1366204853255751772","potions_obtained":[{"floor":4,"key":"SteroidPotion"},{"floor":7,"key":"Ancient Potion"},{"floor":10,"key":"Swift Potion"}],"is_trial":false,"path_per_floor":["M","M","$","M","?","R","M","M","T","M","R","$","M","M","R"],"character_chosen":"THE_SILENT","items_purchased":[],"campfire_rested":3,"item_purchase_floors":[],"current_hp_per_floor":[70,68,68,65,51,70,56,36,36,28,55,55,50,47,70,0],"gold":71,"neow_bonus":"BOSS_RELIC","is_prod":false,"is_daily":false,"chose_seed":false,"campfire_upgraded":0,"win_rate":0,"timestamp":1531924156,"path_taken":["M","M","$","M","?","R","M","?","T","M","R","?","M","?","R","BOSS"],"build_version":"2018-07-12","purchased_purges":2,"victory":false,"max_hp_per_floor":[70,70,70,70,70,70,70,70,70,70,70,70,70,70,70,70],"card_choices":[{"not_picked":["Dagger Spray","Quick Slash","Flechettes"],"picked":"SKIP","floor":1},{"not_picked":["Underhanded Strike","Finisher"],"picked":"Acrobatics","floor":2},{"not_picked":["Poisoned Stab","Cloak And Dagger"],"picked":"Bane","floor":4},{"not_picked":["Distraction","Slice"],"picked":"Bane","floor":7},{"not_picked":["Crippling Poison","Reflex"],"picked":"Dagger Throw","floor":8},{"not_picked":["Slice","Quick Slash"],"picked":"Unload","floor":10},{"not_picked":["Backstab","Well Laid Plans","Malaise"],"picked":"SKIP","floor":13},{"not_picked":["Slice","Endless Agony"],"picked":"Catalyst","floor":14}],"player_experience":269428,"relics_obtained":[{"floor":9,"key":"Bag of Marbles"}],"event_choices":[{"event_name":"Shining Light","player_choice":"Entered Light","floor":5,"damage_taken":0}],"boss_relics":[],"items_purged_floors":[3,12],"is_endless":false,"potions_floor_spawned":[4,7,10,13],"killed_by":"Hexaghost","ascension_level":0}