{"path_per_floor":["M","?","M","M","M","R","E","?","T","?","R","M","$","M","R","B",null,"M","?","?","$","?","R","E","M","T","R","M"],"character_chosen":"DEFECT","items_purchased":["Apotheosis","Hologram"],"gold_per_floor":[113,113,127,137,153,153,186,166,241,241,241,261,5,20,20,117,117,131,56,155,80,80,80,110,125,125,125,142,142],"floor_reached":29,"campfire_rested":3,"playtime":2421,"item_purchase_floors":[13,13],"current_hp_per_floor":[72,72,78,77,65,82,89,89,89,89,96,96,96,96,96,83,96,96,96,96,96,96,96,77,79,79,96,79,0],"items_purged":["Strike_B"],"gold":142,"score":268,"play_id":"de526244-ed97-4e7a-b6ac-79ca2f86b41c","local_time":"20180615162427","is_prod":false,"is_daily":false,"chose_seed":false,"is_ascension_mode":false,"campfire_upgraded":2,"win_rate":0.0,"timestamp":1529094267,"campfire_choices":[{"floor":6,"key":"REST"},{"floor":11,"key":"REST"},{"data":"Apotheosis","floor":15,"key":"SMITH"},{"data":"Streamline","floor":23,"key":"SMITH"},{"floor":27,"key":"REST"}],"path_taken":["M","?","M","M","M","R","E","?","T","?","R","M","$","M","R","BOSS","M","?","?","$","?","R","E","M","T","R","?","E"],"build_version":"2018-06-14v2","seed_source_timestamp":202702184562785,"purchased_purges":1,"victory":false,"master_deck":["Strike_B","Strike_B","Strike_B","Defend_B","Defend_B","Defend_B","Defend_B","Zap","Self Repair","Streamline+1","Hello World","Leap","Conserve Battery","Lockon","Apotheosis+1","Hologram","Rebound","Multi-Cast","Rebound","Cold Snap","FTL"],"max_hp_per_floor":[82,82,82,82,82,82,96,96,96,96,96,96,96,96,96,96,96,96,96,96,96,96,96,96,96,96,96,96,96],"relics":["Cracked Core","Mango","Dodecahedron","Happy Flower","Velvet Choker","Potion Belt","Pantograph"],"card_choices":[{"not_picked":["Redo","Go for the Eyes"],"picked":"Self Repair","floor":1},{"not_picked":["Skim","Darkness"],"picked":"Streamline","floor":3},{"not_picked":["Compile Driver","Force Field"],"picked":"Hello World","floor":4},{"not_picked":["Compile Driver","Beam Cell"],"picked":"Leap","floor":5},{"not_picked":["Darkness","Sweeping Beam"],"picked":"Conserve Battery","floor":7},{"not_picked":["Melter","Chill"],"picked":"Lockon","floor":12},{"not_picked":["Fusion","Seek"],"picked":"Rebound","floor":14},{"not_picked":["Amplify","Rainbow"],"picked":"Multi-Cast","floor":16},{"not_picked":["Darkness","Fusion+1"],"picked":"Rebound","floor":18},{"not_picked":["Rebound","Fission"],"picked":"Cold Snap","floor":24},{"not_picked":["Gash","Go for the Eyes","Turbo"],"picked":"SKIP","floor":25},{"not_picked":["Stack","Storm"],"picked":"FTL","floor":28}],"player_experience":54743,"potions_floor_usage":[7,16,16,24,29],"damage_taken":[{"damage":10,"enemies":"2 Louse","floor":1,"turns":3},{"damage":1,"enemies":"Cultist","floor":3,"turns":4},{"damage":8,"enemies":"Small Slimes","floor":4,"turns":3},{"damage":19,"enemies":"Blue Slaver","floor":5,"turns":4},{"damage":14,"enemies":"Gremlin Nob","floor":7,"turns":4},{"damage":0,"enemies":"Looter","floor":12,"turns":3},{"damage":0,"enemies":"2 Fungi Beasts","floor":14,"turns":3},{"damage":23,"enemies":"The Guardian","floor":16,"turns":6},{"damage":2,"enemies":"Chosen","floor":18,"turns":4},{"damage":29,"enemies":"Slavers","floor":24,"turns":6},{"damage":8,"enemies":"2 Thieves","floor":25,"turns":5},{"damage":27,"enemies":"Centurion and Healer","floor":28,"turns":5},{"damage":87,"enemies":"Gremlin Leader","floor":29,"turns":7}],"relics_obtained":[{"floor":7,"key":"Mango"},{"floor":9,"key":"Dodecahedron"},{"floor":24,"key":"Potion Belt"},{"floor":26,"key":"Pantograph"}],"event_choices":[{"event_name":"Golden Wing","player_choice":"Ignored","floor":2,"damage_taken":0},{"event_name":"World of Goop","player_choice":"Left","floor":8,"damage_taken":0},{"event_name":"Wheel of Change","player_choice":"Relic","floor":10,"damage_taken":0},{"event_name":"Beggar","player_choice":"Gave Gold","floor":19,"damage_taken":0},{"event_name":"Nest","player_choice":"Stole From Cult","floor":20,"damage_taken":0},{"event_name":"Vampires","player_choice":"Ignored","floor":22,"damage_taken":0}],"boss_relics":[{"not_picked":["Runic Pyramid","Black Star"],"picked":"Velvet Choker"}],"items_purged_floors":[21],"is_endless":false,"potions_floor_spawned":[3,4,5,16,24,25,28],"seed_played":"7080520824483023056","killed_by":"Gremlin Leader","ascension_level":0,"potions_obtained":[{"floor":3,"key":"FearPotion"},{"floor":4,"key":"Fire Potion"},{"floor":5,"key":"FocusPotion"},{"floor":16,"key":"Weak Potion"},{"floor":24,"key":"Dexterity Potion"},{"floor":25,"key":"SteroidPotion"},{"floor":28,"key":"Dexterity Potion"}],"is_trial":false}