{"gold_per_floor":[110,110,110,160,183,183,223,246,269,313,67,67,90,110,110,200,200],"floor_reached":17,"playtime":363,"items_purged":["Strike_R"],"score":371,"play_id":"f4586dfb-19e5-444e-9df8-74bf2a2e01a4","local_time":"20190316141729","is_ascension_mode":true,"campfire_choices":[{"data":"Searing Blow","floor":6,"key":"SMITH"},{"data":"Searing Blow+2","floor":12,"key":"SMITH"},{"data":"Searing Blow+3","floor":15,"key":"SMITH"}],"neow_cost":"NONE","seed_source_timestamp":58193767840607,"circlet_count":0,"master_deck":["AscendersBane","Bash+1","Searing Blow+4","Armaments+1","Body Slam","Corruption","Blood for Blood","Barricade","Thunderclap","Shrug It Off+1","Sword Boomerang","Burning Pact+1"],"relics":["Burning Blood","NeowsBlessing","Golden Idol","Ancient Tea Set","Bag of Preparation","Toxic Egg 2","Regal Pillow","Blood Vial","Whetstone","Pandora\u0027s Box"],"potions_floor_usage":[10],"damage_taken":[{"damage":0,"enemies":"2 Louse","floor":1,"turns":1},{"damage":0,"enemies":"Jaw Worm","floor":5,"turns":1},{"damage":0,"enemies":"Lagavulin","floor":7,"turns":1},{"damage":1,"enemies":"Cultist","floor":8,"turns":3},{"damage":50,"enemies":"3 Sentries","floor":10,"turns":12},{"damage":4,"enemies":"Red Slaver","floor":13,"turns":2},{"damage":8,"enemies":"2 Fungi Beasts","floor":14,"turns":3},{"damage":5,"enemies":"Hexaghost","floor":16,"turns":7}],"seed_played":"-7871518495673645101","potions_obtained":[{"floor":7,"key":"Swift Potion"},{"floor":10,"key":"SpeedPotion"},{"floor":14,"key":"Fire Potion"}],"is_trial":false,"path_per_floor":["M","?","?","T","M","R","E","M","T","E","$","R","M","M","R","B",null],"character_chosen":"IRONCLAD","items_purchased":["Whetstone"],"campfire_rested":0,"item_purchase_floors":[11],"current_hp_per_floor":[74,48,37,37,43,43,49,54,54,10,10,10,14,14,14,17,17],"gold":200,"neow_bonus":"THREE_ENEMY_KILL","is_prod":false,"is_daily":false,"chose_seed":false,"campfire_upgraded":3,"win_rate":0,"timestamp":1552731449,"path_taken":["M","?","?","?","M","R","E","M","T","E","?","R","?","M","R","BOSS"],"build_version":"2019-01-23","purchased_purges":1,"victory":false,"max_hp_per_floor":[75,75,75,75,75,75,75,75,75,75,75,75,75,75,75,75,75],"card_choices":[{"not_picked":["Flex","Shrug It Off"],"picked":"Searing Blow","floor":1},{"not_picked":["Dropkick","Warcry","Twin Strike"],"picked":"SKIP","floor":5},{"not_picked":["Barricade","Reckless Charge","Heavy Blade"],"picked":"SKIP","floor":7},{"not_picked":["Warcry+1","Corruption","Heavy Blade"],"picked":"SKIP","floor":8},{"not_picked":["Cleave","Infernal Blade+1"],"picked":"Armaments+1","floor":10},{"not_picked":["Cleave","Corruption","Uppercut"],"picked":"SKIP","floor":13},{"not_picked":["Hemokinesis","Flame Barrier+1","Clash"],"picked":"SKIP","floor":14}],"player_experience":734963,"relics_obtained":[{"floor":4,"key":"Bag of Preparation"},{"floor":7,"key":"Toxic Egg 2"},{"floor":9,"key":"Regal Pillow"},{"floor":10,"key":"Blood Vial"}],"event_choices":[{"damage_healed":0,"gold_gain":0,"player_choice":"Take Damage","damage_taken":26,"relics_obtained":["Golden Idol"],"max_hp_gain":0,"max_hp_loss":0,"event_name":"Golden Idol","floor":2,"gold_loss":0},{"damage_healed":0,"gold_gain":0,"player_choice":"Success","damage_taken":11,"relics_obtained":["Ancient Tea Set"],"max_hp_gain":0,"max_hp_loss":0,"event_name":"Scrap Ooze","floor":3,"gold_loss":0}],"is_beta":false,"boss_relics":[{"not_picked":["White Beast Statue","Runic Cube"],"picked":"Pandora\u0027s Box"}],"items_purged_floors":[11],"is_endless":false,"potions_floor_spawned":[7,10,14],"ascension_level":19}