{"gold_per_floor":[109,121,138,63,63,63,83,46,46,46,46,66,78,91,91,196,196,209,244,144,144,164,164,174,174,197,23,23,35,35,55,55,55],"floor_reached":33,"playtime":2086,"items_purged":["Strike_B","Strike_B","Defend_B"],"score":264,"play_id":"f039f8e3-4aa9-481f-87f7-1a3f42ce0207","local_time":"20180713141722","is_ascension_mode":false,"campfire_choices":[{"data":"Zap","floor":6.0,"key":"SMITH"},{"data":"Static Discharge","floor":11.0,"key":"SMITH"},{"floor":15.0,"key":"REST"},{"floor":23.0,"key":"REST"},{"floor":25.0,"key":"REST"},{"data":"Bite","floor":28,"key":"SMITH"},{"floor":32,"key":"REST"}],"neow_cost":"NONE","seed_source_timestamp":0,"circlet_count":0,"master_deck":["Defend_B","Defend_B","Zap+1","Dualcast","Coolheaded","Glacier","Streamline","Tempest","Static Discharge+1","Dramatic Entrance","Core Surge","Hologram+1","Barrage","Bite+1","Bite","Bite","Bite","Bite","Ball Lightning","Ball Lightning","Auto Shields"],"special_seed":0,"relics":["Cracked Core","Centennial Puzzle","Busted Crown","Red Mask","Bag of Marbles","Enchiridion"],"potions_floor_usage":[31,31],"damage_taken":[{"damage":3.0,"enemies":"Small Slimes","floor":1.0,"turns":3.0},{"damage":0.0,"enemies":"Cultist","floor":2.0,"turns":3.0},{"damage":0.0,"enemies":"Jaw Worm","floor":3.0,"turns":5.0},{"damage":6.0,"enemies":"Looter","floor":7.0,"turns":3.0},{"damage":6.0,"enemies":"Lots of Slimes","floor":12.0,"turns":2.0},{"damage":4.0,"enemies":"Large Slime","floor":13.0,"turns":5.0},{"damage":3.0,"enemies":"Exordium Wildlife","floor":14.0,"turns":4.0},{"damage":36.0,"enemies":"Hexaghost","floor":16.0,"turns":6.0},{"damage":11.0,"enemies":"Chosen","floor":18.0,"turns":4.0},{"damage":57.0,"floor":19.0,"turns":4.0},{"damage":0.0,"enemies":"3 Byrds","floor":22.0,"turns":2.0},{"damage":12.0,"enemies":"Cultist and Chosen","floor":24.0,"turns":3.0},{"damage":27,"enemies":"Centurion and Healer","floor":29,"turns":5},{"damage":0,"enemies":"Snecko","floor":31,"turns":3},{"damage":29,"enemies":"Champ","floor":33,"turns":3}],"seed_played":"4413340158131553639","potions_obtained":[{"floor":3.0,"key":"Poison Potion"},{"floor":7.0,"key":"SpeedPotion"},{"floor":14.0,"key":"LiquidBronze"},{"floor":22.0,"key":"FocusPotion"},{"floor":31,"key":"GamblersBrew"}],"is_trial":false,"path_per_floor":["M","M","M","$","?","R","M","$","T","?","R","M","M","M","R","B",null,"M","?","$","?","M","R","M","R","T","$","R","M","?","M","R"],"character_chosen":"DEFECT","items_purchased":["Static Discharge","Ball Lightning"],"campfire_rested":4,"item_purchase_floors":[8,27],"current_hp_per_floor":[79,79,79,79,79,79,73,73,73,73,73,67,63,60,82,46,82,71,14,14,14,14,31,25,42,42,42,42,19,3,10,27,0],"gold":55,"neow_bonus":"TEN_PERCENT_HP_BONUS","is_prod":false,"is_daily":false,"chose_seed":false,"campfire_upgraded":3,"win_rate":0.0,"timestamp":1531505842,"path_taken":["M","M","M","$","?","R","M","$","T","?","R","M","?","M","R","BOSS","M","?","$","?","M","R","?","R","T","?","R","M","?","M","R","BOSS"],"build_version":"2018-07-12","purchased_purges":3,"victory":false,"max_hp_per_floor":[82,82,82,82,82,82,82,82,82,82,82,82,82,82,82,82,82,82,82,82,57,57,57,57,57,57,57,57,57,57,57,57,57],"card_choices":[{"not_picked":["Cold Snap","Rebound"],"picked":"Coolheaded","floor":1.0},{"not_picked":["FTL","Conserve Battery"],"picked":"Glacier","floor":2.0},{"not_picked":["Chaos","Barrage"],"picked":"Streamline","floor":3.0},{"not_picked":["Cold Snap","Conserve Battery"],"picked":"Tempest","floor":7.0},{"not_picked":["Recycle","Steam","Coolheaded"],"picked":"SKIP","floor":12.0},{"not_picked":["Cold Snap","Steam","Barrage"],"picked":"SKIP","floor":13.0},{"not_picked":["Turbo","Coolheaded","Streamline"],"picked":"SKIP","floor":14.0},{"not_picked":["Machine Learning","All For One"],"picked":"Core Surge","floor":16.0},{"not_picked":[],"picked":"Hologram+1","floor":18.0},{"not_picked":[],"picked":"Barrage","floor":19.0},{"not_picked":["Tempest"],"picked":"SKIP","floor":22.0},{"not_picked":[],"picked":"Ball Lightning","floor":24.0},{"not_picked":["Hologram"],"picked":"SKIP","floor":29},{"not_picked":[],"picked":"Auto Shields","floor":31}],"player_experience":231776,"relics_obtained":[{"floor":9.0,"key":"Centennial Puzzle"},{"floor":19.0,"key":"Red Mask"},{"floor":26.0,"key":"Bag of Marbles"},{"floor":30,"key":"Enchiridion"}],"event_choices":[{"event_name":"Bonfire Elementals","player_choice":"BASIC","floor":5.0,"damage_taken":0.0},{"event_name":"Match and Keep!","player_choice":"1 cards matched","floor":10.0,"damage_taken":0.0},{"event_name":"Masked Bandits","player_choice":"Fought over 209 gold","floor":19.0,"damage_taken":0.0},{"event_name":"Vampires","player_choice":"Became a vampire","floor":21.0,"damage_taken":0.0},{"event_name":"Cursed Tome","player_choice":"Obtained Book","floor":30,"damage_taken":0}],"boss_relics":[{"not_picked":["Tiny House","FrozenCore"],"picked":"Busted Crown"}],"items_purged_floors":[4,20,27],"is_endless":false,"potions_floor_spawned":[3,7,14,16,22,29,31],"killed_by":"Champ","ascension_level":0}