{"gold_per_floor":[119,18,18,39,39,39,79,79,155,155,155,168,183,222,222,318,318,338,338,388,403,428,428,467,467,494,494,509,509,65,65,65,156,156,169,193,216,248,385,397,450,462,498,510,538,550,562,574],"floor_reached":48,"playtime":1337,"items_purged":["Strike_R"],"score":1393,"play_id":"9122b60c-6fb0-42e2-8693-61dbabee8419","local_time":"20190316192637","is_ascension_mode":true,"campfire_choices":[{"data":"Shockwave","floor":6,"key":"SMITH"},{"data":"Spot Weakness","floor":8,"key":"SMITH"},{"data":"Thunderclap","floor":10,"key":"SMITH"},{"floor":15,"key":"REST"},{"floor":23,"key":"REST"},{"floor":27,"key":"REST"},{"floor":29,"key":"REST"},{"floor":32,"key":"REST"},{"floor":40,"key":"REST"},{"floor":42,"key":"REST"},{"floor":44,"key":"RECALL"}],"neow_cost":"NONE","seed_source_timestamp":75766517888955,"circlet_count":0,"master_deck":["AscendersBane","Strike_R","Strike_R+1","Defend_R","Defend_R","Defend_R","Defend_R","Bash+1","Thunderclap+1","Shockwave+1","Spot Weakness+1","Headbutt","Shrug It Off","Offering","Inflame","Bludgeon","Necronomicurse","Apotheosis","Heavy Blade","Sever Soul","Pommel Strike","Heavy Blade+1"],"relics":["Burning Blood","NeowsBlessing","Golden Idol","Sundial","Tiny Chest","Pen Nib","Snecko Eye","Blue Candle","Mango","Necronomicon","Bronze Scales","Sling","Fusion Hammer","MawBank","Ice Cream","Pantograph"],"potions_floor_usage":[13,14,16,21,24,33,41,48],"damage_taken":[{"damage":0,"enemies":"Jaw Worm","floor":1,"turns":1},{"damage":0,"enemies":"2 Louse","floor":4,"turns":2},{"damage":0,"enemies":"3 Sentries","floor":7,"turns":1},{"damage":3,"enemies":"Cultist","floor":12,"turns":4},{"damage":6,"enemies":"3 Louse","floor":13,"turns":4},{"damage":21,"enemies":"Gremlin Nob","floor":14,"turns":4},{"damage":29,"enemies":"The Guardian","floor":16,"turns":7},{"damage":25,"enemies":"Chosen","floor":18,"turns":4},{"damage":16,"enemies":"3 Byrds","floor":21,"turns":3},{"damage":11,"enemies":"Snecko","floor":22,"turns":3},{"damage":34,"enemies":"Book of Stabbing","floor":24,"turns":4},{"damage":34,"enemies":"Centurion and Healer","floor":28,"turns":3},{"damage":30,"enemies":"Automaton","floor":33,"turns":6},{"damage":0,"enemies":"3 Shapes","floor":35,"turns":5},{"damage":3,"enemies":"Orb Walker","floor":36,"turns":2},{"damage":12,"enemies":"Spire Growth","floor":38,"turns":3},{"damage":11,"enemies":"Mind Bloom Boss Battle","floor":39,"turns":4},{"damage":13,"enemies":"Giant Head","floor":41,"turns":4},{"damage":0,"enemies":"Transient","floor":45,"turns":6},{"damage":59,"enemies":"Time Eater","floor":47,"turns":7},{"damage":72,"enemies":"Donu and Deca","floor":48,"turns":5}],"seed_played":"8879013616241036266","potions_obtained":[{"floor":7,"key":"SteroidPotion"},{"floor":13,"key":"Block Potion"},{"floor":14,"key":"AttackPotion"},{"floor":16,"key":"LiquidBronze"},{"floor":18,"key":"Explosive Potion"},{"floor":22,"key":"AttackPotion"},{"floor":33,"key":"Poison Potion"},{"floor":39,"key":"GamblersBrew"}],"is_trial":false,"path_per_floor":["M","$","?","M","?","R","E","R","T","R","?","M","M","E","R","B",null,"M","T","?","M","M","R","E","?","T","R","M","R","$","?","R","B",null,"M","M","T","M","?","R","E","R","T","R","M","?","B","B"],"character_chosen":"IRONCLAD","items_purchased":["Thunderclap","Apotheosis","Sling","Heavy Blade"],"campfire_rested":7,"item_purchase_floors":[2,30,30,30],"current_hp_per_floor":[74,74,48,54,31,31,37,37,37,37,37,40,40,25,47,24,62,43,43,43,33,28,50,36,15,15,41,13,39,39,39,65,41,77,83,86,86,80,75,89,82,89,89,89,89,89,36,0],"gold":574,"neow_bonus":"THREE_ENEMY_KILL","is_prod":false,"is_daily":false,"chose_seed":false,"campfire_upgraded":3,"win_rate":0,"timestamp":1552749997,"path_taken":["M","$","?","M","?","R","E","R","T","R","?","M","M","E","R","BOSS","M","?","?","?","M","R","E","?","T","R","M","R","$","?","R","BOSS","M","M","?","M","?","R","E","R","T","R","M","?","BOSS","BOSS"],"build_version":"2019-01-23","purchased_purges":1,"victory":false,"max_hp_per_floor":[75,75,75,75,75,75,75,75,75,75,75,75,75,75,75,75,75,75,75,75,75,75,75,89,89,89,89,89,89,89,89,89,89,89,89,89,89,89,89,89,89,89,89,89,89,89,89,89],"card_choices":[{"not_picked":["Clothesline","Dual Wield","Reckless Charge"],"picked":"SKIP","floor":1},{"not_picked":["Reckless Charge","Wild Strike"],"picked":"Shockwave","floor":4},{"not_picked":["Perfected Strike","True Grit"],"picked":"Spot Weakness","floor":7},{"not_picked":["Anger","Bloodletting","Havoc"],"picked":"SKIP","floor":12},{"not_picked":["Anger","Wild Strike"],"picked":"Headbutt","floor":13},{"not_picked":["Perfected Strike","Body Slam"],"picked":"Shrug It Off","floor":14},{"not_picked":["Berserk","Brutality"],"picked":"Offering","floor":16},{"not_picked":["Cleave+1","Shrug It Off","Clash"],"picked":"SKIP","floor":18},{"not_picked":["Warcry","Headbutt","Iron Wave+1"],"picked":"SKIP","floor":21},{"not_picked":["Flex","Iron Wave"],"picked":"Inflame","floor":22},{"not_picked":["Hemokinesis+1","Uppercut"],"picked":"Bludgeon","floor":24},{"not_picked":["Second Wind","Body Slam","Armaments"],"picked":"SKIP","floor":28},{"not_picked":["Clash+1","Iron Wave","Sword Boomerang+1"],"picked":"SKIP","floor":35},{"not_picked":["Rage","True Grit","Warcry"],"picked":"SKIP","floor":36},{"not_picked":["Armaments+1","Warcry"],"picked":"Pommel Strike","floor":38},{"not_picked":["Sentinel","Disarm","Twin Strike"],"picked":"SKIP","floor":41},{"not_picked":["Clothesline+1","True Grit"],"picked":"Heavy Blade+1","floor":45}],"player_experience":745140,"relics_obtained":[{"floor":7,"key":"Sundial"},{"floor":9,"key":"Tiny Chest"},{"floor":14,"key":"Pen Nib"},{"floor":19,"key":"Blue Candle"},{"floor":24,"key":"Mango"},{"floor":25,"key":"Necronomicon"},{"floor":26,"key":"Bronze Scales"},{"floor":37,"key":"MawBank"},{"floor":39,"key":"Ice Cream"},{"floor":41,"key":"Pantograph"}],"event_choices":[{"damage_healed":0,"gold_gain":0,"player_choice":"Take Damage","damage_taken":26,"relics_obtained":["Golden Idol"],"max_hp_gain":0,"max_hp_loss":0,"event_name":"Golden Idol","floor":3,"gold_loss":0},{"damage_healed":0,"gold_gain":0,"player_choice":"Entered Light","damage_taken":23,"max_hp_gain":0,"max_hp_loss":0,"event_name":"Shining Light","floor":5,"gold_loss":0,"cards_upgraded":["Strike_R","Bash"]},{"cards_removed":["Strike_R"],"damage_healed":0,"gold_gain":0,"player_choice":"Offered Basic","damage_taken":0,"max_hp_gain":0,"max_hp_loss":0,"event_name":"Bonfire Elementals","floor":11,"gold_loss":0},{"damage_healed":0,"gold_gain":50,"player_choice":"Pray","damage_taken":0,"max_hp_gain":0,"max_hp_loss":0,"event_name":"Golden Shrine","floor":20,"gold_loss":0},{"damage_healed":0,"gold_gain":0,"player_choice":"Obtained Book","damage_taken":21,"max_hp_gain":0,"max_hp_loss":0,"event_name":"Cursed Tome","floor":25,"gold_loss":0},{"damage_healed":0,"gold_gain":0,"cards_transformed":["Strike_R"],"player_choice":"Transformed","damage_taken":0,"max_hp_gain":0,"max_hp_loss":0,"event_name":"Transmorgrifier","floor":31,"gold_loss":0,"cards_obtained":["Sever Soul"]},{"damage_healed":0,"gold_gain":0,"player_choice":"Fight","damage_taken":0,"max_hp_gain":0,"max_hp_loss":0,"event_name":"MindBloom","floor":39,"gold_loss":0},{"damage_healed":0,"gold_gain":0,"player_choice":"Took Portal","damage_taken":0,"max_hp_gain":0,"max_hp_loss":0,"event_name":"SecretPortal","floor":46,"gold_loss":0}],"is_beta":false,"boss_relics":[{"not_picked":["Eternal Feather","White Beast Statue"],"picked":"Snecko Eye"},{"not_picked":["Coffee Dripper","Empty Cage"],"picked":"Fusion Hammer"}],"items_purged_floors":[2],"is_endless":false,"potions_floor_spawned":[7,13,14,16,18,22,33,39],"killed_by":"Donu and Deca","ascension_level":20}