{"gold_per_floor":[119,194,32,43,43,43,43,43,91,117,117,134,134,43,43,120,120,120,120,100,2,0,0,0,0,0,0,0,0,0,0,0,0,0,0,0,0,0,0,0],"floor_reached":40,"playtime":1297,"items_purged":[],"score":720,"play_id":"abcc52b2-e166-4be4-b51e-e9da8bec4b02","local_time":"20190315225513","is_ascension_mode":true,"campfire_choices":[{"data":"Battle Trance","floor":6,"key":"SMITH"},{"floor":8,"key":"REST"},{"data":"Inflame","floor":13,"key":"SMITH"},{"data":"PanicButton","floor":15,"key":"SMITH"},{"floor":23,"key":"REST"},{"floor":28,"key":"REST"},{"floor":30,"key":"REST"},{"floor":32,"key":"REST"}],"neow_cost":"NONE","seed_source_timestamp":1921865715487,"circlet_count":0,"master_deck":["AscendersBane","Strike_R","Strike_R","Strike_R","Strike_R","Strike_R","Defend_R","Defend_R","Defend_R","Defend_R","Bash+1","Battle Trance+1","Twin Strike+1","Inflame+1","PanicButton+1","Berserk","Whirlwind","Shrug It Off","Thunderclap+1","Fiend Fire","Offering","Corruption+1","Shrug It Off","Armaments+1"],"relics":["Burning Blood","Pen Nib","Juzu Bracelet","Champion Belt","Pear","Ectoplasm","Red Mask","Oddly Smooth Stone","Calipers","Snecko Eye","Turnip"],"potions_floor_usage":[19,22,24,33,33,37],"damage_taken":[{"damage":7,"enemies":"Jaw Worm","floor":1,"turns":3},{"damage":0,"enemies":"Small Slimes","floor":4,"turns":4},{"damage":32,"enemies":"Gremlin Nob","floor":10,"turns":4},{"damage":0,"enemies":"Cultist","floor":12,"turns":2},{"damage":50,"enemies":"Slime Boss","floor":16,"turns":10},{"damage":18,"enemies":"3 Byrds","floor":18,"turns":4},{"damage":44,"enemies":"Masked Bandits","floor":19,"turns":5},{"damage":11,"enemies":"2 Thieves","floor":22,"turns":3},{"damage":33,"enemies":"Gremlin Leader","floor":24,"turns":4},{"damage":22,"enemies":"Sentry and Sphere","floor":27,"turns":4},{"damage":15,"enemies":"Snake Plant","floor":29,"turns":4},{"damage":46,"enemies":"Collector","floor":33,"turns":8},{"damage":7,"enemies":"3 Darklings","floor":35,"turns":2},{"damage":0,"enemies":"Orb Walker","floor":37,"turns":1},{"damage":24,"enemies":"4 Shapes","floor":38,"turns":4},{"damage":55,"enemies":"2 Orb Walkers","floor":39,"turns":3},{"damage":29,"enemies":"Nemesis","floor":40,"turns":5}],"seed_played":"-6155278924873158204","potions_obtained":[{"floor":10,"key":"Dexterity Potion"},{"floor":20,"key":"Energy Potion"},{"floor":22,"key":"Poison Potion"},{"floor":24,"key":"LiquidBronze"},{"floor":27,"key":"Energy Potion"},{"floor":33,"key":"Ancient Potion"},{"floor":35,"key":"FairyPotion"},{"floor":36,"key":"Fire Potion"}],"is_trial":false,"path_per_floor":["M","?","$","M","?","R","$","R","T","E","?","M","R","$","R","B",null,"M","?","?","$","M","R","E","?","T","M","R","M","R","?","R","B",null,"M","?","M","M","?","E"],"character_chosen":"IRONCLAD","items_purchased":["Pen Nib","PanicButton","Whirlwind","Shrug It Off"],"campfire_rested":5,"item_purchase_floors":[3,14,21,21],"current_hp_per_floor":[67,56,56,62,62,62,62,75,75,49,48,54,54,54,54,10,66,54,16,16,16,11,36,9,26,26,10,35,26,51,51,76,36,73,72,72,78,60,11,0],"gold":0,"neow_bonus":"UPGRADE_CARD","is_prod":false,"is_daily":false,"chose_seed":false,"campfire_upgraded":3,"win_rate":0,"timestamp":1552676113,"path_taken":["M","?","$","M","?","R","?","R","T","E","?","M","R","$","R","BOSS","M","?","?","$","M","R","E","?","T","M","R","M","R","?","R","BOSS","M","?","M","M","?","E"],"build_version":"2019-01-23","purchased_purges":0,"victory":false,"max_hp_per_floor":[75,75,75,75,75,75,75,75,75,75,85,85,85,85,85,85,85,85,85,85,85,85,85,85,85,85,85,85,85,85,85,85,85,85,85,85,85,85,85,85],"card_choices":[{"not_picked":["Anger","Armaments"],"picked":"Battle Trance","floor":1},{"not_picked":["Hemokinesis","Flex"],"picked":"Twin Strike","floor":4},{"not_picked":["Ghostly Armor","Bloodletting"],"picked":"Inflame","floor":10},{"not_picked":["Rupture","True Grit","Hemokinesis"],"picked":"SKIP","floor":12},{"not_picked":["Demon Form","Barricade"],"picked":"Berserk","floor":16},{"not_picked":["Seeing Red","Body Slam","Anger"],"picked":"SKIP","floor":18},{"not_picked":["True Grit","Clash","Warcry"],"picked":"SKIP","floor":22},{"not_picked":["Battle Trance","True Grit","Anger"],"picked":"SKIP","floor":24},{"not_picked":["Rupture","Second Wind+1"],"picked":"Thunderclap+1","floor":27},{"not_picked":["Clash","Heavy Blade"],"picked":"Fiend Fire","floor":29},{"not_picked":["Exhume","Immolate"],"picked":"Offering","floor":33},{"not_picked":["Sword Boomerang+1","Wild Strike+1","Bloodletting+1"],"picked":"SKIP","floor":35},{"not_picked":["Sentinel+1","Fire Breathing"],"picked":"Corruption+1","floor":37},{"not_picked":["Combust","Twin Strike"],"picked":"Shrug It Off","floor":38},{"not_picked":["Evolve","Perfected Strike"],"picked":"Armaments+1","floor":39}],"player_experience":724192,"relics_obtained":[{"floor":9,"key":"Juzu Bracelet"},{"floor":10,"key":"Champion Belt"},{"floor":19,"key":"Red Mask"},{"floor":24,"key":"Oddly Smooth Stone"},{"floor":26,"key":"Calipers"},{"floor":39,"key":"Turnip"}],"event_choices":[{"damage_healed":0,"gold_gain":75,"player_choice":"Gather Gold","damage_taken":11,"max_hp_gain":0,"max_hp_loss":0,"event_name":"World of Goop","floor":2,"gold_loss":0},{"damage_healed":0,"gold_gain":0,"player_choice":"Grow","damage_taken":0,"max_hp_gain":0,"max_hp_loss":0,"event_name":"Living Wall","floor":5,"gold_loss":0,"cards_upgraded":["Twin Strike"]},{"damage_healed":0,"gold_gain":0,"player_choice":"Success","damage_taken":11,"relics_obtained":["Pear"],"max_hp_gain":0,"max_hp_loss":0,"event_name":"Scrap Ooze","floor":11,"gold_loss":0},{"damage_healed":0,"gold_gain":0,"player_choice":"Fought Bandits","damage_taken":0,"max_hp_gain":0,"max_hp_loss":0,"event_name":"Masked Bandits","floor":19,"gold_loss":0},{"damage_healed":0,"gold_gain":0,"player_choice":"Bought 1 Potion","damage_taken":0,"max_hp_gain":0,"max_hp_loss":0,"event_name":"The Woman in Blue","floor":20,"gold_loss":0},{"damage_healed":17,"gold_gain":0,"player_choice":"Heal","damage_taken":0,"max_hp_gain":0,"max_hp_loss":0,"event_name":"The Library","floor":25,"gold_loss":0},{"damage_healed":0,"gold_gain":0,"player_choice":"Ignored","damage_taken":0,"max_hp_gain":0,"max_hp_loss":0,"event_name":"The Mausoleum","floor":31,"gold_loss":0},{"damage_healed":0,"gold_gain":0,"player_choice":"Got Potions","damage_taken":0,"max_hp_gain":0,"max_hp_loss":0,"event_name":"Lab","floor":36,"gold_loss":0},{"damage_healed":0,"gold_gain":0,"player_choice":"Fight","damage_taken":0,"max_hp_gain":0,"max_hp_loss":0,"event_name":"Mysterious Sphere","floor":39,"gold_loss":0}],"is_beta":false,"boss_relics":[{"not_picked":["Cursed Key","Runic Pyramid"],"picked":"Ectoplasm"},{"not_picked":["Runic Cube","Astrolabe"],"picked":"Snecko Eye"}],"items_purged_floors":[],"is_endless":false,"potions_floor_spawned":[10,22,24,27,33,35],"killed_by":"Nemesis","ascension_level":16}