{"gold_per_floor":[115,115,115,115,115,150,161,190,190,5,5,22,36,51,51,130,130,140,140,60,79,91,11,0,13,40,40,56,56,74,74],"floor_reached":31,"playtime":1304,"items_purged":["Wild Strike"],"score":542,"play_id":"ec926649-5807-4a14-82a8-7a4399ee65b5","local_time":"20190328235516","is_ascension_mode":true,"campfire_choices":[{"data":"Whirlwind","floor":11,"key":"SMITH"},{"data":"True Grit","floor":15,"key":"SMITH"},{"floor":27,"key":"REST"}],"neow_cost":"NONE","seed_source_timestamp":187938142205114,"circlet_count":0,"master_deck":["AscendersBane","Strike_R","Strike_R","Strike_R","Strike_R","Defend_R","Defend_R","Defend_R","Defend_R","Bash","Anger","Whirlwind+1","Feel No Pain+1","True Grit+1","Shrug It Off","Rage","Brutality+1","Corruption+1","Clash+1","Burning Pact+1","Body Slam","Injury","Thunderclap","Battle Trance"],"relics":["Burning Blood","NeowsBlessing","Frozen Egg 2","Potion Belt","Orichalcum","Pear","Cursed Key","Strawberry"],"potions_floor_usage":[10,16,25,25,25,30,30],"damage_taken":[{"damage":0,"enemies":"Jaw Worm","floor":1,"turns":1},{"damage":0,"enemies":"Gremlin Nob","floor":6,"turns":1},{"damage":0,"enemies":"Small Slimes","floor":7,"turns":1},{"damage":20,"enemies":"3 Sentries","floor":8,"turns":8},{"damage":0,"enemies":"Cultist","floor":12,"turns":3},{"damage":14,"enemies":"Blue Slaver","floor":13,"turns":4},{"damage":0,"enemies":"3 Louse","floor":14,"turns":2},{"damage":58,"enemies":"Hexaghost","floor":16,"turns":9},{"damage":19,"enemies":"Shell Parasite","floor":18,"turns":5},{"damage":17,"enemies":"Chosen","floor":21,"turns":7},{"damage":41,"enemies":"Shelled Parasite and Fungi","floor":22,"turns":5},{"damage":21,"enemies":"Snecko","floor":25,"turns":7},{"damage":31,"enemies":"Sentry and Sphere","floor":28,"turns":7},{"damage":30,"enemies":"Snake Plant","floor":30,"turns":7},{"damage":9,"enemies":"Centurion and Healer","floor":31,"turns":1}],"seed_played":"-7651599280181160234","potions_obtained":[{"floor":1,"key":"EssenceOfSteel"},{"floor":6,"key":"SkillPotion"},{"floor":8,"key":"Block Potion"},{"floor":14,"key":"Dexterity Potion"},{"floor":19,"key":"SneckoOil"},{"floor":25,"key":"Weak Potion"},{"floor":30,"key":"SpeedPotion"}],"is_trial":false,"path_per_floor":["M","?","?","?","?","E","M","E","T","$","R","M","M","M","R","B",null,"M","?","$","M","M","$","?","M","T","R","M","?","M","M"],"character_chosen":"IRONCLAD","items_purchased":["Fruit Juice","Corruption+1","Regen Potion"],"campfire_rested":1,"item_purchase_floors":[10,20,23],"current_hp_per_floor":[74,69,69,69,74,80,80,66,76,81,81,87,79,85,85,33,80,67,67,67,56,21,21,21,21,28,58,33,33,9,0],"gold":74,"neow_bonus":"THREE_ENEMY_KILL","is_prod":false,"is_daily":false,"chose_seed":false,"campfire_upgraded":2,"win_rate":0,"timestamp":1553842516,"path_taken":["M","?","?","?","?","E","M","E","T","$","R","?","M","M","R","BOSS","M","?","$","?","M","$","?","M","T","R","M","?","M","M"],"build_version":"2019-01-23","purchased_purges":1,"victory":false,"max_hp_per_floor":[75,75,75,75,80,80,80,80,90,95,95,95,95,95,95,95,95,95,95,95,95,95,95,95,95,102,102,102,102,102,102],"card_choices":[{"not_picked":["Twin Strike","Carnage"],"picked":"Wild Strike","floor":1},{"not_picked":["Armaments","Disarm"],"picked":"Whirlwind","floor":6},{"not_picked":["Heavy Blade","Perfected Strike"],"picked":"Feel No Pain+1","floor":7},{"not_picked":["Anger","Heavy Blade","Hemokinesis"],"picked":"SKIP","floor":8},{"not_picked":["Pummel","Sword Boomerang"],"picked":"True Grit","floor":12},{"not_picked":["Reaper","Flex"],"picked":"Shrug It Off","floor":13},{"not_picked":["Sword Boomerang","Anger"],"picked":"Rage","floor":14},{"not_picked":["Bludgeon","Double Tap"],"picked":"Brutality+1","floor":16},{"not_picked":["Flex","Armaments","Clash"],"picked":"SKIP","floor":18},{"not_picked":["Perfected Strike+1","Fire Breathing+1"],"picked":"Clash+1","floor":21},{"not_picked":["Reckless Charge","Dual Wield"],"picked":"Burning Pact+1","floor":22},{"not_picked":["Clothesline","Rampage"],"picked":"Body Slam","floor":25},{"not_picked":["Anger","Blood for Blood"],"picked":"Thunderclap","floor":28},{"not_picked":["Heavy Blade","Bloodletting+1"],"picked":"Battle Trance","floor":30}],"player_experience":633586,"relics_obtained":[{"floor":6,"key":"Potion Belt"},{"floor":8,"key":"Orichalcum"},{"floor":9,"key":"Pear"},{"floor":26,"key":"Strawberry"}],"event_choices":[{"damage_healed":0,"gold_gain":0,"player_choice":"Success","damage_taken":5,"relics_obtained":["Frozen Egg 2"],"max_hp_gain":0,"max_hp_loss":0,"event_name":"Scrap Ooze","floor":2,"gold_loss":0},{"damage_healed":0,"gold_gain":0,"cards_transformed":["Strike_R"],"player_choice":"Change","damage_taken":0,"max_hp_gain":0,"max_hp_loss":0,"event_name":"Living Wall","floor":3,"gold_loss":0,"cards_obtained":["Anger"]},{"damage_healed":0,"gold_gain":0,"player_choice":"Ignored","damage_taken":0,"max_hp_gain":0,"max_hp_loss":0,"event_name":"Shining Light","floor":4,"gold_loss":0},{"damage_healed":0,"gold_gain":0,"player_choice":"Donut","damage_taken":0,"max_hp_gain":5,"max_hp_loss":0,"event_name":"Big Fish","floor":5,"gold_loss":0},{"damage_healed":0,"gold_gain":0,"player_choice":"Got Potions","damage_taken":0,"max_hp_gain":0,"max_hp_loss":0,"event_name":"Lab","floor":19,"gold_loss":0},{"damage_healed":0,"gold_gain":0,"player_choice":"Paid Fearfully","damage_taken":0,"max_hp_gain":0,"max_hp_loss":0,"event_name":"Masked Bandits","floor":24,"gold_loss":11},{"damage_healed":0,"gold_gain":0,"player_choice":"Ignored","damage_taken":0,"max_hp_gain":0,"max_hp_loss":0,"event_name":"Cursed Tome","floor":29,"gold_loss":0}],"is_beta":false,"boss_relics":[{"not_picked":["Runic Pyramid","Lizard Tail"],"picked":"Cursed Key"}],"items_purged_floors":[10],"is_endless":false,"potions_floor_spawned":[1,6,8,14,22,25,30],"killed_by":"Centurion and Healer","ascension_level":18}