{"gold_per_floor":[116,126,26,44,64,90,90,90,90,107,107,107,133,151,151,253,253,267,279,293,13,13,13,13],"floor_reached":24,"playtime":1679,"items_purged":["Strike_B"],"score":208,"play_id":"e2b48dde-f311-4f82-9ab5-58935a00f033","local_time":"20190308091059","is_ascension_mode":false,"campfire_choices":[{"floor":8,"key":"REST"},{"floor":11,"key":"REST"},{"data":"Creative AI","floor":15,"key":"SMITH"},{"data":"Zap","floor":23,"key":"SMITH"}],"neow_cost":"PERCENT_DAMAGE","seed_source_timestamp":335081141051342,"circlet_count":0,"master_deck":["Strike_B","Strike_B","Strike_B","Defend_B","Defend_B","Defend_B","Defend_B","Zap+1","Dualcast","Loop","Auto Shields","Capacitor","Go for the Eyes","Coolheaded","White Noise","Creative AI+1","Cold Snap","Biased Cognition","Cold Snap"],"relics":["Cracked Core","WingedGreaves","Meat on the Bone","Nunchaku","Incense Burner","Sozu","HandDrill"],"potions_floor_usage":[6,16],"damage_taken":[{"damage":0,"enemies":"Cultist","floor":1,"turns":3},{"damage":3,"enemies":"Jaw Worm","floor":2,"turns":3},{"damage":3,"enemies":"Small Slimes","floor":4,"turns":2},{"damage":1,"enemies":"Exordium Wildlife","floor":5,"turns":4},{"damage":39,"enemies":"3 Sentries","floor":6,"turns":8},{"damage":0,"enemies":"Large Slime","floor":10,"turns":7},{"damage":52,"enemies":"Gremlin Nob","floor":13,"turns":6},{"damage":5,"enemies":"Looter","floor":14,"turns":4},{"damage":24,"enemies":"Hexaghost","floor":16,"turns":10},{"damage":9,"enemies":"Shell Parasite","floor":18,"turns":7},{"damage":6,"enemies":"Chosen","floor":19,"turns":6},{"damage":28,"enemies":"Shelled Parasite and Fungi","floor":20,"turns":8},{"damage":57,"enemies":"Slavers","floor":24,"turns":4}],"seed_played":"8999534790779663360","potions_obtained":[{"floor":1,"key":"Weak Potion"},{"floor":5,"key":"SkillPotion"},{"floor":14,"key":"Dexterity Potion"},{"floor":16,"key":"GamblersBrew"}],"is_trial":false,"path_per_floor":["M","M","$","M","M","E","?","R","T","M","R","?","E","M","R","B",null,"M","M","M","$","?","R","E"],"character_chosen":"DEFECT","items_purchased":["Capacitor","Go for the Eyes","HandDrill"],"campfire_rested":2,"item_purchase_floors":[3,3,21],"current_hp_per_floor":[54,51,51,48,47,8,8,30,30,42,64,69,29,36,36,24,80,71,65,49,49,49,49,0],"gold":13,"neow_bonus":"ONE_RARE_RELIC","is_prod":false,"is_daily":false,"chose_seed":false,"campfire_upgraded":2,"win_rate":0.0,"timestamp":1552032659,"path_taken":["M","M","?","M","M","E","?","R","T","M","R","?","E","M","R","BOSS","M","M","M","$","?","R","E"],"build_version":"2019-01-23","purchased_purges":1,"victory":false,"max_hp_per_floor":[75,75,75,75,75,75,75,75,75,75,75,80,80,80,80,80,80,80,80,80,80,80,80,80],"card_choices":[{"not_picked":["Coolheaded","Recycle"],"picked":"Loop","floor":1},{"not_picked":["Barrage","Go for the Eyes"],"picked":"Auto Shields","floor":2},{"not_picked":["Go for the Eyes","Streamline","Recycle"],"picked":"SKIP","floor":4},{"not_picked":["Force Field","Steam Power","Hologram"],"picked":"SKIP","floor":5},{"not_picked":["Undo","Aggregate"],"picked":"Coolheaded","floor":6},{"not_picked":["Sweeping Beam","Doom and Gloom"],"picked":"White Noise","floor":10},{"not_picked":["Sweeping Beam","Heatsinks"],"picked":"Creative AI","floor":13},{"not_picked":["Rip and Tear","Sweeping Beam"],"picked":"Cold Snap","floor":14},{"not_picked":["Fission","Rainbow"],"picked":"Biased Cognition","floor":16},{"not_picked":["Go for the Eyes","Streamline","Leap"],"picked":"SKIP","floor":18},{"not_picked":["Gash","Conserve Battery","BootSequence"],"picked":"SKIP","floor":19},{"not_picked":["Scrape","Compile Driver+1"],"picked":"Cold Snap","floor":20}],"player_experience":28409,"relics_obtained":[{"floor":6,"key":"Meat on the Bone"},{"floor":9,"key":"Nunchaku"},{"floor":13,"key":"Incense Burner"}],"event_choices":[{"damage_healed":0,"gold_gain":0,"player_choice":"Ignored","damage_taken":0,"max_hp_gain":0,"max_hp_loss":0,"event_name":"Shining Light","floor":7,"gold_loss":0},{"damage_healed":0,"gold_gain":0,"player_choice":"Donut","damage_taken":0,"max_hp_gain":5,"max_hp_loss":0,"event_name":"Big Fish","floor":12,"gold_loss":0}],"is_beta":false,"boss_relics":[{"not_picked":["Lizard Tail","Calling Bell"],"picked":"Sozu"}],"items_purged_floors":[21],"is_endless":false,"potions_floor_spawned":[1,5,14,16],"killed_by":"Slavers","ascension_level":0}