{"gold_per_floor":[10,26,44,44,62,62,62,62,141,154,154,185,196,146,146,246,246,261,261,279,279],"floor_reached":21,"playtime":601,"items_purged":[],"score":190,"play_id":"701ea4bd-cc69-4560-ab23-9267db824e12","local_time":"20190211110059","is_ascension_mode":true,"campfire_choices":[{"data":"Perfected Strike","floor":6,"key":"SMITH"},{"data":"Bash","floor":8,"key":"SMITH"},{"data":"Headbutt","floor":15,"key":"SMITH"}],"neow_cost":"NO_GOLD","seed_source_timestamp":95388068937899,"circlet_count":0,"master_deck":["Strike_R+1","Strike_R","Strike_R","Strike_R","Strike_R","Defend_R","Defend_R","Defend_R","Bash+1","Headbutt+1","Wild Strike+1","Perfected Strike+1","Fiend Fire","Shrug It Off"],"relics":["Black Blood","Incense Burner","Bottled Lightning","Boot","Enchiridion"],"potions_floor_usage":[10,13,16,16,21],"damage_taken":[{"damage":2,"enemies":"Small Slimes","floor":1,"turns":4},{"damage":1,"enemies":"Cultist","floor":2,"turns":3},{"damage":0,"enemies":"2 Louse","floor":3,"turns":3},{"damage":6,"enemies":"Looter","floor":5,"turns":3},{"damage":11,"enemies":"Large Slime","floor":10,"turns":3},{"damage":1,"enemies":"Gremlin Nob","floor":12,"turns":3},{"damage":10,"enemies":"Exordium Wildlife","floor":13,"turns":3},{"damage":22,"enemies":"Hexaghost","floor":16,"turns":5},{"damage":50,"enemies":"3 Byrds","floor":18,"turns":6},{"damage":15,"enemies":"Spheric Guardian","floor":20,"turns":3},{"damage":24,"enemies":"Snake Plant","floor":21,"turns":2}],"seed_played":"-373146009945110379","potions_obtained":[{"floor":2,"key":"Swift Potion"},{"floor":5,"key":"PowerPotion"},{"floor":7,"key":"Regen Potion"},{"floor":7,"key":"AttackPotion"},{"floor":12,"key":"Regen Potion"},{"floor":13,"key":"LiquidBronze"}],"is_trial":false,"path_per_floor":["M","M","M","$","M","R","?","R","T","M","?","E","M","?","R","B",null,"M","?","M","M"],"character_chosen":"IRONCLAD","items_purchased":[],"campfire_rested":0,"item_purchase_floors":[],"current_hp_per_floor":[80,80,80,80,80,80,80,80,80,75,59,64,65,65,65,63,80,40,24,19,0],"gold":279,"neow_bonus":"ONE_RARE_RELIC","is_prod":false,"is_daily":false,"chose_seed":false,"campfire_upgraded":3,"win_rate":0,"timestamp":1549900859,"path_taken":["M","M","M","$","M","R","?","R","T","?","?","E","M","?","R","BOSS","M","?","M","M"],"build_version":"2019-01-23","purchased_purges":0,"victory":false,"max_hp_per_floor":[80,80,80,80,80,80,80,80,80,80,80,80,80,80,80,80,80,80,80,80,80],"card_choices":[{"not_picked":["Disarm","Twin Strike"],"picked":"Headbutt","floor":1},{"not_picked":["Sword Boomerang","Hemokinesis"],"picked":"Wild Strike","floor":2},{"not_picked":["Heavy Blade","Pommel Strike"],"picked":"Perfected Strike","floor":3},{"not_picked":["Carnage","Pummel","Searing Blow"],"picked":"SKIP","floor":5},{"not_picked":["Seeing Red","Pummel","Shockwave"],"picked":"SKIP","floor":10},{"not_picked":["Flex","Rampage","Flame Barrier"],"picked":"SKIP","floor":12},{"not_picked":["Thunderclap","Berserk","Iron Wave"],"picked":"SKIP","floor":13},{"not_picked":["Limit Break","Juggernaut"],"picked":"Fiend Fire","floor":16},{"not_picked":["True Grit","Anger","Wild Strike"],"picked":"SKIP","floor":18},{"not_picked":["Thunderclap","Shrug It Off","Anger+1"],"picked":"SKIP","floor":20},{"not_picked":["Thunderclap","Anger+1"],"picked":"Shrug It Off","floor":20}],"player_experience":382913,"relics_obtained":[{"floor":9,"key":"Bottled Lightning"},{"floor":12,"key":"Boot"},{"floor":19,"key":"Enchiridion"}],"event_choices":[{"damage_healed":0,"gold_gain":0,"player_choice":"Got Potions","damage_taken":0,"max_hp_gain":0,"max_hp_loss":0,"event_name":"Lab","floor":7,"gold_loss":0},{"damage_healed":0,"gold_gain":0,"player_choice":"Entered Light","damage_taken":16,"max_hp_gain":0,"max_hp_loss":0,"event_name":"Shining Light","floor":11,"gold_loss":0,"cards_upgraded":["Strike_R","Wild Strike"]},{"cards_removed":["Defend_R"],"damage_healed":0,"gold_gain":0,"player_choice":"Card Removal","damage_taken":0,"max_hp_gain":0,"max_hp_loss":0,"event_name":"The Cleric","floor":14,"gold_loss":50},{"damage_healed":0,"gold_gain":0,"player_choice":"Obtained Book","damage_taken":16,"max_hp_gain":0,"max_hp_loss":0,"event_name":"Cursed Tome","floor":19,"gold_loss":0}],"is_beta":false,"boss_relics":[{"not_picked":["Sozu","Runic Cube"],"picked":"Black Blood"}],"items_purged_floors":[],"is_endless":false,"potions_floor_spawned":[2,5,12,13,20],"killed_by":"Snake Plant","ascension_level":1}