{"gold_per_floor":[112,125,125,144,156,156,168,228,228,228,252,177,192,209,209,306,306,321,356,271,288,288,288],"floor_reached":23,"playtime":2055,"items_purged":["Normality"],"score":183,"play_id":"e49bd31f-8bc2-4b0e-a417-2fe9b9616231","local_time":"20180719195222","is_ascension_mode":false,"campfire_choices":[{"floor":6,"key":"REST"},{"floor":10,"key":"REST"},{"floor":15,"key":"REST"}],"neow_cost":"NONE","seed_source_timestamp":129647431921263,"circlet_count":0,"master_deck":["Defend_G","Defend_G","Defend_G","Defend_G","Defend_G","Strike_G","Strike_G","Strike_G","Strike_G","Strike_G","Survivor","Neutralize","Acrobatics","Infinite Blades","Crippling Poison","Backflip","Blur","Bane","Terror","Burst","Bane","Backflip+1","Pain"],"relics":["Cursed Key","Pantograph","Centennial Puzzle","Mercury Hourglass","Odd Mushroom","Eternal Feather","Red Mask","Meat on the Bone","Molten Egg 2"],"potions_floor_usage":[16],"damage_taken":[{"damage":1,"enemies":"Jaw Worm","floor":1,"turns":5},{"damage":0,"enemies":"2 Louse","floor":2,"turns":3},{"damage":2,"enemies":"Cultist","floor":4,"turns":5},{"damage":5,"enemies":"3 Louse","floor":5,"turns":3},{"damage":1,"enemies":"Red Slaver","floor":7,"turns":5},{"damage":38,"enemies":"Gremlin Nob","floor":8,"turns":5},{"damage":7,"floor":11,"turns":4},{"damage":4,"enemies":"Blue Slaver","floor":13,"turns":4},{"damage":3,"enemies":"Exordium Wildlife","floor":14,"turns":4},{"damage":22,"enemies":"Slime Boss","floor":16,"turns":8},{"damage":10,"enemies":"3 Byrds","floor":18,"turns":4},{"damage":33,"floor":19,"turns":4},{"damage":15,"enemies":"Chosen","floor":21,"turns":5},{"damage":29,"enemies":"Gremlin Leader","floor":23,"turns":2}],"seed_played":"1172179053132707477","potions_obtained":[{"floor":2,"key":"LiquidBronze"},{"floor":5,"key":"Explosive Potion"},{"floor":13,"key":"PowerPotion"},{"floor":14,"key":"PowerPotion"},{"floor":16,"key":"SkillPotion"},{"floor":18,"key":"AttackPotion"}],"is_trial":false,"path_per_floor":["M","M","?","M","M","R","M","?","T","R","?","$","M","M","R","B",null,"M","?","?","M","T"],"character_chosen":"THE_SILENT","items_purchased":[],"campfire_rested":3,"item_purchase_floors":[],"current_hp_per_floor":[69,69,51,49,44,65,64,26,26,47,40,40,36,33,54,48,70,60,27,27,24,24,0],"gold":288,"neow_bonus":"BOSS_RELIC","is_prod":false,"is_daily":false,"chose_seed":false,"campfire_upgraded":0,"win_rate":0,"timestamp":1532044342,"path_taken":["M","M","?","M","M","R","M","?","T","R","?","$","M","M","R","BOSS","M","?","?","M","?","E"],"build_version":"2018-07-12","purchased_purges":1,"victory":false,"max_hp_per_floor":[70,70,70,70,70,70,70,70,70,70,70,70,70,70,70,70,70,70,70,70,70,70,70],"card_choices":[{"not_picked":["Deadly Poison","Slice"],"picked":"Acrobatics","floor":1},{"not_picked":["PiercingWail","Poisoned Stab"],"picked":"Infinite Blades","floor":2},{"not_picked":["Bane","Quick Slash"],"picked":"Crippling Poison","floor":4},{"not_picked":["Distraction","Envenom","Cloak And Dagger"],"picked":"SKIP","floor":5},{"not_picked":["Footwork","Deflect"],"picked":"Backflip","floor":7},{"not_picked":["Expertise","PiercingWail"],"picked":"Blur","floor":8},{"not_picked":["Deflect","PiercingWail"],"picked":"Bane","floor":11},{"not_picked":["Slice","Reflex","Terror"],"picked":"SKIP","floor":13},{"not_picked":["Dash","Sucker Punch"],"picked":"Terror","floor":14},{"not_picked":["Venomology","Die Die Die"],"picked":"Burst","floor":16},{"not_picked":["Blur+1","Prepared"],"picked":"Bane","floor":18},{"not_picked":["Sucker Punch+1","Underhanded Strike"],"picked":"Backflip+1","floor":19},{"not_picked":["Wraith Form v2","Sucker Punch+1","Dagger Throw"],"picked":"SKIP","floor":21}],"player_experience":273739,"relics_obtained":[{"floor":8,"key":"Centennial Puzzle"},{"floor":9,"key":"Mercury Hourglass"},{"floor":11,"key":"Odd Mushroom"},{"floor":19,"key":"Red Mask"},{"floor":22,"key":"Molten Egg 2"}],"event_choices":[{"event_name":"Scrap Ooze","player_choice":"success","floor":3,"damage_taken":18},{"event_name":"Dead Adventurer","player_choice":"Searched \u00272\u0027 times","floor":8,"damage_taken":0},{"event_name":"Mushrooms","player_choice":"Fought Mushrooms","floor":11,"damage_taken":0},{"event_name":"Masked Bandits","player_choice":"Fought over 321 gold","floor":19,"damage_taken":0},{"event_name":"Addict","player_choice":"Obtained Relic","floor":20,"damage_taken":0}],"boss_relics":[{"not_picked":["Fusion Hammer","Black Star"],"picked":"Eternal Feather"}],"items_purged_floors":[12],"is_endless":false,"potions_floor_spawned":[2,5,13,14,16,18],"killed_by":"Gremlin Leader","ascension_level":0}