{"gold_per_floor":[114,289,301,301,301,337,337,352,428,378,397,413,413,431,431,431],"floor_reached":16,"playtime":483,"items_purged":[],"score":102,"play_id":"5c573fea-5b0d-4cb7-b263-00a5d12da8f4","local_time":"20181222001529","is_ascension_mode":false,"campfire_choices":[{"floor":7,"key":"REST"},{"floor":13,"key":"REST"},{"floor":15,"key":"REST"}],"neow_cost":"NONE","seed_source_timestamp":31177046380843,"circlet_count":0,"master_deck":["Strike_R","Strike_R","Strike_R","Strike_R","Strike_R","Defend_R","Defend_R","Defend_R","Defend_R","Bash","Havoc","Perfected Strike","Hemokinesis","Sentinel","Twin Strike","Pommel Strike"],"relics":["Burning Blood","Question Card","Golden Idol","Girya","Sundial"],"potions_floor_usage":[3],"damage_taken":[{"damage":3,"enemies":"2 Louse","floor":1,"turns":3},{"damage":6,"enemies":"Jaw Worm","floor":3,"turns":2},{"damage":59,"enemies":"Lagavulin","floor":6,"turns":8},{"damage":3,"enemies":"Small Slimes","floor":8,"turns":3},{"damage":5,"enemies":"3 Louse","floor":11,"turns":4},{"damage":17,"enemies":"Blue Slaver","floor":12,"turns":4},{"damage":28,"enemies":"Gremlin Gang","floor":14,"turns":4},{"damage":57,"enemies":"Slime Boss","floor":16,"turns":7}],"seed_played":"-3489332197719791554","potions_obtained":[{"floor":0,"key":"EntropicBrew"},{"floor":0,"key":"Swift Potion"},{"floor":0,"key":"Fire Potion"},{"floor":11,"key":"FearPotion"}],"is_trial":false,"path_per_floor":["M","?","M","T","?","E","R","M","T","?","M","M","R","M","R","B"],"character_chosen":"IRONCLAD","items_purchased":[],"campfire_rested":3,"item_purchase_floors":[],"current_hp_per_floor":[80,80,80,80,60,7,31,34,34,34,35,24,48,26,50,0],"gold":431,"neow_bonus":"THREE_SMALL_POTIONS","is_prod":false,"is_daily":false,"chose_seed":false,"campfire_upgraded":0,"win_rate":0.0,"timestamp":1545455729,"path_taken":["M","?","M","?","?","E","R","M","T","?","M","M","R","M","R","BOSS"],"build_version":"2018-12-20","purchased_purges":0,"victory":false,"max_hp_per_floor":[80,80,80,80,80,80,80,80,80,80,80,80,80,80,80,80],"card_choices":[{"not_picked":["Clash","Evolve"],"picked":"Havoc","floor":1},{"not_picked":["Anger","Wild Strike"],"picked":"Perfected Strike","floor":3},{"not_picked":["Armaments","Evolve","Immolate"],"picked":"Hemokinesis","floor":6},{"not_picked":["Clash","Iron Wave","Blood for Blood"],"picked":"Sentinel","floor":8},{"not_picked":["Perfected Strike","Sever Soul","Pommel Strike"],"picked":"Twin Strike","floor":11},{"not_picked":["Twin Strike","Burning Pact","Dual Wield"],"picked":"Pommel Strike","floor":12},{"not_picked":["True Grit","Heavy Blade","Thunderclap","Dropkick"],"picked":"SKIP","floor":14}],"player_experience":322872,"relics_obtained":[{"floor":4,"key":"Question Card"},{"floor":6,"key":"Girya"},{"floor":9,"key":"Sundial"}],"event_choices":[{"damage_healed":0,"gold_gain":175,"player_choice":"AGREE","damage_taken":0,"max_hp_gain":0,"max_hp_loss":0,"event_name":"Liars Game","floor":2,"gold_loss":0,"cards_obtained":["Doubt"]},{"damage_healed":0,"gold_gain":0,"player_choice":"Take Damage","damage_taken":20,"relics_obtained":["Golden Idol"],"max_hp_gain":0,"max_hp_loss":0,"event_name":"Golden Idol","floor":5,"gold_loss":0},{"cards_removed":["Doubt"],"damage_healed":0,"gold_gain":0,"player_choice":"Card Removal","damage_taken":0,"max_hp_gain":0,"max_hp_loss":0,"event_name":"The Cleric","floor":10,"gold_loss":50}],"is_beta":false,"boss_relics":[],"items_purged_floors":[],"is_endless":false,"potions_floor_spawned":[11],"killed_by":"Slime Boss","ascension_level":0}