{"gold_per_floor":[114,114,125,140,192,217,217,233,233,233,233,233,245,295,295,295],"floor_reached":16,"playtime":665,"items_purged":[],"score":190,"play_id":"70f0d822-e64f-4065-9ed9-434da945b9ca","local_time":"20190315234016","is_ascension_mode":true,"campfire_choices":[{"floor":11,"key":"REST"},{"floor":15,"key":"REST"}],"neow_cost":"NONE","seed_source_timestamp":886225527558841,"circlet_count":0,"master_deck":["AscendersBane","Strike_R","Strike_R","Strike_R","Defend_R","Defend_R","Defend_R","Defend_R","Bash+1","Shrug It Off","True Grit","Clothesline","Power Through","Armaments","Limit Break","Clash"],"relics":["Burning Blood","Self Forming Clay","Blue Candle"],"potions_floor_usage":[6,13],"damage_taken":[{"damage":14,"enemies":"Jaw Worm","floor":1,"turns":3},{"damage":10,"enemies":"Small Slimes","floor":3,"turns":4},{"damage":2,"enemies":"2 Louse","floor":4,"turns":3},{"damage":57,"enemies":"Lagavulin","floor":6,"turns":10},{"damage":14,"enemies":"Lots of Slimes","floor":8,"turns":6},{"damage":18,"enemies":"Large Slime","floor":13,"turns":11},{"damage":56,"enemies":"Slime Boss","floor":16,"turns":10}],"seed_played":"-3302539089323517938","potions_obtained":[{"floor":1,"key":"Energy Potion"},{"floor":8,"key":"Block Potion"},{"floor":13,"key":"Weak Potion"}],"is_trial":false,"path_per_floor":["M","?","M","M","?","E","?","M","T","?","R","?","M","?","R","B"],"character_chosen":"IRONCLAD","items_purchased":[],"campfire_rested":2,"item_purchase_floors":[],"current_hp_per_floor":[67,67,63,67,67,16,16,8,8,8,32,32,20,20,44,0],"gold":295,"neow_bonus":"TEN_PERCENT_HP_BONUS","is_prod":false,"is_daily":false,"chose_seed":false,"campfire_upgraded":0,"win_rate":0,"timestamp":1552718416,"path_taken":["M","?","M","M","?","E","?","?","T","?","R","?","?","?","R","BOSS"],"build_version":"2019-01-23","purchased_purges":0,"victory":false,"max_hp_per_floor":[82,82,82,82,82,82,82,82,82,82,82,82,82,82,82,82],"card_choices":[{"not_picked":["Havoc","Twin Strike"],"picked":"Shrug It Off","floor":1},{"not_picked":["Combust","Shrug It Off"],"picked":"True Grit","floor":3},{"not_picked":["Twin Strike","Thunderclap"],"picked":"Clothesline","floor":4},{"not_picked":["Twin Strike","Pummel"],"picked":"Power Through","floor":6},{"not_picked":["Shrug It Off","Bloodletting"],"picked":"Armaments","floor":8},{"not_picked":["Hemokinesis","True Grit"],"picked":"Clash","floor":13}],"player_experience":620203,"relics_obtained":[{"floor":6,"key":"Self Forming Clay"},{"floor":9,"key":"Blue Candle"}],"event_choices":[{"damage_healed":0,"gold_gain":0,"player_choice":"Grow","damage_taken":0,"max_hp_gain":0,"max_hp_loss":0,"event_name":"Living Wall","floor":2,"gold_loss":0,"cards_upgraded":["Bash"]},{"damage_healed":0,"gold_gain":52,"player_choice":"Gained Gold","damage_taken":0,"max_hp_gain":0,"max_hp_loss":0,"event_name":"Golden Wing","floor":5,"gold_loss":0},{"cards_removed":["Strike_R"],"damage_healed":0,"gold_gain":0,"player_choice":"Purged","damage_taken":0,"max_hp_gain":0,"max_hp_loss":0,"event_name":"Purifier","floor":7,"gold_loss":0},{"damage_healed":0,"gold_gain":0,"player_choice":"Fled","damage_taken":0,"max_hp_gain":0,"max_hp_loss":0,"event_name":"Scrap Ooze","floor":10,"gold_loss":0},{"damage_healed":0,"gold_gain":0,"cards_transformed":["Strike_R"],"player_choice":"Transformed","damage_taken":0,"max_hp_gain":0,"max_hp_loss":0,"event_name":"Transmorgrifier","floor":12,"gold_loss":0,"cards_obtained":["Limit Break"]},{"damage_healed":0,"gold_gain":50,"player_choice":"Pray","damage_taken":0,"max_hp_gain":0,"max_hp_loss":0,"event_name":"Golden Shrine","floor":14,"gold_loss":0}],"is_beta":false,"boss_relics":[],"items_purged_floors":[],"is_endless":false,"potions_floor_spawned":[1,8,13],"killed_by":"Slime Boss","ascension_level":18}