{"path_per_floor":["M","?","$","T","M","R","?","R","T","M","M","E","?","M","R","B",null,"M","?","M","$","M","R"],"character_chosen":"IRONCLAD","items_purchased":["Finesse","Mind Blast","SkillPotion"],"gold_per_floor":[114,114,20,44,56,56,56,56,83,98,115,141,141,160,160,255,255,275,275,288,131,147,147,147],"floor_reached":24,"campfire_rested":2,"playtime":1825,"item_purchase_floors":[3,21,21],"current_hp_per_floor":[80,80,80,80,80,80,85,85,85,85,77,67,50,47,72,31,85,74,74,57,57,50,75,0],"items_purged":[],"gold":147,"score":196,"play_id":"41bca039-a561-42b6-81a0-65e95b3313e2","local_time":"20180614161625","is_prod":false,"is_daily":false,"chose_seed":false,"is_ascension_mode":false,"campfire_upgraded":2,"win_rate":0.0,"timestamp":1529007385,"campfire_choices":[{"data":"Finesse","floor":6,"key":"SMITH"},{"data":"Bash","floor":8,"key":"SMITH"},{"floor":15,"key":"REST"},{"floor":23,"key":"REST"}],"path_taken":["M","?","$","?","M","R","?","R","T","M","M","E","?","M","R","BOSS","M","?","M","$","M","R","M"],"build_version":"2018-06-07v3","seed_source_timestamp":116415179380378,"purchased_purges":0,"victory":false,"master_deck":["Strike_R","Strike_R","Strike_R","Strike_R","Defend_R","Defend_R+1","Defend_R+1","Defend_R","Bash+1","Battle Trance","Finesse+1","Cleave","Armaments","Inflame","Entrench","Seeing Red","Reaper","Clash+1","True Grit+1","Mind Blast","Intimidate"],"max_hp_per_floor":[80,80,80,80,80,80,85,85,85,85,85,85,85,85,85,85,85,85,85,85,85,85,85,85],"relics":["Burning Blood","NeowsBlessing","Bag of Marbles","Pen Nib","Oddly Smooth Stone","Runic Cube"],"card_choices":[{"not_picked":["Flex","Disarm"],"picked":"Battle Trance","floor":1},{"not_picked":["Anger","Corruption"],"picked":"Cleave","floor":5},{"not_picked":["Dropkick","Spot Weakness"],"picked":"Armaments","floor":10},{"not_picked":["Feel No Pain","Perfected Strike"],"picked":"Inflame","floor":11},{"not_picked":["Perfected Strike","Inflame"],"picked":"Entrench","floor":12},{"not_picked":["Shrug It Off","Limit Break"],"picked":"Seeing Red","floor":14},{"not_picked":["Barricade","Bludgeon"],"picked":"Reaper","floor":16},{"not_picked":["Perfected Strike+1","Bloodletting+1"],"picked":"Clash+1","floor":18},{"not_picked":["Clothesline","Burning Pact"],"picked":"True Grit+1","floor":20},{"not_picked":["Anger","Hemokinesis"],"picked":"Intimidate","floor":22}],"player_experience":8301,"potions_floor_usage":[16,20,22,24],"damage_taken":[{"damage":0,"enemies":"2 Louse","floor":1,"turns":1},{"damage":0,"enemies":"Cultist","floor":5,"turns":1},{"damage":0,"enemies":"Jaw Worm","floor":10,"turns":1},{"damage":14,"enemies":"Exordium Thugs","floor":11,"turns":5},{"damage":16,"enemies":"3 Sentries","floor":12,"turns":5},{"damage":9,"enemies":"Large Slime","floor":14,"turns":4},{"damage":47,"enemies":"Slime Boss","floor":16,"turns":13},{"damage":29,"enemies":"2 Thieves","floor":18,"turns":3},{"damage":23,"enemies":"Spheric Guardian","floor":20,"turns":4},{"damage":25,"enemies":"Cultist and Chosen","floor":22,"turns":7},{"damage":120,"enemies":"Chosen and Byrds","floor":24,"turns":9}],"relics_obtained":[{"floor":4,"key":"Bag of Marbles"},{"floor":9,"key":"Pen Nib"},{"floor":12,"key":"Oddly Smooth Stone"}],"event_choices":[{"event_name":"Bonfire Elementals","player_choice":"BASIC","floor":2,"damage_taken":0},{"event_name":"Big Fish","player_choice":"Donut","floor":7,"damage_taken":0},{"event_name":"Shining Light","player_choice":"Entered Light","floor":13,"damage_taken":0},{"event_name":"Drug Dealer","player_choice":"Ignored","floor":19,"damage_taken":0}],"boss_relics":[{"not_picked":["Velvet Choker","Black Star"],"picked":"Runic Cube"}],"items_purged_floors":[],"potions_floor_spawned":[5,10,16,18],"seed_played":"-8665638824196318632","killed_by":"Chosen and Byrds","ascension_level":0,"potions_obtained":[{"floor":5,"key":"FearPotion"},{"floor":10,"key":"FairyPotion"},{"floor":16,"key":"PowerPotion"},{"floor":18,"key":"AttackPotion"}],"is_trial":false}