{"gold_per_floor":[114,114,39,58,77,77,115,115,115,153,153,172,172,210,210,335,398,417,167,186,111,111,111,111,149,149,149,149,168,187,206,206,331,331,350,350,350,350,369,369],"floor_reached":40,"playtime":1568,"items_purged":["Searing Blow","Clothesline"],"score":497,"play_id":"0f5831ac-a1a5-48c8-bdd4-371dc2d944e0","local_time":"20190412155242","daily_mods":["Insanity","Red Cards","Elite Swarm"],"is_ascension_mode":false,"campfire_choices":[{"data":"Perfected Strike","floor":6,"key":"SMITH"},{"floor":8,"key":"REST"},{"data":"Blood for Blood","floor":11,"key":"SMITH"},{"data":"Electrodynamics","floor":13,"key":"SMITH"},{"data":"Seek","floor":15,"key":"SMITH"},{"data":"Immolate","floor":23,"key":"SMITH"},{"floor":27,"key":"REST"},{"floor":32,"key":"REST"}],"neow_cost":"","seed_source_timestamp":0,"circlet_count":0,"master_deck":["Ball Lightning","Sword Boomerang","Perfected Strike+1","Heavy Blade","Self Repair","Heavy Blade","Heatsinks","Defragment","Clothesline","Shrug It Off","Turbo","Tempest","Anger","Sword Boomerang","Iron Wave","Capacitor","Flame Barrier","Coolheaded","White Noise","Twin Strike","Clash","Go for the Eyes","Streamline","Cleave+1","Streamline","Stack","Cleave","Uppercut","Coolheaded","Steam","True Grit","Wild Strike","Stack","Blood for Blood+1","Sword Boomerang","Pommel Strike","Feel No Pain","Warcry","Pommel Strike","Scrape","Barrage","Disarm","Twin Strike","Skim","Clothesline","Leap","Immolate+1","Electrodynamics+1","Seek+1","Seek","Madness","Madness"],"special_seed":17998,"relics":["Cracked Core","Golden Idol","Question Card","Singing Bowl","Lantern","PreservedInsect","Tiny House","Vajra","Cables","Sundial"],"potions_floor_usage":[10,30,30,30,33,33,33],"damage_taken":[{"damage":0,"enemies":"Jaw Worm","floor":1,"turns":2},{"damage":0,"enemies":"Small Slimes","floor":4,"turns":2},{"damage":0,"enemies":"2 Louse","floor":5,"turns":2},{"damage":18,"enemies":"Lagavulin","floor":7,"turns":6},{"damage":18,"enemies":"3 Sentries","floor":10,"turns":5},{"damage":0,"enemies":"Exordium Wildlife","floor":12,"turns":3},{"damage":13,"enemies":"Lagavulin","floor":14,"turns":5},{"damage":12,"enemies":"Slime Boss","floor":16,"turns":8},{"damage":0,"enemies":"Spheric Guardian","floor":18,"turns":2},{"damage":5,"enemies":"3 Byrds","floor":20,"turns":2},{"damage":18,"enemies":"Book of Stabbing","floor":25,"turns":3},{"damage":21,"enemies":"Snake Plant","floor":29,"turns":3},{"damage":5,"enemies":"Snecko","floor":30,"turns":3},{"damage":54,"enemies":"Shelled Parasite and Fungi","floor":31,"turns":4},{"damage":40,"enemies":"Collector","floor":33,"turns":7},{"damage":23,"enemies":"3 Shapes","floor":35,"turns":2},{"damage":38,"enemies":"3 Darklings","floor":39,"turns":3},{"damage":39,"enemies":"Giant Head","floor":40,"turns":5}],"seed_played":"7783280218717275473","potions_obtained":[{"floor":7,"key":"LiquidBronze"},{"floor":10,"key":"LiquidBronze"},{"floor":17,"key":"EntropicBrew"},{"floor":18,"key":"Explosive Potion"},{"floor":35,"key":"LiquidBronze"},{"floor":38,"key":"EntropicBrew"},{"floor":38,"key":"Strength Potion"}],"is_trial":false,"path_per_floor":["M","?","$","M","M","R","E","R","T","E","R","M","R","E","R","B",null,"M","$","M","?","?","R","$","E","T","R","?","M","M","M","R","B",null,"M","?","?","?","M","E"],"character_chosen":"DEFECT","items_purchased":["Vajra"],"campfire_rested":3,"item_purchase_floors":[19],"current_hp_per_floor":[75,57,57,57,57,57,46,68,68,57,57,66,66,53,53,43,86,88,88,85,85,85,85,85,69,69,92,92,73,70,18,47,7,98,77,64,64,64,28,0],"gold":369,"neow_bonus":"","is_prod":false,"is_daily":true,"chose_seed":false,"campfire_upgraded":5,"win_rate":0,"timestamp":1555098762,"path_taken":["M","?","$","M","M","R","E","R","T","E","R","M","R","E","R","BOSS","M","$","M","?","?","R","?","E","T","R","?","M","?","M","R","BOSS","M","?","?","?","?","E"],"build_version":"2019-01-23","purchased_purges":2,"victory":false,"max_hp_per_floor":[75,75,75,75,75,75,75,75,75,75,75,77,77,77,77,79,86,88,88,90,90,90,90,90,92,92,92,92,94,96,98,98,98,98,100,100,100,100,102,102],"card_choices":[{"not_picked":["Beam Cell","Chill","Thunderclap"],"picked":"SKIP","floor":1},{"not_picked":["Havoc","Thunderclap"],"picked":"Leap","floor":4},{"not_picked":["Stack","Leap","Rage"],"picked":"SKIP","floor":5},{"not_picked":["Bludgeon","Biased Cognition"],"picked":"Immolate","floor":7},{"not_picked":["Exhume","Fiend Fire","Juggernaut"],"picked":"Electrodynamics","floor":10},{"not_picked":["Havoc","Beam Cell","Gash","Clash"],"picked":"Singing Bowl","floor":12},{"not_picked":["Double Tap","Electrodynamics","Reboot"],"picked":"Seek","floor":14},{"not_picked":["Machine Learning","Fission","Brutality","Juggernaut"],"picked":"Singing Bowl","floor":16},{"not_picked":["Bloodletting","Battle Trance","Rip and Tear","Thunderclap"],"picked":"Singing Bowl","floor":17},{"not_picked":["Sever Soul+1","Havoc","Body Slam","Go for the Eyes"],"picked":"Singing Bowl","floor":18},{"not_picked":["Cold Snap","Aggregate","Thunderclap","Recycle+1"],"picked":"Singing Bowl","floor":20},{"not_picked":["Limit Break","Multi-Cast","Dark Embrace","Fission"],"picked":"Singing Bowl","floor":25},{"not_picked":["Gash","Twin Strike","Heatsinks","Armaments"],"picked":"Singing Bowl","floor":29},{"not_picked":["Thunderclap+1","Gash+1","Inflame","Bloodletting"],"picked":"Singing Bowl","floor":30},{"not_picked":["Fire Breathing","Whirlwind","Conserve Battery","Force Field"],"picked":"Singing Bowl","floor":31},{"not_picked":["Echo Form","All For One","Berserk"],"picked":"Seek","floor":33},{"not_picked":["Dropkick+1","Gash+1","Steam+1","Bloodletting+1"],"picked":"Singing Bowl","floor":35},{"not_picked":["Metallicize+1","Feel No Pain","Clash+1","Compile Driver"],"picked":"Singing Bowl","floor":39}],"player_experience":480408,"relics_obtained":[{"floor":7,"key":"Question Card"},{"floor":9,"key":"Singing Bowl"},{"floor":10,"key":"Lantern"},{"floor":14,"key":"PreservedInsect"},{"floor":25,"key":"Cables"},{"floor":26,"key":"Sundial"}],"event_choices":[{"damage_healed":0,"gold_gain":0,"player_choice":"Take Damage","damage_taken":18,"relics_obtained":["Golden Idol"],"max_hp_gain":0,"max_hp_loss":0,"event_name":"Golden Idol","floor":2,"gold_loss":0},{"cards_removed":["Clothesline"],"damage_healed":0,"gold_gain":0,"player_choice":"Gave Gold","damage_taken":0,"max_hp_gain":0,"max_hp_loss":0,"event_name":"Beggar","floor":21,"gold_loss":75},{"damage_healed":0,"gold_gain":0,"player_choice":"Ignored","damage_taken":0,"max_hp_gain":0,"max_hp_loss":0,"event_name":"Vampires","floor":22,"gold_loss":0},{"cards_removed":["Darkness"],"damage_healed":0,"gold_gain":0,"player_choice":"Elegance","damage_taken":0,"max_hp_gain":0,"max_hp_loss":0,"event_name":"Back to Basics","floor":28,"gold_loss":0},{"damage_healed":0,"gold_gain":0,"player_choice":"Embrace Madness","damage_taken":13,"max_hp_gain":0,"max_hp_loss":0,"event_name":"Winding Halls","floor":36,"gold_loss":0,"cards_obtained":["Madness","Madness"]},{"cards_removed":["Rage"],"damage_healed":0,"gold_gain":0,"player_choice":"Removed Skill","damage_taken":0,"max_hp_gain":0,"max_hp_loss":0,"event_name":"Falling","floor":37,"gold_loss":0},{"damage_healed":0,"gold_gain":0,"player_choice":"Got Potions","damage_taken":0,"max_hp_gain":0,"max_hp_loss":0,"event_name":"Lab","floor":38,"gold_loss":0}],"is_beta":false,"boss_relics":[{"not_picked":["Cursed Key","Runic Pyramid"],"picked":"Tiny House"},{"not_picked":["Velvet Choker","Coffee Dripper","Orrery"]}],"items_purged_floors":[3,19],"is_endless":false,"potions_floor_spawned":[7,10,18,20,25,35],"killed_by":"Giant Head","ascension_level":0}