{"gold_per_floor":[213,71,89,100,100,110,124,155,155,155,55,55,68,83,83,186,186,204,204,204,217,234,234,269,20,47,47,67,78,107,122,122,223,223,239,254,8,8,8,38,38,55,82,98,98,98,124,140,140,140],"floor_reached":51,"playtime":2127,"items_purged":["Strike_R","Defend_R"],"score":801,"play_id":"00a3c4f4-489d-4476-a6ad-44aa46dd2c44","local_time":"20190414180226","is_ascension_mode":false,"campfire_choices":[{"data":"Limit Break","floor":10.0,"key":"SMITH"},{"data":"Inflame","floor":12.0,"key":"SMITH"},{"data":"Metallicize","floor":15,"key":"SMITH"},{"floor":23,"key":"REST"},{"floor":32,"key":"REST"},{"floor":41,"key":"REST"},{"floor":46,"key":"REST"},{"floor":49,"key":"REST"}],"neow_cost":"NONE","seed_source_timestamp":5816551223797,"circlet_count":0,"master_deck":["Strike_R+1","Strike_R+1","Defend_R+1","Defend_R+1","Defend_R+1","Bash+1","Battle Trance","Inflame+1","Sword Boomerang+1","Metallicize+1","Limit Break+1","Uppercut+1","Heavy Blade+1","Demon Form","Thunderclap+1","Carnage+1","Shockwave+1","Battle Trance+1","Offering+1","Rampage+1","Twin Strike+1","Headbutt+1","Metallicize+1","Regret","Pain","True Grit+1","Sword Boomerang+1"],"special_seed":0,"relics":["Burning Blood","Du-Vu Doll","Molten Egg 2","Fusion Hammer","Ginger","Toxic Egg 2","Whetstone","Matryoshka","Cursed Key","Meat on the Bone","Shuriken","Anchor","Happy Flower","Boot","Gremlin Horn","Self Forming Clay"],"potions_floor_usage":[16,24,24,29,33,36,50,50],"damage_taken":[{"damage":4.0,"enemies":"Jaw Worm","floor":1.0,"turns":5.0},{"damage":1.0,"enemies":"Cultist","floor":3.0,"turns":3.0},{"damage":7.0,"enemies":"2 Louse","floor":4.0,"turns":4.0},{"damage":34.0,"enemies":"Gremlin Gang","floor":6.0,"turns":4.0},{"damage":5.0,"enemies":"Looter","floor":7.0,"turns":3.0},{"damage":26.0,"enemies":"3 Sentries","floor":8.0,"turns":9.0},{"damage":12.0,"enemies":"Exordium Wildlife","floor":13.0,"turns":3.0},{"damage":7,"enemies":"Exordium Thugs","floor":14,"turns":5},{"damage":4,"enemies":"Hexaghost","floor":16,"turns":7},{"damage":22,"enemies":"2 Thieves","floor":18,"turns":3},{"damage":0,"enemies":"Chosen","floor":21,"turns":3},{"damage":16,"enemies":"3 Cultists","floor":22,"turns":4},{"damage":15,"enemies":"Book of Stabbing","floor":24,"turns":4},{"damage":5,"enemies":"Snake Plant","floor":28,"turns":4},{"damage":2,"enemies":"Chosen and Byrds","floor":29,"turns":5},{"damage":31,"enemies":"Slavers","floor":30,"turns":4},{"damage":9,"enemies":"Snecko","floor":31,"turns":5},{"damage":22,"enemies":"Champ","floor":33,"turns":5},{"damage":20,"enemies":"3 Darklings","floor":35,"turns":5},{"damage":19,"enemies":"3 Shapes","floor":36,"turns":4},{"damage":14,"enemies":"Reptomancer","floor":40,"turns":4},{"damage":6,"enemies":"Transient","floor":42,"turns":5},{"damage":5,"enemies":"Maw","floor":44,"turns":5},{"damage":11,"enemies":"Giant Head","floor":47,"turns":4},{"damage":15,"enemies":"Spire Growth","floor":48,"turns":3},{"damage":27,"enemies":"Awakened One","floor":50,"turns":6}],"seed_played":"-5703477353669961302","potions_obtained":[{"floor":1.0,"key":"Swift Potion"},{"floor":3.0,"key":"SpeedPotion"},{"floor":6.0,"key":"SneckoOil"},{"floor":14,"key":"Block Potion"},{"floor":20,"key":"Ancient Potion"},{"floor":20,"key":"Weak Potion"},{"floor":20,"key":"Swift Potion"},{"floor":28,"key":"Energy Potion"},{"floor":29,"key":"Dexterity Potion"},{"floor":30,"key":"SkillPotion"},{"floor":31,"key":"Strength Potion"},{"floor":42,"key":"EssenceOfSteel"}],"is_trial":false,"path_per_floor":["M","$","M","M","?","M","M","E","T","R","$","R","M","M","R","B",null,"M","?","?","M","M","R","E","$","T","$","M","M","E","M","R","B",null,"M","M","$","?","?","E","R","M","T","M","T","R","E","M","R","B",null],"character_chosen":"IRONCLAD","items_purchased":["Inflame","Toxic Egg 2","Meat on the Bone"],"campfire_rested":5,"item_purchase_floors":[2,25,37],"current_hp_per_floor":[80,80,80,79,79,51,52,32,32,32,32,32,26,25,25,27,80,64,64,64,70,60,80,71,71,71,71,72,76,51,48,72,56,80,66,53,53,53,53,57,80,80,80,80,80,80,75,66,80,59],"gold":140,"neow_bonus":"HUNDRED_GOLD","is_prod":false,"is_daily":false,"chose_seed":false,"campfire_upgraded":3,"win_rate":0,"timestamp":1555286546,"path_taken":["M","$","M","M","?","M","?","E","T","R","$","R","M","M","R","BOSS","M","?","?","?","M","R","E","$","T","$","M","M","E","M","R","BOSS","M","M","$","?","?","E","R","M","T","?","?","R","E","M","R","BOSS"],"build_version":"2019-01-23","purchased_purges":2,"victory":true,"max_hp_per_floor":[80,80,80,80,80,80,80,80,80,80,80,80,80,80,80,80,80,80,80,80,80,80,80,80,80,80,80,80,80,80,80,80,80,80,80,80,80,80,80,80,80,80,80,80,80,80,80,80,80,80],"card_choices":[{"not_picked":["Dropkick","Thunderclap"],"picked":"Battle Trance","floor":1.0},{"not_picked":["Blood for Blood","Anger","Havoc"],"picked":"SKIP","floor":3.0},{"not_picked":["Pommel Strike","Thunderclap"],"picked":"Sword Boomerang","floor":4.0},{"not_picked":["Reckless Charge","Havoc"],"picked":"Sword Boomerang","floor":6.0},{"not_picked":["Cleave","Wild Strike"],"picked":"Metallicize","floor":7.0},{"not_picked":["Ghostly Armor","Dual Wield"],"picked":"Limit Break","floor":8.0},{"not_picked":["Shrug It Off","Ghostly Armor"],"picked":"Uppercut+1","floor":13.0},{"not_picked":["Sword Boomerang+1","Rupture"],"picked":"Heavy Blade+1","floor":14},{"not_picked":["Bludgeon+1","Reaper+1"],"picked":"Demon Form","floor":16},{"not_picked":["Combust","Shrug It Off"],"picked":"Thunderclap+1","floor":18},{"not_picked":["Intimidate","Havoc","True Grit"],"picked":"SKIP","floor":21},{"not_picked":["True Grit","Evolve","Flex"],"picked":"SKIP","floor":22},{"not_picked":["Body Slam+1","Havoc"],"picked":"Carnage+1","floor":24},{"not_picked":["Warcry+1","Anger+1"],"picked":"Shockwave+1","floor":28},{"not_picked":["Armaments+1","Hemokinesis+1"],"picked":"Battle Trance+1","floor":29},{"not_picked":["Disarm+1","Battle Trance+1"],"picked":"Offering+1","floor":30},{"not_picked":["Thunderclap+1","Clothesline+1"],"picked":"Rampage+1","floor":31},{"not_picked":["Spot Weakness+1","Warcry+1"],"picked":"Twin Strike+1","floor":35},{"not_picked":["Wild Strike+1","Reckless Charge+1"],"picked":"Headbutt+1","floor":36},{"not_picked":["Armaments+1","Thunderclap+1","Bludgeon+1"],"picked":"SKIP","floor":40},{"not_picked":["Anger+1","Wild Strike+1"],"picked":"Metallicize+1","floor":42},{"not_picked":["Headbutt+1","Warcry+1","Rupture"],"picked":"SKIP","floor":44},{"not_picked":["Ghostly Armor+1","Twin Strike+1"],"picked":"True Grit+1","floor":47},{"not_picked":["Ghostly Armor+1","Corruption"],"picked":"Sword Boomerang+1","floor":48}],"player_experience":1217250,"relics_obtained":[{"floor":8.0,"key":"Du-Vu Doll"},{"floor":9.0,"key":"Molten Egg 2"},{"floor":24,"key":"Ginger"},{"floor":26,"key":"Whetstone"},{"floor":30,"key":"Matryoshka"},{"floor":40,"key":"Shuriken"},{"floor":43,"key":"Anchor"},{"floor":43,"key":"Happy Flower"},{"floor":45,"key":"Boot"},{"floor":45,"key":"Gremlin Horn"},{"floor":47,"key":"Self Forming Clay"}],"event_choices":[{"cards_removed":["Strike_R"],"damage_healed":0.0,"max_hp_gain":0.0,"max_hp_loss":0.0,"gold_gain":0.0,"event_name":"Bonfire Elementals","player_choice":"Offered Basic","floor":5.0,"gold_loss":0.0,"damage_taken":0.0},{"damage_healed":0,"gold_gain":0,"player_choice":"Simplicity","damage_taken":0,"max_hp_gain":0,"max_hp_loss":0,"event_name":"Back to Basics","floor":19,"gold_loss":0,"cards_upgraded":["Strike_R","Strike_R","Strike_R","Defend_R","Defend_R","Defend_R"]},{"damage_healed":0,"gold_gain":0,"player_choice":"Got Potions","damage_taken":0,"max_hp_gain":0,"max_hp_loss":0,"event_name":"Lab","floor":20,"gold_loss":0},{"cards_removed":["Sword Boomerang"],"damage_healed":0,"gold_gain":0,"player_choice":"Removed Attack","damage_taken":0,"max_hp_gain":0,"max_hp_loss":0,"event_name":"Falling","floor":38,"gold_loss":0},{"cards_removed":["Strike_R"],"damage_healed":0,"gold_gain":0,"player_choice":"Purged","damage_taken":0,"max_hp_gain":0,"max_hp_loss":0,"event_name":"Purifier","floor":39,"gold_loss":0}],"is_beta":false,"boss_relics":[{"not_picked":["Empty Cage","Runic Cube"],"picked":"Fusion Hammer"},{"not_picked":["Runic Pyramid","Eternal Feather"],"picked":"Cursed Key"}],"items_purged_floors":[2,11],"is_endless":false,"potions_floor_spawned":[1,3,6,14,28,29,30,31,42],"ascension_level":0}