{"gold_per_floor":[117,134,152,163,175,175,191,191,191,203,203,237,187,201,201,306,306,326,326,19,32,32,45,62,62,88,88,122,72,72,89,89,185,185,196,196,206,206,206,206],"floor_reached":40,"playtime":1637,"items_purged":[],"score":485,"play_id":"3c8f51b0-ffea-4fb9-b24a-5cb125f3220a","local_time":"20190202134953","daily_mods":["Draft"],"is_ascension_mode":false,"campfire_choices":[{"data":"Catalyst","floor":6,"key":"SMITH"},{"floor":8,"key":"REST"},{"floor":11,"key":"REST"},{"data":"Die Die Die","floor":15,"key":"SMITH"},{"floor":27,"key":"REST"},{"floor":30,"key":"REST"},{"floor":32,"key":"REST"}],"neow_cost":"","seed_source_timestamp":0,"circlet_count":0,"master_deck":["Bouncing Flask+1","Deadly Poison+1","Quick Slash+1","Poisoned Stab+1","Deflect+1","Bane+1","Backflip+1","Quick Slash+1","Catalyst+1","Quick Slash+1","Dodge and Roll+1","Prepared+1","Quick Slash+1","Caltrops+1","Backflip+1","Bouncing Flask+1","Die Die Die+1","Backstab+1","Bane+1","Expertise+1","Glass Knife+1","Poisoned Stab+1","Finisher+1","Necronomicurse","Flying Knee+1","Leg Sweep+1","Bane+1"],"relics":["Ring of the Snake","Molten Egg 2","Thread and Needle","HoveringKite","Necronomicon","Mercury Hourglass","Anchor","Ornamental Fan","Busted Crown","Mark of the Bloom"],"potions_floor_usage":[28,33,33,33,40],"damage_taken":[{"damage":0,"enemies":"Cultist","floor":1,"turns":2},{"damage":3,"enemies":"Jaw Worm","floor":2,"turns":2},{"damage":5,"enemies":"2 Louse","floor":3,"turns":2},{"damage":10,"enemies":"Looter","floor":4,"turns":2},{"damage":0,"enemies":"Gremlin Gang","floor":5,"turns":1},{"damage":12,"enemies":"Blue Slaver","floor":7,"turns":2},{"damage":2,"enemies":"Exordium Wildlife","floor":10,"turns":2},{"damage":22,"enemies":"3 Sentries","floor":12,"turns":5},{"damage":0,"enemies":"Large Slime","floor":14,"turns":3},{"damage":40,"enemies":"Hexaghost","floor":16,"turns":6},{"damage":0,"enemies":"Spheric Guardian","floor":18,"turns":3},{"damage":6,"enemies":"2 Thieves","floor":21,"turns":2},{"damage":16,"enemies":"Centurion and Healer","floor":23,"turns":4},{"damage":18,"enemies":"Shelled Parasite and Fungi","floor":24,"turns":3},{"damage":9,"enemies":"Slavers","floor":28,"turns":3},{"damage":7,"enemies":"Snake Plant","floor":31,"turns":2},{"damage":0,"enemies":"Collector","floor":33,"turns":5},{"damage":0,"enemies":"Orb Walker","floor":35,"turns":2},{"damage":0,"enemies":"3 Shapes","floor":37,"turns":2},{"damage":81,"enemies":"Reptomancer","floor":40,"turns":2}],"seed_played":"1571745575359712207","potions_obtained":[{"floor":2,"key":"Poison Potion"},{"floor":4,"key":"Explosive Potion"},{"floor":10,"key":"Regen Potion"},{"floor":18,"key":"GhostInAJar"},{"floor":28,"key":"PowerPotion"},{"floor":33,"key":"EssenceOfSteel"},{"floor":35,"key":"Strength Potion"}],"is_trial":true,"path_per_floor":["M","M","M","M","M","R","M","R","T","M","R","E","?","M","R","B",null,"M","?","$","M","?","M","M","?","T","R","E","$","R","M","R","B",null,"M","?","M","?","?","E"],"character_chosen":"THE_SILENT","items_purchased":["Mercury Hourglass","Flying Knee+1","Bane+1"],"campfire_rested":5,"item_purchase_floors":[20,20,29],"current_hp_per_floor":[70,67,62,52,52,52,40,61,61,59,70,48,48,48,48,8,70,70,54,54,48,48,32,14,14,14,35,26,26,47,40,61,61,70,70,70,70,70,70,0],"gold":206,"neow_bonus":"","is_prod":false,"is_daily":false,"chose_seed":false,"campfire_upgraded":2,"win_rate":0,"timestamp":1549133393,"path_taken":["M","M","?","M","M","R","M","R","T","M","R","E","?","M","R","BOSS","M","?","$","M","?","?","M","?","T","R","E","?","R","M","R","BOSS","M","?","?","?","?","E"],"build_version":"2019-01-23","purchased_purges":0,"victory":false,"max_hp_per_floor":[70,70,70,70,70,70,70,70,70,70,70,70,70,70,70,70,70,70,70,70,70,70,70,70,70,70,70,70,70,70,70,70,70,70,70,70,70,70,70,70],"card_choices":[{"not_picked":["PiercingWail","Tactician"],"picked":"Bouncing Flask","floor":0},{"not_picked":["Sucker Punch","PiercingWail"],"picked":"Deadly Poison","floor":0},{"not_picked":["Outmaneuver","Distraction"],"picked":"Dagger Throw","floor":0},{"not_picked":["Sucker Punch","PiercingWail"],"picked":"Quick Slash","floor":0},{"not_picked":["Outmaneuver","Dodge and Roll"],"picked":"Poisoned Stab","floor":0},{"not_picked":["Concentrate","Choke"],"picked":"Deflect","floor":0},{"not_picked":["Dodge and Roll","Blade Dance"],"picked":"Bane","floor":0},{"not_picked":["Underhanded Strike","Blade Dance"],"picked":"Backflip","floor":0},{"not_picked":["Dagger Throw","Dagger Spray"],"picked":"Quick Slash","floor":0},{"not_picked":["Calculated Gamble","Slice"],"picked":"Catalyst","floor":0},{"not_picked":["Distraction","Deflect"],"picked":"Quick Slash","floor":0},{"not_picked":["Prepared","Predator"],"picked":"Dodge and Roll","floor":0},{"not_picked":["Underhanded Strike","Riddle With Holes"],"picked":"Prepared","floor":0},{"not_picked":["Accuracy","Cloak And Dagger"],"picked":"Quick Slash","floor":0},{"not_picked":["Prepared","Reflex"],"picked":"Caltrops","floor":0},{"not_picked":["Slice","Outmaneuver"],"picked":"Backflip","floor":1},{"not_picked":["Underhanded Strike","Riddle With Holes"],"picked":"Bouncing Flask","floor":2},{"not_picked":["Prepared","Dagger Throw"],"picked":"Die Die Die","floor":3},{"not_picked":["Poisoned Stab","Cloak And Dagger"],"picked":"Backstab","floor":4},{"not_picked":["Outmaneuver","Terror","PiercingWail"],"picked":"SKIP","floor":5},{"not_picked":["Infinite Blades","Noxious Fumes"],"picked":"Bane","floor":7},{"not_picked":["Underhanded Strike+1","Acrobatics"],"picked":"Expertise","floor":10},{"not_picked":["Poisoned Stab+1","Outmaneuver"],"picked":"Glass Knife+1","floor":12},{"not_picked":["Setup","Dagger Throw+1"],"picked":"Poisoned Stab+1","floor":14},{"not_picked":["Endless Agony+1","Crippling Poison"],"picked":"Finisher+1","floor":18},{"not_picked":["PiercingWail+1","All Out Attack+1"],"picked":"Leg Sweep","floor":21},{"not_picked":["Blur","Cloak And Dagger+1","Poisoned Stab+1"],"picked":"SKIP","floor":23},{"not_picked":["Heel Hook+1","Cloak And Dagger","Poisoned Stab+1"],"picked":"SKIP","floor":24},{"not_picked":["Masterful Stab+1","Deadly Poison","Slice+1"],"picked":"SKIP","floor":28},{"not_picked":["Flechettes+1","Outmaneuver","Acrobatics"],"picked":"SKIP","floor":31},{"not_picked":["Underhanded Strike+1"],"picked":"SKIP","floor":35},{"not_picked":["Terror"],"picked":"SKIP","floor":37}],"player_experience":329087,"relics_obtained":[{"floor":9,"key":"Molten Egg 2"},{"floor":12,"key":"Thread and Needle"},{"floor":19,"key":"Necronomicon"},{"floor":26,"key":"Anchor"},{"floor":28,"key":"Ornamental Fan"}],"event_choices":[{"cards_removed":["Dagger Throw"],"damage_healed":0,"gold_gain":0,"player_choice":"Card Removal","damage_taken":0,"max_hp_gain":0,"max_hp_loss":0,"event_name":"The Cleric","floor":13,"gold_loss":50},{"damage_healed":0,"gold_gain":0,"player_choice":"Obtained Book","damage_taken":16,"max_hp_gain":0,"max_hp_loss":0,"event_name":"Cursed Tome","floor":19,"gold_loss":0},{"damage_healed":0,"gold_gain":0,"player_choice":"Upgraded","damage_taken":0,"max_hp_gain":0,"max_hp_loss":0,"event_name":"Upgrade Shrine","floor":22,"gold_loss":0,"cards_upgraded":["Bane"]},{"damage_healed":0,"gold_gain":0,"player_choice":"Ignored","damage_taken":0,"max_hp_gain":0,"max_hp_loss":0,"event_name":"Beggar","floor":25,"gold_loss":0},{"damage_healed":0,"gold_gain":0,"player_choice":"Forge","damage_taken":0,"max_hp_gain":0,"max_hp_loss":0,"event_name":"Accursed Blacksmith","floor":36,"gold_loss":0,"cards_upgraded":["Bouncing Flask"]},{"damage_healed":0,"gold_gain":0,"player_choice":"Upgrade","damage_taken":0,"relics_obtained":["Mark of the Bloom"],"max_hp_gain":0,"max_hp_loss":0,"event_name":"MindBloom","floor":38,"gold_loss":0,"cards_upgraded":["Bouncing Flask","Deadly Poison","Quick Slash","Poisoned Stab","Deflect","Backflip","Quick Slash","Quick Slash","Dodge and Roll","Prepared","Quick Slash","Caltrops","Backflip","Backstab","Bane","Expertise","Leg Sweep"]},{"damage_healed":0,"gold_gain":0,"player_choice":"Ignored","damage_taken":0,"max_hp_gain":0,"max_hp_loss":0,"event_name":"Upgrade Shrine","floor":39,"gold_loss":0}],"is_beta":false,"boss_relics":[{"not_picked":["Calling Bell","Runic Dome"],"picked":"HoveringKite"},{"not_picked":["Philosopher\u0027s Stone","Black Star"],"picked":"Busted Crown"}],"items_purged_floors":[],"is_endless":false,"potions_floor_spawned":[2,4,10,12,16,18,23,28,33,35],"killed_by":"Reptomancer","ascension_level":0}