{"gold_per_floor":[114,214,164,179,194,224,224,239,294,309,324,324,22,37,37,137,137,152,167,266,8,8,8,23,38,63,78,78,93,108,183,183,283,283,298,0,15,30,45,45,45],"floor_reached":41,"playtime":6812,"items_purged":["Defend_R"],"score":401,"play_id":"830c0c88-ebbb-4ee9-8618-d2cf161000fc","local_time":"20180628183123","daily_mods":["Allstar","Time Dilation","Night Terrors"],"is_ascension_mode":false,"campfire_choices":[{"data":"Mind Blast","floor":12.0,"key":"SMITH"},{"data":"Perfected Strike","floor":15.0,"key":"SMITH"},{"floor":23.0,"key":"REST"},{"data":"Apotheosis","floor":28.0,"key":"SMITH"},{"floor":32.0,"key":"REST"},{"floor":40,"key":"REST"}],"neow_cost":"","seed_source_timestamp":0,"circlet_count":0,"master_deck":["Mind Blast+1","Mind Blast","Swift Strike","Dark Shackles+1","Trip","Pommel Strike","Shrug It Off","Headbutt","Sever Soul","Burning Pact","Perfected Strike+1","Offering+1","Twin Strike","Hemokinesis","Ghostly Armor","Dropkick","Iron Wave","Armaments","Evolve","Wild Strike","Apotheosis+1","Blood for Blood","Perfected Strike","Perfected Strike"],"special_seed":17710,"relics":["Burning Blood","Singing Bowl","Tiny Chest","Omamori","Pandora\u0027s Box","War Paint","Letter Opener","Busted Crown","Red Mask"],"potions_floor_usage":[38,38,38,41],"damage_taken":[{"damage":0.0,"enemies":"2 Louse","floor":1.0,"turns":2.0},{"damage":0.0,"enemies":"Cultist","floor":4.0,"turns":2.0},{"damage":0.0,"enemies":"Small Slimes","floor":5.0,"turns":2.0},{"damage":4.0,"enemies":"Gremlin Nob","floor":6.0,"turns":3.0},{"damage":7.0,"enemies":"Exordium Wildlife","floor":8.0,"turns":3.0},{"damage":3.0,"enemies":"3 Louse","floor":10.0,"turns":3.0},{"damage":4.0,"enemies":"2 Fungi Beasts","floor":11.0,"turns":2.0},{"damage":10.0,"enemies":"Looter","floor":14.0,"turns":2.0},{"damage":21.0,"enemies":"Slime Boss","floor":16.0,"turns":7.0},{"damage":12.0,"enemies":"Spheric Guardian","floor":18.0,"turns":3.0},{"damage":17.0,"enemies":"3 Byrds","floor":19.0,"turns":5.0},{"damage":13.0,"enemies":"Snake Plant","floor":24.0,"turns":3.0},{"damage":18.0,"enemies":"Centurion and Healer","floor":25.0,"turns":3.0},{"damage":22.0,"enemies":"Sentry and Sphere","floor":27.0,"turns":4.0},{"damage":18.0,"enemies":"Snake Plant","floor":29.0,"turns":3.0},{"damage":4.0,"enemies":"Snecko","floor":30.0,"turns":2.0},{"damage":59.0,"enemies":"Collector","floor":33.0,"turns":4.0},{"damage":4,"enemies":"Orb Walker","floor":35,"turns":2},{"damage":12,"enemies":"3 Shapes","floor":37,"turns":2},{"damage":26,"enemies":"Maw","floor":38,"turns":4},{"damage":25,"enemies":"4 Shapes","floor":39,"turns":4},{"damage":100,"enemies":"Giant Head","floor":41,"turns":7}],"seed_played":"8379956509153837283","potions_obtained":[{"floor":1.0,"key":"Poison Potion"},{"floor":5.0,"key":"AttackPotion"},{"floor":8.0,"key":"SpeedPotion"},{"floor":14.0,"key":"PowerPotion"},{"floor":16.0,"key":"GamblersBrew"},{"floor":18.0,"key":"AttackPotion"},{"floor":30.0,"key":"BloodPotion"},{"floor":33.0,"key":"Block Potion"},{"floor":39,"key":"SkillPotion"}],"is_trial":false,"path_per_floor":["M","?","?","M","M","E","?","M","T","M","M","R","$","M","R","B",null,"M","M","?","$","?","R","M","M","T","M","R","M","M","T","R","B",null,"M","?","M","M","M","R"],"character_chosen":"IRONCLAD","items_purchased":["Omamori","Burning Pact","Apotheosis","Blood for Blood"],"campfire_rested":3,"item_purchase_floors":[],"current_hp_per_floor":[80,80,80,80,80,82,75,76,76,79,81,81,81,77,77,62,84,78,69,69,69,52,86,81,71,71,55,55,45,47,47,87,44,89,91,91,87,69,52,92,0],"gold":45,"neow_bonus":"","is_prod":false,"is_daily":true,"chose_seed":false,"campfire_upgraded":3,"win_rate":0.0,"timestamp":1530225083,"path_taken":["M","?","?","M","M","E","?","?","T","M","M","R","$","M","R","BOSS","M","M","?","$","?","R","M","?","T","M","R","M","M","?","R","BOSS","M","?","M","?","M","R","E"],"build_version":"2018-06-21v2","purchased_purges":1,"victory":false,"max_hp_per_floor":[80,80,80,80,80,82,82,84,84,84,84,84,84,84,84,84,84,84,86,86,86,91,86,88,90,90,90,90,92,92,92,87,89,89,91,91,93,95,97,92,92],"card_choices":[{"not_picked":["Body Slam","Clash"],"picked":"Pommel Strike","floor":1.0},{"not_picked":["Whirlwind","True Grit"],"picked":"Shrug It Off","floor":4.0},{"not_picked":["Entrench","Pommel Strike","Rupture"],"picked":"SKIP","floor":5.0},{"not_picked":["Clothesline","Pummel","Sword Boomerang"],"picked":"Singing Bowl","floor":6.0},{"not_picked":["Limit Break","Headbutt","Second Wind"],"picked":"Singing Bowl","floor":8.0},{"not_picked":["Armaments","Brutality"],"picked":"Headbutt","floor":10.0},{"not_picked":["Twin Strike","Pummel"],"picked":"Sever Soul","floor":11.0},{"not_picked":["Thunderclap","Barricade"],"picked":"Perfected Strike","floor":14.0},{"not_picked":["Bludgeon","Immolate"],"picked":"Offering","floor":16.0},{"not_picked":["Havoc","Bloodletting"],"picked":"Wild Strike","floor":18.0},{"not_picked":["Iron Wave","Thunderclap","Feel No Pain"],"picked":"Singing Bowl","floor":19.0},{"not_picked":["Whirlwind+1","Second Wind","Feel No Pain"],"picked":"Singing Bowl","floor":24.0},{"not_picked":["Headbutt","Power Through","Clash"],"picked":"Singing Bowl","floor":25.0},{"not_picked":["Feel No Pain","Havoc+1"],"picked":"Perfected Strike","floor":27.0},{"not_picked":["Rupture","Headbutt","Armaments"],"picked":"Singing Bowl","floor":29.0},{"not_picked":["Havoc","Heavy Blade+1"],"picked":"Perfected Strike","floor":30.0},{"not_picked":["Feed","Exhume","Double Tap"],"picked":"Singing Bowl","floor":33.0},{"not_picked":["Sever Soul+1"],"picked":"Singing Bowl","floor":35},{"not_picked":["Pommel Strike+1"],"picked":"Singing Bowl","floor":37},{"not_picked":["Inflame"],"picked":"Singing Bowl","floor":38},{"not_picked":["Intimidate+1"],"picked":"Singing Bowl","floor":39}],"player_experience":179740,"relics_obtained":[{"floor":6.0,"key":"Singing Bowl"},{"floor":9.0,"key":"Tiny Chest"},{"floor":26.0,"key":"War Paint"},{"floor":31.0,"key":"Letter Opener"}],"event_choices":[{"event_name":"Wheel of Change","player_choice":"Gold","floor":2.0,"damage_taken":0.0},{"event_name":"The Cleric","player_choice":"Card Removal","floor":3.0,"damage_taken":0.0},{"event_name":"Golden Wing","player_choice":"Card Removal","floor":7.0,"damage_taken":0.0},{"event_name":"Nest","player_choice":"Stole From Cult","floor":20.0,"damage_taken":0.0},{"event_name":"Forgotten Altar","player_choice":"Shed Blood","floor":22.0,"damage_taken":0.0},{"event_name":"Tomb of Lord Red Mask","player_choice":"Paid","floor":36,"damage_taken":0}],"boss_relics":[{"not_picked":["Snecko Eye","Empty Cage"],"picked":"Pandora\u0027s Box"},{"not_picked":["White Beast Statue","Velvet Choker"],"picked":"Busted Crown"}],"items_purged_floors":[],"is_endless":false,"potions_floor_spawned":[1,5,8,10,14,16,18,25,30,33,35,39],"killed_by":"Giant Head","ascension_level":0}