{"gold_per_floor":[113,127,127,140,8,40,40,40],"floor_reached":8,"playtime":534,"items_purged":["Regret"],"score":112,"play_id":"5c870f3a-793c-4f98-9032-82fb454d2c69","local_time":"20190404221249","is_ascension_mode":true,"campfire_choices":[],"neow_cost":"CURSE","seed_source_timestamp":28582332981876,"circlet_count":0,"master_deck":["AscendersBane","Strike_R","Strike_R","Strike_R","Strike_R","Strike_R","Defend_R","Defend_R","Defend_R","Defend_R","Bash","Flash of Steel","Dark Shackles","Ghostly Armor","Shrug It Off","Cleave","Spot Weakness"],"relics":["Burning Blood","Paper Frog"],"potions_floor_usage":[6,8],"damage_taken":[{"damage":2,"enemies":"Small Slimes","floor":1,"turns":3},{"damage":9,"enemies":"Cultist","floor":2,"turns":3},{"damage":6,"enemies":"Jaw Worm","floor":4,"turns":4},{"damage":32,"enemies":"3 Sentries","floor":6,"turns":9},{"damage":46,"enemies":"Gremlin Nob","floor":8,"turns":4}],"seed_played":"-2861954709175670454","potions_obtained":[{"floor":2,"key":"AttackPotion"},{"floor":6,"key":"Energy Potion"}],"is_trial":false,"path_per_floor":["M","M","?","M","$","E","?","E"],"character_chosen":"IRONCLAD","items_purchased":["Energy Potion"],"campfire_rested":0,"item_purchase_floors":[5],"current_hp_per_floor":[72,69,69,69,69,43,43,0],"gold":40,"neow_bonus":"RANDOM_COLORLESS_2","is_prod":false,"is_daily":false,"chose_seed":false,"campfire_upgraded":0,"win_rate":0,"timestamp":1554441169,"path_taken":["M","M","?","?","$","E","?","E"],"build_version":"2019-01-23","purchased_purges":1,"victory":false,"max_hp_per_floor":[75,75,75,75,75,75,75,75],"card_choices":[{"not_picked":["Thunderclap","Reckless Charge"],"picked":"Ghostly Armor","floor":1},{"not_picked":["Carnage","Warcry"],"picked":"Shrug It Off","floor":2},{"not_picked":["Flex","Shockwave"],"picked":"Cleave","floor":4},{"not_picked":["Shrug It Off","True Grit"],"picked":"Spot Weakness","floor":6}],"player_experience":657834,"relics_obtained":[{"floor":6,"key":"Paper Frog"}],"event_choices":[{"damage_healed":0,"gold_gain":0,"player_choice":"Cursed","damage_taken":0,"max_hp_gain":0,"max_hp_loss":0,"event_name":"Wheel of Change","floor":3,"gold_loss":0,"cards_obtained":["Decay"]},{"cards_removed":["Decay"],"damage_healed":0,"gold_gain":0,"player_choice":"Removed Curses","damage_taken":0,"max_hp_gain":0,"max_hp_loss":0,"event_name":"Fountain of Cleansing","floor":7,"gold_loss":0}],"is_beta":false,"boss_relics":[],"items_purged_floors":[5],"is_endless":false,"potions_floor_spawned":[2,6],"killed_by":"Gremlin Nob","ascension_level":20}