{"gold_per_floor":[124,147,173,185,209,221,251,263,275,307,58,84,84,94,94,171,171,187,187,187,187,206,206],"floor_reached":23,"playtime":1062,"items_purged":[],"score":367,"play_id":"daf841b0-f768-40ff-98db-424226e18c5e","local_time":"20190329175108","is_ascension_mode":true,"campfire_choices":[{"data":"Bash","floor":6,"key":"SMITH"},{"floor":8,"key":"REST"},{"floor":15,"key":"REST"}],"neow_cost":"NONE","seed_source_timestamp":223557687211467,"circlet_count":0,"master_deck":["AscendersBane","Strike_R","Strike_R","Strike_R","Strike_R","Strike_R","Defend_R","Defend_R","Defend_R","Bash+1","Disarm","Perfected Strike","Cleave","Anger","Twin Strike","Flame Barrier","Feed","Bandage Up","Shockwave","Iron Wave","Exhume+1","Twin Strike","J.A.X.","Necronomicurse","Armaments"],"relics":["Burning Blood","MawBank","Bag of Preparation","Pen Nib","Snecko Eye","Necronomicon"],"potions_floor_usage":[16,23],"damage_taken":[{"damage":10,"enemies":"Small Slimes","floor":1,"turns":4},{"damage":2,"enemies":"Cultist","floor":2,"turns":4},{"damage":19,"enemies":"Jaw Worm","floor":3,"turns":3},{"damage":15,"enemies":"Lots of Slimes","floor":5,"turns":4},{"damage":8,"enemies":"3 Louse","floor":7,"turns":3},{"damage":12,"enemies":"2 Fungi Beasts","floor":10,"turns":4},{"damage":47,"enemies":"Gremlin Nob","floor":12,"turns":6},{"damage":6,"enemies":"Large Slime","floor":14,"turns":5},{"damage":30,"enemies":"Hexaghost","floor":16,"turns":10},{"damage":5,"enemies":"3 Byrds","floor":18,"turns":4},{"damage":6,"enemies":"Chosen","floor":22,"turns":3},{"damage":71,"enemies":"Gremlin Leader","floor":23,"turns":5}],"seed_played":"-2930221547652193346","potions_obtained":[{"floor":3,"key":"SpeedPotion"},{"floor":5,"key":"Dexterity Potion"},{"floor":10,"key":"LiquidBronze"},{"floor":13,"key":"SneckoOil"}],"is_trial":false,"path_per_floor":["M","M","M","?","M","R","M","R","T","M","$","E","?","M","R","B",null,"M","?","?","?","M","E"],"character_chosen":"IRONCLAD","items_purchased":["Feed","Bandage Up"],"campfire_rested":2,"item_purchase_floors":[11,11],"current_hp_per_floor":[64,68,55,55,46,46,44,66,66,60,60,26,26,33,57,40,73,85,85,64,64,64,0],"gold":206,"neow_bonus":"RANDOM_COMMON_RELIC","is_prod":false,"is_daily":false,"chose_seed":false,"campfire_upgraded":1,"win_rate":0,"timestamp":1553907068,"path_taken":["M","M","M","?","M","R","M","R","T","?","$","E","?","?","R","BOSS","M","?","?","?","M","E"],"build_version":"2019-01-23","purchased_purges":0,"victory":false,"max_hp_per_floor":[75,75,75,75,75,75,75,75,75,75,75,78,78,81,81,84,84,87,87,87,87,87,87],"card_choices":[{"not_picked":["Twin Strike","Bloodletting"],"picked":"Disarm","floor":1},{"not_picked":["Infernal Blade","Sentinel"],"picked":"Perfected Strike","floor":2},{"not_picked":["Combust","Fire Breathing"],"picked":"Cleave","floor":3},{"not_picked":["Warcry","Disarm"],"picked":"Anger","floor":5},{"not_picked":["Body Slam","Power Through"],"picked":"Twin Strike","floor":7},{"not_picked":["Flex","Warcry"],"picked":"Flame Barrier","floor":10},{"not_picked":["True Grit","Dual Wield"],"picked":"Shockwave","floor":12},{"not_picked":["Corruption","Warcry"],"picked":"Iron Wave","floor":14},{"not_picked":["Bludgeon","Berserk"],"picked":"Exhume","floor":16},{"not_picked":["Cleave","Sword Boomerang"],"picked":"Twin Strike","floor":18},{"not_picked":["Flex+1","True Grit"],"picked":"Armaments","floor":22}],"player_experience":640479,"relics_obtained":[{"floor":9,"key":"Bag of Preparation"},{"floor":12,"key":"Pen Nib"},{"floor":20,"key":"Necronomicon"}],"event_choices":[{"cards_removed":["Defend_R"],"damage_healed":0,"gold_gain":0,"player_choice":"Offered Basic","damage_taken":0,"max_hp_gain":0,"max_hp_loss":0,"event_name":"Bonfire Elementals","floor":4,"gold_loss":0},{"damage_healed":0,"gold_gain":0,"player_choice":"Got Potions","damage_taken":0,"max_hp_gain":0,"max_hp_loss":0,"event_name":"Lab","floor":13,"gold_loss":0},{"damage_healed":0,"gold_gain":0,"player_choice":"Obtain J.A.X.","damage_taken":0,"max_hp_gain":0,"max_hp_loss":0,"event_name":"Drug Dealer","floor":19,"gold_loss":0,"cards_obtained":["J.A.X."]},{"damage_healed":0,"gold_gain":0,"player_choice":"Obtained Book","damage_taken":21,"max_hp_gain":0,"max_hp_loss":0,"event_name":"Cursed Tome","floor":20,"gold_loss":0},{"damage_healed":0,"gold_gain":0,"player_choice":"Upgraded","damage_taken":0,"max_hp_gain":0,"max_hp_loss":0,"event_name":"Upgrade Shrine","floor":21,"gold_loss":0,"cards_upgraded":["Exhume"]}],"is_beta":false,"boss_relics":[{"not_picked":["Lizard Tail","Pandora\u0027s Box"],"picked":"Snecko Eye"}],"items_purged_floors":[],"is_endless":false,"potions_floor_spawned":[3,5,10,12,14],"killed_by":"Gremlin Leader","ascension_level":18}