{"gold_per_floor":[111,186,136,23,33,33,47,47,47,47,64,64,79,99,99,99],"floor_reached":16,"playtime":2174,"items_purged":["Strike_G"],"score":92,"play_id":"500bdf61-bdb4-41c0-bd45-f1470ffcdd44","local_time":"20180709163759","is_ascension_mode":false,"campfire_choices":[{"data":"Infinite Blades","floor":6.0,"key":"SMITH"},{"data":"Flying Knee","floor":8.0,"key":"SMITH"},{"floor":12,"key":"REST"},{"data":"Survivor","floor":15,"key":"SMITH"}],"neow_cost":"CURSE","seed_source_timestamp":0,"circlet_count":0,"master_deck":["Defend_G","Defend_G","Defend_G","Defend_G","Defend_G","Strike_G","Strike_G","Strike_G","Strike_G","Survivor+1","Neutralize","Flying Knee+1","Infinite Blades+1","Backstab","Acrobatics"],"special_seed":0,"relics":["Ring of the Snake","Ginger"],"potions_floor_usage":[16,16],"damage_taken":[{"damage":15.0,"enemies":"Small Slimes","floor":1.0,"turns":4.0},{"damage":0.0,"enemies":"2 Louse","floor":5.0,"turns":4.0},{"damage":1.0,"enemies":"Cultist","floor":7.0,"turns":3.0},{"damage":3,"enemies":"Large Slime","floor":11,"turns":6},{"damage":2,"enemies":"3 Louse","floor":13,"turns":2},{"damage":2,"enemies":"Looter","floor":14,"turns":3},{"damage":77,"enemies":"Hexaghost","floor":16,"turns":14}],"seed_played":"4604462063615315061","potions_obtained":[{"floor":1.0,"key":"EssenceOfSteel"},{"floor":13,"key":"SkillPotion"}],"is_trial":false,"path_per_floor":["M","?","?","$","M","R","M","R","T","?","M","R","M","M","R"],"character_chosen":"THE_SILENT","items_purchased":["Infinite Blades"],"campfire_rested":1,"item_purchase_floors":[4],"current_hp_per_floor":[69,58,58,58,58,58,57,57,57,57,54,79,77,75,75,0],"gold":99,"neow_bonus":"TWENTY_PERCENT_HP_BONUS","is_prod":false,"is_daily":false,"chose_seed":false,"campfire_upgraded":3,"win_rate":0,"timestamp":1531168679,"path_taken":["M","?","?","$","M","R","M","R","T","?","M","R","M","M","R","BOSS"],"build_version":"2018-07-05","purchased_purges":1,"victory":false,"max_hp_per_floor":[84,84,84,84,84,84,84,84,84,84,84,84,84,84,84,84],"card_choices":[{"not_picked":["Slice","Accuracy"],"picked":"Flying Knee","floor":1.0},{"not_picked":["Dagger Throw","Deflect"],"picked":"Backstab","floor":5.0},{"not_picked":["Underhanded Strike","Slice","Deflect"],"picked":"SKIP","floor":7.0},{"not_picked":["Slice","Cloak And Dagger"],"picked":"Acrobatics","floor":11},{"not_picked":["Bane","All Out Attack","Tactician"],"picked":"SKIP","floor":13},{"not_picked":["Setup","Bane","Masterful Stab"],"picked":"SKIP","floor":14}],"player_experience":212362,"relics_obtained":[{"floor":9,"key":"Ginger"}],"event_choices":[{"event_name":"World of Goop","player_choice":"Gather Gold","floor":2.0,"damage_taken":0.0},{"event_name":"The Cleric","player_choice":"Card Removal","floor":3.0,"damage_taken":0.0},{"event_name":"Liars Game","player_choice":"disagreed","floor":10,"damage_taken":0}],"boss_relics":[],"items_purged_floors":[4],"is_endless":false,"potions_floor_spawned":[1,13],"killed_by":"Hexaghost","ascension_level":0}