{"path_per_floor":["M","$","?","M","M","E","R","M","T","?","R","M","$","M","R","B",null,"M","M"],"character_chosen":"IRONCLAD","items_purchased":["Headbutt","Shrug It Off","Carnage"],"gold_per_floor":[110,31,31,48,68,95,95,110,110,110,110,126,49,60,60,160,160,180,196,196],"floor_reached":20,"campfire_rested":2,"playtime":2088,"item_purchase_floors":[2,2,13],"current_hp_per_floor":[72,72,72,72,72,34,58,65,65,58,82,86,86,86,86,18,86,54,21,21],"items_purged":[],"gold":196,"score":176,"play_id":"fa96d775-08df-4d08-bebc-d94f01e9cd01","local_time":"20180614140012","is_prod":false,"is_daily":false,"chose_seed":false,"is_ascension_mode":false,"campfire_upgraded":1,"win_rate":0.0,"timestamp":1528999212,"campfire_choices":[{"floor":7,"key":"REST"},{"floor":11,"key":"REST"},{"data":"Feed","floor":15,"key":"SMITH"}],"path_taken":["M","$","?","M","M","E","R","M","T","?","R","M","$","M","R","BOSS","M","M","M"],"build_version":"2018-06-07v3","seed_source_timestamp":107972079291851,"purchased_purges":0,"victory":false,"master_deck":["Strike_R","Strike_R","Strike_R","Strike_R","Strike_R","Defend_R","Defend_R","Defend_R","Defend_R","Bash","Shrug It Off","Headbutt","Shrug It Off","Pommel Strike","Uppercut","Feed+1","Clothesline","Carnage","Double Tap","Iron Wave","Dropkick","Armaments","Thunderclap","Rupture","Blood for Blood"],"max_hp_per_floor":[80,80,80,80,80,80,80,83,83,83,83,86,86,86,86,86,86,86,90,90],"relics":["Burning Blood","Magic Flower","Darkstone Periapt","Dodecahedron","Orrery"],"card_choices":[{"not_picked":["Iron Wave","True Grit"],"picked":"Shrug It Off","floor":1},{"not_picked":["True Grit","Combust"],"picked":"Pommel Strike","floor":4},{"not_picked":["Cleave","Headbutt"],"picked":"Uppercut","floor":5},{"not_picked":["Rupture","Ghostly Armor"],"picked":"Feed","floor":6},{"not_picked":["Anger","Cleave"],"picked":"Clothesline","floor":8},{"not_picked":["Body Slam","Flex","Headbutt"],"picked":"SKIP","floor":12},{"not_picked":["Perfected Strike","Thunderclap","Pommel Strike"],"picked":"SKIP","floor":14},{"not_picked":["Berserk","Demon Form"],"picked":"Double Tap","floor":16},{"not_picked":["Sword Boomerang","Anger"],"picked":"Iron Wave","floor":17},{"not_picked":["Body Slam","Sword Boomerang"],"picked":"Dropkick","floor":17},{"not_picked":["Flex","Cleave"],"picked":"Armaments","floor":17},{"not_picked":["True Grit","Clash"],"picked":"Thunderclap","floor":17},{"not_picked":["Pommel Strike","Anger"],"picked":"Rupture","floor":17},{"not_picked":["Body Slam","Anger","Thunderclap"],"picked":"SKIP","floor":18},{"not_picked":["Iron Wave","Twin Strike"],"picked":"Blood for Blood","floor":19}],"player_experience":0,"potions_floor_usage":[16,16],"damage_taken":[{"damage":14,"enemies":"Small Slimes","floor":1,"turns":4},{"damage":6,"enemies":"2 Louse","floor":4,"turns":3},{"damage":6,"enemies":"Cultist","floor":5,"turns":3},{"damage":44,"enemies":"Lagavulin","floor":6,"turns":7},{"damage":7,"enemies":"3 Louse","floor":8,"turns":2},{"damage":0,"enemies":"Large Slime","floor":12,"turns":6},{"damage":1,"enemies":"Red Slaver","floor":14,"turns":4},{"damage":77,"enemies":"The Guardian","floor":16,"turns":14},{"damage":41,"enemies":"Spheric Guardian","floor":18,"turns":6},{"damage":48,"enemies":"Shell Parasite","floor":19,"turns":7},{"damage":0,"enemies":"Snake Plant","floor":20,"turns":1}],"relics_obtained":[{"floor":6,"key":"Magic Flower"},{"floor":9,"key":"Darkstone Periapt"}],"event_choices":[{"event_name":"Liars Game","player_choice":"disagreed","floor":3,"damage_taken":0},{"event_name":"Scrap Ooze","player_choice":"success","floor":10,"damage_taken":7}],"boss_relics":[{"not_picked":["Runic Pyramid","Black Star"],"picked":"Orrery"}],"items_purged_floors":[],"potions_floor_spawned":[5,8,14,19],"seed_played":"8704512801048320800","killed_by":"Snake Plant","ascension_level":0,"potions_obtained":[{"floor":5,"key":"Swift Potion"},{"floor":8,"key":"Ancient Potion"},{"floor":14,"key":"Block Potion"},{"floor":19,"key":"Weak Potion"}],"is_trial":false}