{"path_per_floor":["M","?","?","?","?","R","E","M","T","R","$","M","M","M","R","B",null,"M","M","M","M"],"character_chosen":"IRONCLAD","items_purchased":["Shrug It Off","Dramatic Entrance"],"gold_per_floor":[116,116,116,80,80,80,105,116,140,140,24,40,60,74,74,176,176,187,207,223,234,234],"floor_reached":22,"campfire_rested":0,"playtime":1672,"item_purchase_floors":[],"current_hp_per_floor":[80,80,80,80,80,80,72,78,78,78,78,80,77,80,80,31,80,77,55,60,24,0],"items_purged":[],"gold":234,"score":188,"play_id":"d6c1fd7f-0cba-49ea-b79d-ef065ab0c73a","local_time":"20180616123952","daily_mods":["Draft","Diverse"],"is_prod":false,"is_daily":false,"chose_seed":false,"is_ascension_mode":false,"campfire_upgraded":3,"win_rate":0.0,"timestamp":1529167192,"campfire_choices":[{"data":"Pommel Strike","floor":6.0,"key":"SMITH"},{"data":"Rebound","floor":10.0,"key":"SMITH"},{"data":"Dash","floor":15.0,"key":"SMITH"}],"path_taken":["M","?","?","?","?","R","E","M","T","R","$","M","?","M","R","BOSS","M","M","M","M","M"],"build_version":"2018-06-14v2","seed_source_timestamp":0,"purchased_purges":0,"victory":false,"master_deck":["Shrug It Off","Headbutt+1","Hologram","Pommel Strike+1","Genetic Algorithm","Conserve Battery","BootSequence+1","Rebound+1","Pommel Strike+1","Self Repair","Wild Strike","Leap","Inflame","Dodge and Roll","Rip and Tear","Cloak And Dagger","Aggregate","Shrug It Off","Dramatic Entrance","Pommel Strike","Dash+1","Conserve Battery","Phantasmal Killer","Quick Slash","Dagger Throw+1","Electrodynamics","Rip and Tear"],"max_hp_per_floor":[80,80,80,80,80,80,80,80,80,80,80,80,80,80,80,80,80,80,80,80,80,80],"special_seed":50471966854428,"relics":["Burning Blood","Lantern","Whetstone","Pandora\u0027s Box"],"card_choices":[{"not_picked":["Gash","Dagger Throw"],"picked":"Shrug It Off","floor":0.0},{"not_picked":["Gash","Flying Knee"],"picked":"Headbutt","floor":0.0},{"not_picked":["Hello World","Consume"],"picked":"Hologram","floor":0.0},{"not_picked":["Scrape","Coolheaded"],"picked":"Pommel Strike","floor":0.0},{"not_picked":["Wild Strike","Outmaneuver"],"picked":"Genetic Algorithm","floor":0.0},{"not_picked":["Prepared","Calculated Gamble"],"picked":"Cold Snap","floor":0.0},{"not_picked":["Eviscerate","Terror"],"picked":"Conserve Battery","floor":0.0},{"not_picked":["Flex","PiercingWail"],"picked":"BootSequence","floor":0.0},{"not_picked":["Shrug It Off","Body Slam"],"picked":"Rebound","floor":0.0},{"not_picked":["Dagger Spray","Acrobatics"],"picked":"Pommel Strike","floor":0.0},{"not_picked":["Catalyst","Heel Hook"],"picked":"Self Repair","floor":0.0},{"not_picked":["Quick Slash","Go for the Eyes"],"picked":"Wild Strike","floor":0.0},{"not_picked":["Undo","PiercingWail"],"picked":"Leap","floor":0.0},{"not_picked":["Chill","Acrobatics"],"picked":"Inflame","floor":0.0},{"not_picked":["Coolheaded","Reprogram"],"picked":"Dodge and Roll","floor":0.0},{"not_picked":["Compile Driver","Reflex","Well Laid Plans"],"picked":"SKIP","floor":1.0},{"not_picked":["Rip and Tear","Poisoned Stab"],"picked":"Cloak And Dagger","floor":7.0},{"not_picked":["PiercingWail","Deadly Poison"],"picked":"Aggregate","floor":8.0},{"not_picked":["Heel Hook","Underhanded Strike"],"picked":"Pommel Strike","floor":12.0},{"not_picked":["Headbutt","Sweeping Beam"],"picked":"Dash","floor":13.0},{"not_picked":["Pommel Strike","Corruption"],"picked":"Conserve Battery","floor":14.0},{"not_picked":["Corpse Explosion","Multi-Cast"],"picked":"Phantasmal Killer","floor":16.0},{"not_picked":["Conserve Battery","Eviscerate"],"picked":"Quick Slash","floor":18},{"not_picked":["Anger","Undo"],"picked":"Dagger Throw+1","floor":19},{"not_picked":["Sucker Punch+1","Tempest"],"picked":"Electrodynamics","floor":20},{"not_picked":["Redo","Heel Hook"],"picked":"Rip and Tear","floor":21}],"player_experience":75219,"potions_floor_usage":[20],"damage_taken":[{"damage":0.0,"enemies":"Jaw Worm","floor":1.0,"turns":3.0},{"damage":14.0,"enemies":"Gremlin Nob","floor":7.0,"turns":3.0},{"damage":0.0,"enemies":"2 Louse","floor":8.0,"turns":2.0},{"damage":0.0,"enemies":"Cultist","floor":12.0,"turns":2.0},{"damage":16.0,"enemies":"Exordium Thugs","floor":13.0,"turns":4.0},{"damage":0.0,"enemies":"2 Fungi Beasts","floor":14.0,"turns":3.0},{"damage":63.0,"enemies":"The Guardian","floor":16.0,"turns":9.0},{"damage":9,"enemies":"Shell Parasite","floor":18,"turns":5},{"damage":35,"enemies":"3 Byrds","floor":19,"turns":7},{"damage":9,"enemies":"Snecko","floor":20,"turns":5},{"damage":42,"enemies":"Snake Plant","floor":21,"turns":4},{"damage":24,"enemies":"Centurion and Healer","floor":22,"turns":5}],"relics_obtained":[{"floor":7.0,"key":"Lantern"},{"floor":9.0,"key":"Whetstone"}],"event_choices":[{"event_name":"Living Wall","player_choice":"Grow","floor":2.0,"damage_taken":0.0},{"event_name":"Transmorgrifier","player_choice":"Transform","floor":3.0,"damage_taken":0.0},{"event_name":"World of Goop","player_choice":"Left","floor":4.0,"damage_taken":0.0},{"event_name":"Golden Idol","player_choice":"Ignored","floor":5.0,"damage_taken":0.0}],"boss_relics":[{"not_picked":["Empty Cage","Runic Pyramid"],"picked":"Pandora\u0027s Box"}],"items_purged_floors":[],"is_endless":false,"potions_floor_spawned":[13,16,19,21],"seed_played":"265267501175894117","killed_by":"Centurion and Healer","ascension_level":0,"potions_obtained":[{"floor":13.0,"key":"BloodPotion"},{"floor":16.0,"key":"FearPotion"},{"floor":19,"key":"BloodPotion"},{"floor":21,"key":"FearPotion"}],"is_trial":false}