{"gold_per_floor":[114,84,99,115,39,39,39,39,116,391,391,408,43,60,60,60],"floor_reached":16,"playtime":1680,"items_purged":["Regret"],"score":180,"play_id":"b6ec9a93-6cdc-43dc-96e5-22e27b13d30a","local_time":"20190308090529","is_ascension_mode":true,"campfire_choices":[{"data":"Zap","floor":6,"key":"SMITH"},{"data":"Dualcast","floor":8,"key":"SMITH"},{"data":"Reinforced Body","floor":11,"key":"SMITH"},{"floor":15,"key":"REST"}],"neow_cost":"PERCENT_DAMAGE","seed_source_timestamp":120197456499700,"circlet_count":0,"master_deck":["AscendersBane","Strike_B","Strike_B","Strike_B","Strike_B","Defend_B","Defend_B","Defend_B","Defend_B","Zap+1","Dualcast+1","Ball Lightning","Reinforced Body+1","Leap","Core Surge","Go for the Eyes","Beam Cell"],"relics":["Cracked Core","Peace Pipe","Ornamental Fan","Lantern","Tiny Chest"],"potions_floor_usage":[16,16],"damage_taken":[{"damage":1,"enemies":"Cultist","floor":1,"turns":3},{"damage":7,"enemies":"Small Slimes","floor":3,"turns":3},{"damage":0,"enemies":"2 Louse","floor":4,"turns":3},{"damage":15,"enemies":"Lots of Slimes","floor":12,"turns":3},{"damage":11,"enemies":"Large Slime","floor":14,"turns":5},{"damage":36,"enemies":"Hexaghost","floor":16,"turns":9}],"seed_played":"779120161675215462","potions_obtained":[{"floor":2,"key":"LiquidBronze"},{"floor":2,"key":"GamblersBrew"}],"is_trial":false,"path_per_floor":["M","?","M","M","$","R","$","R","T","?","R","M","$","M","R","B"],"character_chosen":"DEFECT","items_purchased":["Core Surge","Lantern","Tiny Chest"],"campfire_rested":1,"item_purchase_floors":[5,13,13],"current_hp_per_floor":[45,45,38,38,38,38,38,38,38,38,38,23,23,12,33,0],"gold":60,"neow_bonus":"ONE_RARE_RELIC","is_prod":false,"is_daily":false,"chose_seed":false,"campfire_upgraded":3,"win_rate":0,"timestamp":1552064729,"path_taken":["M","?","?","M","?","R","$","R","T","?","R","M","$","M","R","BOSS"],"build_version":"2019-02-06","purchased_purges":1,"victory":false,"max_hp_per_floor":[71,71,71,71,71,71,71,71,71,71,71,71,71,71,71,71],"card_choices":[{"not_picked":["Gash","BootSequence"],"picked":"Ball Lightning","floor":1},{"not_picked":["Undo","Streamline"],"picked":"Reinforced Body","floor":3},{"not_picked":["Rebound","Streamline"],"picked":"Leap","floor":4},{"not_picked":["Leap","Redo"],"picked":"Go for the Eyes","floor":12},{"not_picked":["Auto Shields","Leap"],"picked":"Beam Cell","floor":14}],"player_experience":3347858,"relics_obtained":[{"floor":9,"key":"Ornamental Fan"}],"event_choices":[{"damage_healed":0,"gold_gain":0,"player_choice":"Bought 2 Potions","damage_taken":0,"max_hp_gain":0,"max_hp_loss":0,"event_name":"The Woman in Blue","floor":2,"gold_loss":0},{"damage_healed":0,"gold_gain":275,"player_choice":"Desecrate","damage_taken":0,"max_hp_gain":0,"max_hp_loss":0,"event_name":"Golden Shrine","floor":10,"gold_loss":0,"cards_obtained":["Regret"]}],"is_beta":true,"boss_relics":[],"items_purged_floors":[13],"is_endless":false,"potions_floor_spawned":[4,12],"killed_by":"Hexaghost","ascension_level":20}