{"gold_per_floor":[115,190,190,26,36,62,62,76,102,115,131,31,47,67,67,166,216,230,38,55,74,0,0,0,18,18,18,18,18,18,81,81,81],"floor_reached":33,"playtime":1322,"items_purged":["Flex","Uppercut"],"score":292,"play_id":"660bedb7-05e2-495c-beab-2bf54daa1234","local_time":"20190207193232","daily_mods":["Draft"],"is_ascension_mode":false,"campfire_choices":[{"data":"Inflame","floor":7,"key":"SMITH"},{"data":"Wild Strike","floor":15,"key":"SMITH"},{"data":"Apotheosis","floor":23,"key":"SMITH"},{"floor":27,"key":"REST"},{"floor":29,"key":"REST"},{"data":"Dramatic Entrance","floor":32,"key":"SMITH"}],"neow_cost":"","seed_source_timestamp":457192954220445,"circlet_count":0,"master_deck":["Infernal Blade","Inflame+1","Shrug It Off","Shrug It Off","Armaments+1","Twin Strike","Wild Strike+1","Shrug It Off","True Grit","Havoc","Cleave","Thunderclap","Iron Wave","Dramatic Entrance+1","Wild Strike","Anger","Fiend Fire","Apotheosis+1"],"relics":["Burning Blood","Regal Pillow","Orichalcum","Tiny House","Enchiridion","Blue Candle","Tiny Chest"],"potions_floor_usage":[16,16,25,31,33],"damage_taken":[{"damage":2,"enemies":"Small Slimes","floor":1,"turns":3},{"damage":0,"enemies":"2 Louse","floor":5,"turns":1},{"damage":22,"enemies":"Gremlin Nob","floor":6,"turns":4},{"damage":6,"enemies":"Cultist","floor":8,"turns":3},{"damage":0,"enemies":"Lots of Slimes","floor":10,"turns":3},{"damage":20,"enemies":"Gremlin Gang","floor":11,"turns":3},{"damage":1,"enemies":"Blue Slaver","floor":13,"turns":2},{"damage":4,"enemies":"Large Slime","floor":14,"turns":4},{"damage":22,"enemies":"Slime Boss","floor":16,"turns":9},{"damage":12,"enemies":"3 Byrds","floor":18,"turns":4},{"damage":13,"enemies":"Shell Parasite","floor":20,"turns":4},{"damage":33,"enemies":"Centurion and Healer","floor":21,"turns":5},{"damage":20,"enemies":"Cultist and Chosen","floor":25,"turns":5},{"damage":2,"enemies":"Gremlin Leader","floor":31,"turns":3},{"damage":85,"enemies":"Automaton","floor":33,"turns":8}],"seed_played":"-2317194014985016121","potions_obtained":[{"floor":1,"key":"FearPotion"},{"floor":6,"key":"SkillPotion"},{"floor":13,"key":"SkillPotion"},{"floor":17,"key":"Explosive Potion"},{"floor":18,"key":"Swift Potion"},{"floor":31,"key":"Dexterity Potion"}],"is_trial":true,"path_per_floor":["M","?","?","$","M","E","R","M","T","M","M","$","M","M","R","B",null,"M","$","M","M","?","R","?","M","T","R","$","R","?","E","R","B"],"character_chosen":"IRONCLAD","items_purchased":["Dramatic Entrance","Apotheosis"],"campfire_rested":2,"item_purchase_floors":[4,19],"current_hp_per_floor":[80,69,69,69,75,59,59,59,59,65,51,51,56,58,58,42,85,79,79,72,45,45,45,29,15,15,55,55,85,85,85,85,0],"gold":81,"neow_bonus":"","is_prod":false,"is_daily":false,"chose_seed":false,"campfire_upgraded":4,"win_rate":0.0,"timestamp":1549585952,"path_taken":["M","?","?","$","M","E","R","M","T","?","M","?","M","M","R","BOSS","M","$","?","M","?","R","?","M","T","R","$","R","?","E","R","BOSS"],"build_version":"2019-01-23","purchased_purges":2,"victory":false,"max_hp_per_floor":[80,80,80,80,80,80,80,80,80,80,80,80,80,80,80,80,85,85,85,85,85,85,85,85,85,85,85,85,85,85,85,85,85],"card_choices":[{"not_picked":["Power Through","Flex"],"picked":"Infernal Blade","floor":0},{"not_picked":["Havoc","Anger"],"picked":"Inflame","floor":0},{"not_picked":["Rupture","Disarm"],"picked":"Uppercut","floor":0},{"not_picked":["Metallicize","Anger"],"picked":"Shrug It Off","floor":0},{"not_picked":["Headbutt","Flex"],"picked":"Shrug It Off","floor":0},{"not_picked":["Shrug It Off","Flex"],"picked":"Armaments","floor":0},{"not_picked":["Warcry","Flex"],"picked":"Twin Strike","floor":0},{"not_picked":["Clash","Warcry"],"picked":"Wild Strike","floor":0},{"not_picked":["Body Slam","Evolve"],"picked":"Flex","floor":0},{"not_picked":["Warcry","Rupture"],"picked":"Shrug It Off","floor":0},{"not_picked":["Armaments","Flex"],"picked":"Fire Breathing","floor":0},{"not_picked":["Havoc","Flame Barrier"],"picked":"True Grit","floor":0},{"not_picked":["Blood for Blood","Warcry"],"picked":"Havoc","floor":0},{"not_picked":["Blood for Blood","Dropkick"],"picked":"Cleave","floor":0},{"not_picked":["Dual Wield","Heavy Blade"],"picked":"Thunderclap","floor":0},{"not_picked":["Body Slam","Dropkick","Sword Boomerang"],"picked":"SKIP","floor":1},{"not_picked":["Warcry","Shrug It Off","Clothesline"],"picked":"SKIP","floor":5},{"not_picked":["Battle Trance","Immolate"],"picked":"Wild Strike","floor":6},{"not_picked":["Anger","Flame Barrier","Heavy Blade"],"picked":"SKIP","floor":8},{"not_picked":["Perfected Strike","Entrench"],"picked":"Anger","floor":10},{"not_picked":["Warcry","Clothesline"],"picked":"Fiend Fire","floor":11},{"not_picked":["Sentinel","Havoc","Iron Wave"],"picked":"SKIP","floor":13},{"not_picked":["Clash","Dual Wield","Ghostly Armor"],"picked":"SKIP","floor":14},{"not_picked":["Dual Wield","Burning Pact","Cleave"],"picked":"SKIP","floor":18},{"not_picked":["Pummel","Shrug It Off","Havoc"],"picked":"SKIP","floor":20},{"not_picked":["Brutality","Sword Boomerang","Pommel Strike"],"picked":"SKIP","floor":21},{"not_picked":["Searing Blow","Hemokinesis","Flame Barrier"],"picked":"SKIP","floor":25},{"not_picked":["Entrench","Havoc","Sword Boomerang"],"picked":"SKIP","floor":31}],"player_experience":355033,"relics_obtained":[{"floor":6,"key":"Regal Pillow"},{"floor":9,"key":"Orichalcum"},{"floor":24,"key":"Enchiridion"},{"floor":26,"key":"Blue Candle"},{"floor":31,"key":"Tiny Chest"}],"event_choices":[{"damage_healed":0,"gold_gain":75,"player_choice":"Gather Gold","damage_taken":11,"max_hp_gain":0,"max_hp_loss":0,"event_name":"World of Goop","floor":2,"gold_loss":0},{"cards_removed":["Fire Breathing"],"damage_healed":0,"gold_gain":0,"player_choice":"Took Card","damage_taken":0,"max_hp_gain":0,"max_hp_loss":0,"event_name":"NoteForYourself","floor":3,"gold_loss":0,"cards_obtained":["Iron Wave"]},{"damage_healed":0,"gold_gain":0,"player_choice":"Paid Fearfully","damage_taken":0,"max_hp_gain":0,"max_hp_loss":0,"event_name":"Masked Bandits","floor":22,"gold_loss":74},{"damage_healed":0,"gold_gain":0,"player_choice":"Obtained Book","damage_taken":16,"max_hp_gain":0,"max_hp_loss":0,"event_name":"Cursed Tome","floor":24,"gold_loss":0},{"damage_healed":0,"gold_gain":0,"player_choice":"Ignored","damage_taken":0,"max_hp_gain":0,"max_hp_loss":0,"event_name":"Ghosts","floor":30,"gold_loss":0}],"is_beta":false,"boss_relics":[{"not_picked":["Coffee Dripper","Eternal Feather"],"picked":"Tiny House"}],"items_purged_floors":[4,12],"is_endless":false,"potions_floor_spawned":[1,6,13,18,31],"killed_by":"Automaton","ascension_level":0}