{"gold_per_floor":[118,19,19,32,32,366,366,385,385,402,402,402,413,438,438,537,537,553,569,31,31,45,45,72,72],"floor_reached":25,"playtime":1078,"items_purged":["Dualcast","Echo Form"],"score":256,"play_id":"cbc80d83-e47f-4481-82a5-9dbb9024d475","local_time":"20180625212909","is_ascension_mode":false,"campfire_choices":[{"data":"Chaos","floor":7,"key":"SMITH"},{"floor":11,"key":"REST"},{"floor":15,"key":"REST"},{"floor":23,"key":"REST"}],"neow_cost":"NONE","seed_source_timestamp":309495985625946,"circlet_count":0,"master_deck":["Strike_B+1","Defend_B+1","Defend_B","Defend_B","Zap","Gash","Chaos+1","Turbo","Ball Lightning","Ball Lightning","Biased Cognition","Lockon+1","Reinforced Body+1","Stack+1","Streamline+1","Compile Driver+1","Ball Lightning"],"relics":["Cracked Core","NeowsBlessing","Old Coin","Turnip","Vajra","Astrolabe","Ice Cream","Omamori","Bronze Scales"],"potions_floor_usage":[14,16,16,22,25],"damage_taken":[{"damage":0,"enemies":"Cultist","floor":1,"turns":1},{"damage":0,"enemies":"Jaw Worm","floor":4,"turns":1},{"damage":0,"enemies":"3 Sentries","floor":6,"turns":1},{"damage":5,"enemies":"Small Slimes","floor":8,"turns":3},{"damage":11,"enemies":"3 Louse","floor":10,"turns":3},{"damage":8,"enemies":"2 Fungi Beasts","floor":13,"turns":4},{"damage":24,"enemies":"Gremlin Nob","floor":14,"turns":4},{"damage":8,"enemies":"Hexaghost","floor":16,"turns":8},{"damage":11,"enemies":"Chosen","floor":18,"turns":4},{"damage":18,"enemies":"2 Thieves","floor":19,"turns":4},{"damage":7,"enemies":"Cultist and Chosen","floor":22,"turns":4},{"damage":50,"enemies":"Slavers","floor":24,"turns":6},{"damage":12,"enemies":"Centurion and Healer","floor":25,"turns":3}],"seed_played":"7893353448656984924","potions_obtained":[{"floor":6,"key":"Weak Potion"},{"floor":8,"key":"Regen Potion"},{"floor":13,"key":"AttackPotion"},{"floor":19,"key":"Poison Potion"},{"floor":21,"key":"Swift Potion"},{"floor":21,"key":"Weak Potion"},{"floor":22,"key":"Strength Potion"}],"is_trial":false,"path_per_floor":["M","$","?","M","?","E","R","M","T","M","R","?","M","E","R","B",null,"M","M","$","?","M","R","E"],"character_chosen":"DEFECT","items_purchased":["Gash","Ice Cream","Omamori"],"campfire_rested":3,"item_purchase_floors":[2,20,20],"current_hp_per_floor":[75,75,75,75,60,60,60,55,55,44,66,66,58,34,56,63,75,64,46,46,46,39,61,11,0],"gold":72,"neow_bonus":"THREE_ENEMY_KILL","is_prod":false,"is_daily":false,"chose_seed":false,"campfire_upgraded":1,"win_rate":0.0,"timestamp":1529976549,"path_taken":["M","$","?","?","?","E","R","?","T","?","R","?","M","E","R","BOSS","M","M","$","?","M","R","E","M"],"build_version":"2018-06-21v2","purchased_purges":2,"victory":false,"max_hp_per_floor":[75,75,75,75,75,75,75,75,75,75,75,75,75,75,75,75,75,75,75,75,75,75,75,75,75],"card_choices":[{"not_picked":["Sweeping Beam","Storm","Steam"],"picked":"SKIP","floor":1},{"not_picked":["FTL","Leap"],"picked":"Chaos","floor":4},{"not_picked":["Hologram","Force Field"],"picked":"Echo Form","floor":6},{"not_picked":["Scrape","Chill"],"picked":"Turbo","floor":8},{"not_picked":["Coolheaded","Force Field","Hologram"],"picked":"SKIP","floor":10},{"not_picked":["Rebound","Steam Power"],"picked":"Ball Lightning","floor":13},{"not_picked":["Barrage","Doom and Gloom"],"picked":"Ball Lightning","floor":14},{"not_picked":["Creative AI","Multi-Cast"],"picked":"Biased Cognition","floor":16},{"not_picked":["Turbo","Skim+1"],"picked":"Streamline+1","floor":18},{"not_picked":["Hologram","Loop"],"picked":"Compile Driver+1","floor":19},{"not_picked":["Go for the Eyes","Conserve Battery","Hologram"],"picked":"SKIP","floor":22},{"not_picked":["Steam+1","Reinforced Body"],"picked":"Ball Lightning","floor":24}],"player_experience":176071,"relics_obtained":[{"floor":6,"key":"Old Coin"},{"floor":9,"key":"Turnip"},{"floor":14,"key":"Vajra"},{"floor":24,"key":"Bronze Scales"}],"event_choices":[{"event_name":"Liars Game","player_choice":"disagreed","floor":3,"damage_taken":0},{"event_name":"Shining Light","player_choice":"Entered Light","floor":5,"damage_taken":0},{"event_name":"Bonfire Elementals","player_choice":"BASIC","floor":12,"damage_taken":0},{"event_name":"The Lab","player_choice":"Got Potions","floor":21,"damage_taken":0}],"boss_relics":[{"not_picked":["White Beast Statue","Runic Dome"],"picked":"Astrolabe"}],"items_purged_floors":[2,20],"is_endless":false,"potions_floor_spawned":[6,8,13,19,22],"killed_by":"Centurion and Healer","ascension_level":0}