{"path_per_floor":["M","M","M","M","?","R","M","M","T","M","M","E","R","M","R","B",null,"M","$","M","$"],"character_chosen":"THE_SILENT","items_purchased":["Tough Bandages","Backstab"],"gold_per_floor":[115,128,141,156,156,156,168,185,239,251,271,299,299,309,309,408,408,425,28,39,39,39],"floor_reached":22,"campfire_rested":3,"playtime":1864,"item_purchase_floors":[19,19],"current_hp_per_floor":[70,70,70,59,59,70,69,68,68,65,63,44,65,63,70,27,70,40,40,21,21,0],"items_purged":["Choke"],"gold":39,"score":192,"play_id":"2cd7b662-e823-4d1b-be07-a5163819ec8c","local_time":"20180616153340","is_prod":false,"is_daily":false,"chose_seed":false,"is_ascension_mode":false,"campfire_upgraded":0,"win_rate":0.0,"timestamp":1529177620,"campfire_choices":[{"floor":6,"key":"REST"},{"floor":13,"key":"REST"},{"floor":15,"key":"REST"}],"path_taken":["M","M","M","?","?","R","M","M","T","M","M","E","R","?","R","BOSS","M","$","M","$","M"],"build_version":"2018-06-14v2","seed_source_timestamp":67509719971630,"purchased_purges":1,"victory":false,"master_deck":["Defend_G","Defend_G","Defend_G","Defend_G","Defend_G","Strike_G","Strike_G","Survivor","Neutralize","Flechettes+1","Dodge and Roll","Quick Slash","Dagger Throw","Infinite Blades","Flying Knee","Bullet Time","Blur","Riddle With Holes","Malaise","Acrobatics","Adrenaline","Choke+1","Choke+1","Expertise+1","Backstab","Dash"],"max_hp_per_floor":[70,70,70,70,70,70,70,70,70,70,70,70,70,70,70,70,70,70,70,70,70,70],"relics":["Ring of the Snake","Dream Catcher","Lantern","Pen Nib","Astrolabe","Tough Bandages"],"card_choices":[{"not_picked":["Bouncing Flask","Bane"],"picked":"Flechettes","floor":1},{"not_picked":["Escape Plan","Noxious Fumes"],"picked":"Dodge and Roll","floor":2},{"not_picked":["PiercingWail","Deflect"],"picked":"Quick Slash","floor":3},{"not_picked":["Flying Knee","Escape Plan"],"picked":"Choke","floor":4},{"not_picked":["Deadly Poison","Noxious Fumes"],"picked":"Dagger Throw","floor":6},{"not_picked":["Outmaneuver","Finisher"],"picked":"Infinite Blades","floor":7},{"not_picked":["Masterful Stab","Acrobatics"],"picked":"Flying Knee","floor":8},{"not_picked":["Calculated Gamble","Deadly Poison"],"picked":"Bullet Time","floor":10},{"not_picked":["Sucker Punch","Flying Knee","Prepared"],"picked":"SKIP","floor":11},{"not_picked":["Slice","Venomology"],"picked":"Blur","floor":12},{"not_picked":["Bane","Catalyst"],"picked":"Riddle With Holes","floor":13},{"not_picked":["Deflect","Dagger Spray"],"picked":"Malaise","floor":14},{"not_picked":["Sucker Punch","Flying Knee"],"picked":"Acrobatics","floor":15},{"not_picked":["Unload","Tactician"],"picked":"Adrenaline","floor":16},{"not_picked":["Reflex","Prepared","Bane+1"],"picked":"SKIP","floor":18},{"not_picked":["Footwork","Sucker Punch"],"picked":"Dash","floor":20}],"player_experience":84898,"potions_floor_usage":[10,12,16],"damage_taken":[{"damage":0,"enemies":"Cultist","floor":1,"turns":4},{"damage":0,"enemies":"Jaw Worm","floor":2,"turns":3},{"damage":0,"enemies":"2 Louse","floor":3,"turns":4},{"damage":11,"enemies":"Red Slaver","floor":4,"turns":5},{"damage":1,"enemies":"Looter","floor":7,"turns":4},{"damage":1,"enemies":"2 Fungi Beasts","floor":8,"turns":4},{"damage":3,"enemies":"Lots of Slimes","floor":10,"turns":3},{"damage":2,"enemies":"Exordium Thugs","floor":11,"turns":4},{"damage":19,"enemies":"3 Sentries","floor":12,"turns":6},{"damage":2,"enemies":"Exordium Wildlife","floor":14,"turns":4},{"damage":43,"enemies":"The Guardian","floor":16,"turns":11},{"damage":30,"enemies":"Spheric Guardian","floor":18,"turns":6},{"damage":19,"enemies":"Chosen","floor":20,"turns":4},{"damage":25,"enemies":"Slaver and Parasite","floor":22,"turns":3}],"relics_obtained":[{"floor":9,"key":"Lantern"},{"floor":12,"key":"Pen Nib"}],"event_choices":[{"event_name":"Accursed Blacksmith","player_choice":"Forge","floor":5,"damage_taken":0}],"boss_relics":[{"not_picked":["Philosopher\u0027s Stone","Orrery"],"picked":"Astrolabe"}],"items_purged_floors":[19],"is_endless":false,"potions_floor_spawned":[1,7,8,14,16],"seed_played":"-5767671151152427874","killed_by":"Slaver and Parasite","ascension_level":0,"potions_obtained":[{"floor":1,"key":"Explosive Potion"},{"floor":7,"key":"SkillPotion"},{"floor":8,"key":"PowerPotion"},{"floor":14,"key":"SpeedPotion"},{"floor":16,"key":"SpeedPotion"}],"is_trial":false}