{"gold_per_floor":[114,114,114,114,128,128,143,143,198,212,230,230,82,82,82,206,206,221,241,254,254],"floor_reached":21,"playtime":687,"items_purged":["Underhanded Strike"],"score":171,"play_id":"ee3c5138-a832-49b2-96fa-80358bb9c4ae","local_time":"20180804155847","daily_mods":["Draft"],"is_ascension_mode":false,"campfire_choices":[{"floor":6,"key":"REST"},{"data":"Bane","floor":8,"key":"SMITH"},{"floor":12,"key":"REST"},{"data":"Endless Agony","floor":15,"key":"SMITH"}],"neow_cost":"","seed_source_timestamp":108500234172508,"circlet_count":0,"master_deck":["Backflip","Outmaneuver","Bane","Cloak And Dagger","Deadly Poison","Slice","Dagger Throw","Flying Knee","Dodge and Roll","Bane+1","Crippling Poison+1","Backflip","Prepared","Backflip","Footwork","Endless Agony+1","Adrenaline","Noxious Fumes","Flying Knee","Bane"],"relics":["Ring of the Snake","Snake Skull","Regal Pillow","Golden Idol","WristBlade"],"potions_floor_usage":[21],"damage_taken":[{"damage":2,"enemies":"Jaw Worm","floor":1,"turns":2},{"damage":0,"enemies":"Small Slimes","floor":5,"turns":2},{"damage":4,"enemies":"2 Louse","floor":7,"turns":2},{"damage":9,"enemies":"2 Fungi Beasts","floor":10,"turns":2},{"damage":12,"enemies":"Blue Slaver","floor":11,"turns":2},{"damage":34,"enemies":"The Guardian","floor":16,"turns":8},{"damage":6,"enemies":"Chosen","floor":18,"turns":3},{"damage":25,"enemies":"Spheric Guardian","floor":19,"turns":4},{"damage":20,"enemies":"Chosen and Byrds","floor":20,"turns":5},{"damage":21,"enemies":"Centurion and Healer","floor":21,"turns":3}],"seed_played":"-4587227786694230996","potions_obtained":[{"floor":5,"key":"EssenceOfSteel"},{"floor":7,"key":"Swift Potion"},{"floor":10,"key":"Block Potion"},{"floor":19,"key":"Explosive Potion"}],"is_trial":true,"path_per_floor":["M","?","?","?","M","R","M","R","T","M","M","R","$","?","R","B",null,"M","M","M"],"character_chosen":"THE_SILENT","items_purchased":["Endless Agony"],"campfire_rested":2,"item_purchase_floors":[13],"current_hp_per_floor":[68,73,66,66,66,75,71,71,71,62,50,75,75,69,69,35,69,63,38,18,0],"gold":254,"neow_bonus":"","is_prod":false,"is_daily":false,"chose_seed":false,"campfire_upgraded":2,"win_rate":0,"timestamp":1533412727,"path_taken":["M","?","?","?","M","R","M","R","T","?","M","R","?","?","R","BOSS","M","?","M","M"],"build_version":"2018-08-02","purchased_purges":1,"victory":false,"max_hp_per_floor":[70,75,75,75,75,75,75,75,75,75,75,75,75,69,69,69,69,69,69,69,69],"card_choices":[{"not_picked":["Prepared","Outmaneuver"],"picked":"Backflip","floor":0},{"not_picked":["Heel Hook","Eviscerate"],"picked":"Outmaneuver","floor":0},{"not_picked":["Catalyst","Setup"],"picked":"Bane","floor":0},{"not_picked":["Expertise","Outmaneuver"],"picked":"Cloak And Dagger","floor":0},{"not_picked":["Underhanded Strike","Deflect"],"picked":"Deadly Poison","floor":0},{"not_picked":["Deflect","Tactician"],"picked":"Slice","floor":0},{"not_picked":["Dodge and Roll","Terror"],"picked":"Dagger Throw","floor":0},{"not_picked":["Outmaneuver","Predator"],"picked":"Flying Knee","floor":0},{"not_picked":["Deadly Poison","Dagger Throw"],"picked":"Dodge and Roll","floor":0},{"not_picked":["Outmaneuver","Choke"],"picked":"Bane","floor":0},{"not_picked":["Masterful Stab","Outmaneuver"],"picked":"Crippling Poison","floor":0},{"not_picked":["Deflect","Eviscerate"],"picked":"Backflip","floor":0},{"not_picked":["Escape Plan","Backflip"],"picked":"Prepared","floor":0},{"not_picked":["Reflex","Terror"],"picked":"Backflip","floor":0},{"not_picked":["Prepared","Heel Hook"],"picked":"Underhanded Strike","floor":0},{"not_picked":["Catalyst","Underhanded Strike"],"picked":"Footwork","floor":1},{"not_picked":["Outmaneuver","Prepared","Underhanded Strike"],"picked":"SKIP","floor":5},{"not_picked":["Choke","Underhanded Strike","Quick Slash"],"picked":"SKIP","floor":7},{"not_picked":["Expertise","Accuracy","PiercingWail"],"picked":"SKIP","floor":10},{"not_picked":["Caltrops","Skewer","Deflect"],"picked":"SKIP","floor":11},{"not_picked":["Envenom","Die Die Die"],"picked":"Adrenaline","floor":16},{"not_picked":["All Out Attack","Expertise"],"picked":"Noxious Fumes","floor":18},{"not_picked":["Flechettes","Calculated Gamble+1"],"picked":"Flying Knee","floor":19},{"not_picked":["Flying Knee","Choke"],"picked":"Bane","floor":20}],"player_experience":304067,"relics_obtained":[{"floor":9,"key":"Regal Pillow"}],"event_choices":[{"event_name":"Big Fish","player_choice":"Donut","floor":2,"damage_taken":0},{"event_name":"Scrap Ooze","player_choice":"success","floor":3,"damage_taken":7},{"event_name":"Living Wall","player_choice":"Grow","floor":4,"damage_taken":0},{"event_name":"Golden Idol","player_choice":"Lose Max HP","floor":14,"damage_taken":0}],"is_beta":false,"boss_relics":[{"not_picked":["Ring of the Serpent","Black Star"],"picked":"WristBlade"}],"items_purged_floors":[13],"is_endless":false,"potions_floor_spawned":[5,7,10,19],"killed_by":"Centurion and Healer","ascension_level":0}