{"gold_per_floor":[109,128,148,163,173,173,248,198,198,198,198,43,70,95,107,219,231,253,265,297,323,335,347,259,273,327,327,337,187,198,210,210,315,315,329,329,329,349,369,369,117,117,117,117,127,143,143,143,143,143],"floor_reached":50,"playtime":1519,"items_purged":["Bash","Defend_R+1","Defend_R+1"],"score":446,"play_id":"27a5b6d1-8f7f-46e2-afae-e64a2cb5ada3","local_time":"20180804125109","is_ascension_mode":false,"campfire_choices":[{"data":"Perfected Strike","floor":6,"key":"SMITH"},{"data":"Flex","floor":10,"key":"SMITH"},{"data":"Perfected Strike","floor":15,"key":"SMITH"},{"floor":23,"key":"REST"},{"data":"Double Tap","floor":27,"key":"SMITH"},{"data":"Wild Strike","floor":32,"key":"SMITH"},{"floor":40,"key":"REST"},{"data":"Perfected Strike","floor":42,"key":"SMITH"},{"data":"Offering","floor":44,"key":"SMITH"},{"floor":49,"key":"REST"}],"neow_cost":"NONE","seed_source_timestamp":96854405714549,"circlet_count":0,"master_deck":["Strike_R+1","Strike_R+1","Strike_R+1","Strike_R+1","Strike_R+1","Defend_R+1","Defend_R+1","Wild Strike+1","Perfected Strike+1","Shrug It Off","Flex+1","Double Tap+1","Perfected Strike+1","Offering+1","Wild Strike+1","Shrug It Off+1","Inflame+1","Perfected Strike+1","Flex+1","Writhe"],"relics":["Black Blood","Vajra","MawBank","Sozu","Dream Catcher","Shovel","Bottled Lightning","Frozen Egg 2"],"potions_floor_usage":[16,16],"damage_taken":[{"damage":17,"enemies":"Cultist","floor":1,"turns":5},{"damage":0,"enemies":"Small Slimes","floor":2,"turns":3},{"damage":7,"enemies":"2 Louse","floor":3,"turns":3},{"damage":0,"enemies":"2 Fungi Beasts","floor":4,"turns":2},{"damage":7,"enemies":"Looter","floor":5,"turns":3},{"damage":27,"enemies":"Gremlin Nob","floor":13,"turns":4},{"damage":0,"enemies":"Large Slime","floor":14,"turns":2},{"damage":53,"enemies":"Hexaghost","floor":16,"turns":9},{"damage":10,"enemies":"Spheric Guardian","floor":18,"turns":3},{"damage":17,"enemies":"3 Byrds","floor":20,"turns":4},{"damage":21,"enemies":"3 Cultists","floor":21,"turns":5},{"damage":15,"enemies":"Snake Plant","floor":25,"turns":3},{"damage":11,"enemies":"Slaver and Parasite","floor":28,"turns":3},{"damage":17,"enemies":"Centurion and Healer","floor":30,"turns":2},{"damage":0,"enemies":"Snecko","floor":31,"turns":2},{"damage":49,"enemies":"Collector","floor":33,"turns":5},{"damage":22,"enemies":"3 Darklings","floor":35,"turns":3},{"damage":31,"floor":36,"turns":4},{"damage":15,"enemies":"3 Shapes","floor":38,"turns":2},{"damage":12,"enemies":"Flame Bruiser 2 Orb","floor":39,"turns":2},{"damage":28,"enemies":"Sphere and 2 Shapes","floor":45,"turns":4},{"damage":16,"enemies":"Spire Growth","floor":46,"turns":3},{"damage":108,"enemies":"Time Eater","floor":50,"turns":7}],"seed_played":"-9102012667373930462","potions_obtained":[{"floor":4,"key":"PowerPotion"},{"floor":13,"key":"Fruit Juice"}],"is_trial":false,"path_per_floor":["M","M","M","M","M","R","?","?","T","R","?","$","E","M","R","B",null,"M","?","M","M","?","R","$","M","T","R","M","$","M","M","R","B",null,"M","?","?","M","M","R","$","R","T","R","M","M","?","?","R"],"character_chosen":"IRONCLAD","items_purchased":["Double Tap","Shrug It Off","Bottled Lightning"],"campfire_rested":3,"item_purchase_floors":[12,29,41],"current_hp_per_floor":[69,75,74,80,79,79,68,68,68,68,68,68,47,53,53,11,85,81,81,70,55,55,80,80,71,71,71,66,66,55,61,61,18,85,73,52,52,47,45,70,70,70,70,70,52,46,46,67,85,0],"gold":143,"neow_bonus":"ONE_RANDOM_RARE_CARD","is_prod":false,"is_daily":false,"chose_seed":false,"campfire_upgraded":7,"win_rate":0.0,"timestamp":1533401469,"path_taken":["M","M","?","M","M","R","?","?","T","R","?","?","E","?","R","BOSS","M","?","M","M","?","R","$","M","T","R","?","?","M","M","R","BOSS","M","?","?","M","M","R","$","R","T","R","M","M","?","?","R","BOSS"],"build_version":"2018-08-02","purchased_purges":3,"victory":false,"max_hp_per_floor":[80,80,80,80,80,80,80,80,80,80,80,80,80,80,80,85,85,85,85,85,85,85,85,85,85,85,85,85,85,85,85,85,85,85,85,85,85,85,85,85,85,85,85,85,85,85,85,85,85,85],"card_choices":[{"not_picked":["Sword Boomerang","Searing Blow"],"picked":"Wild Strike","floor":1},{"not_picked":["Metallicize","Shrug It Off"],"picked":"Perfected Strike","floor":2},{"not_picked":["Warcry","Heavy Blade","Twin Strike"],"picked":"SKIP","floor":3},{"not_picked":["Thunderclap","Intimidate"],"picked":"Shrug It Off","floor":4},{"not_picked":["Pommel Strike","Armaments"],"picked":"Flex","floor":5},{"not_picked":["Reckless Charge","Juggernaut","Body Slam"],"picked":"SKIP","floor":13},{"not_picked":["Armaments","Warcry"],"picked":"Perfected Strike","floor":14},{"not_picked":["Fiend Fire","Limit Break"],"picked":"Offering","floor":16},{"not_picked":["True Grit","Feel No Pain","Thunderclap"],"picked":"SKIP","floor":18},{"not_picked":["Iron Wave+1","Clash+1"],"picked":"Wild Strike+1","floor":20},{"not_picked":["Blood for Blood","Intimidate","Entrench"],"picked":"SKIP","floor":21},{"not_picked":["Spot Weakness","Rampage","Blood for Blood"],"picked":"SKIP","floor":25},{"not_picked":["True Grit","Twin Strike+1","Cleave"],"picked":"SKIP","floor":28},{"not_picked":["Headbutt","Spot Weakness","Shrug It Off"],"picked":"SKIP","floor":30},{"not_picked":["Pummel","Dual Wield","Sword Boomerang"],"picked":"SKIP","floor":31},{"not_picked":["Reckless Charge+1","Warcry+1","Shrug It Off"],"picked":"SKIP","floor":35},{"not_picked":["Anger+1","Disarm"],"picked":"Inflame+1","floor":36},{"not_picked":["Wild Strike","Havoc+1"],"picked":"Perfected Strike","floor":38},{"not_picked":["Rage","Power Through","Shrug It Off"],"picked":"SKIP","floor":39},{"not_picked":["Shockwave+1","Spot Weakness"],"picked":"Flex+1","floor":40},{"not_picked":["Brutality+1","Perfected Strike","Anger+1"],"picked":"SKIP","floor":45},{"not_picked":["Clothesline","Flame Barrier","True Grit+1"],"picked":"SKIP","floor":46}],"player_experience":302050,"relics_obtained":[{"floor":9,"key":"Vajra"},{"floor":13,"key":"MawBank"},{"floor":26,"key":"Dream Catcher"},{"floor":36,"key":"Shovel"},{"floor":43,"key":"Frozen Egg 2"}],"event_choices":[{"event_name":"World of Goop","player_choice":"Gather Gold","floor":7,"damage_taken":0},{"event_name":"The Cleric","player_choice":"Card Removal","floor":8,"damage_taken":0},{"event_name":"Liars Game","player_choice":"disagreed","floor":11,"damage_taken":0},{"event_name":"Cursed Tome","player_choice":"Ignored","floor":19,"damage_taken":0},{"event_name":"Back to Basics","player_choice":"Simplicity","floor":22,"damage_taken":0},{"event_name":"MindBloom","player_choice":"Fight","floor":36,"damage_taken":0},{"event_name":"Upgrade Shrine","player_choice":"Upgraded","floor":37,"damage_taken":0},{"event_name":"SensoryStone","player_choice":"Memory 1","floor":47,"damage_taken":0},{"event_name":"Winding Halls","player_choice":"Writhe","floor":48,"damage_taken":0}],"is_beta":false,"boss_relics":[{"not_picked":["Ectoplasm","Mark of Pain"],"picked":"Sozu"},{"not_picked":["Cursed Key","Coffee Dripper"],"picked":"Black Blood"}],"items_purged_floors":[12,24,29],"is_endless":false,"potions_floor_spawned":[4,13,18,28,31,35,36,39],"killed_by":"Time Eater","ascension_level":0}