{"gold_per_floor":[119,135,135,135,135,135,168,4,83,119,40,40,40,56,56,56],"floor_reached":16,"playtime":193,"items_purged":[],"score":262,"play_id":"683d1a1b-ef73-4991-b054-cebfa7d0d81c","local_time":"20190316223907","is_ascension_mode":true,"campfire_choices":[{"data":"Inflame","floor":6,"key":"SMITH"},{"data":"Pommel Strike","floor":12,"key":"SMITH"},{"data":"Bash","floor":15,"key":"SMITH"}],"neow_cost":"NONE","seed_source_timestamp":88461097985023,"circlet_count":0,"master_deck":["AscendersBane","Strike_R","Strike_R","Strike_R","Strike_R","Defend_R","Defend_R","Defend_R","Defend_R","Bash+1","Pommel Strike+1","Inflame+1","Sword Boomerang+1","Whirlwind+1","Doubt"],"relics":["Burning Blood","NeowsBlessing","Golden Idol","Molten Egg 2","Ice Cream","Vajra","Ornamental Fan","Pen Nib"],"potions_floor_usage":[14],"damage_taken":[{"damage":0,"enemies":"Jaw Worm","floor":1,"turns":1},{"damage":0,"enemies":"Small Slimes","floor":2,"turns":1},{"damage":0,"enemies":"3 Sentries","floor":7,"turns":1},{"damage":8,"enemies":"Gremlin Nob","floor":10,"turns":3},{"damage":7,"enemies":"2 Louse","floor":14,"turns":2},{"damage":38,"enemies":"Slime Boss","floor":16,"turns":6}],"seed_played":"-3376677731655985836","potions_obtained":[{"floor":1,"key":"Poison Potion"}],"is_trial":false,"path_per_floor":["M","M","?","?","T","R","E","$","T","E","$","R","?","M","R","B"],"character_chosen":"IRONCLAD","items_purchased":["Vajra","Whirlwind+1"],"campfire_rested":0,"item_purchase_floors":[8,11],"current_hp_per_floor":[74,75,68,42,42,42,48,48,48,46,46,46,46,45,45,7],"gold":56,"neow_bonus":"THREE_ENEMY_KILL","is_prod":false,"is_daily":false,"chose_seed":false,"campfire_upgraded":3,"win_rate":0,"timestamp":1552761547,"path_taken":["M","M","?","?","?","R","E","?","T","E","$","R","?","M","R","BOSS"],"build_version":"2019-01-23","purchased_purges":0,"victory":false,"max_hp_per_floor":[75,75,75,75,75,75,75,75,75,75,75,75,75,75,75,75],"card_choices":[{"not_picked":["Feel No Pain","Thunderclap"],"picked":"Pommel Strike","floor":1},{"not_picked":["Sentinel","Thunderclap"],"picked":"Inflame","floor":2},{"not_picked":["Flex","Anger+1"],"picked":"Sword Boomerang+1","floor":7},{"not_picked":["Hemokinesis+1","Wild Strike+1","Metallicize"],"picked":"SKIP","floor":10},{"not_picked":["Havoc","Ghostly Armor","Anger+1"],"picked":"SKIP","floor":14}],"player_experience":751585,"relics_obtained":[{"floor":5,"key":"Molten Egg 2"},{"floor":7,"key":"Ice Cream"},{"floor":9,"key":"Ornamental Fan"},{"floor":10,"key":"Pen Nib"}],"event_choices":[{"cards_removed":["Strike_R"],"damage_healed":0,"gold_gain":0,"player_choice":"Card Removal","damage_taken":7,"max_hp_gain":0,"max_hp_loss":0,"event_name":"Golden Wing","floor":3,"gold_loss":0},{"damage_healed":0,"gold_gain":0,"player_choice":"Take Damage","damage_taken":26,"relics_obtained":["Golden Idol"],"max_hp_gain":0,"max_hp_loss":0,"event_name":"Golden Idol","floor":4,"gold_loss":0},{"damage_healed":0,"gold_gain":0,"player_choice":"1 cards matched","damage_taken":0,"max_hp_gain":0,"max_hp_loss":0,"event_name":"Match and Keep!","floor":13,"gold_loss":0,"cards_obtained":["Doubt"]}],"is_beta":false,"boss_relics":[],"items_purged_floors":[],"is_endless":false,"potions_floor_spawned":[1],"killed_by":"Slime Boss","ascension_level":20}