{"gold_per_floor":[115,135,153,133,149,149,164,193,263,263,263,291,310,328,328,430,430,445,445],"floor_reached":19,"playtime":1447,"items_purged":[],"score":199,"play_id":"a2fc52af-bb1d-4251-ad9b-7357f8694329","local_time":"20190402095928","is_ascension_mode":true,"campfire_choices":[{"data":"Zap","floor":6,"key":"SMITH"},{"floor":10,"key":"REST"},{"floor":15,"key":"REST"}],"neow_cost":"NONE","seed_source_timestamp":682785577407444,"circlet_count":0,"master_deck":["Strike_B","Strike_B","Defend_B","Defend_B","Defend_B","Defend_B","Zap+1","Dualcast","Leap","FTL","Defragment","Conserve Battery","Echo Form"],"relics":["Cracked Core","Potion Belt","Gremlin Horn","Turnip","Snecko Eye"],"potions_floor_usage":[16,16,19],"damage_taken":[{"damage":14,"enemies":"Cultist","floor":1,"turns":5},{"damage":2,"enemies":"Jaw Worm","floor":2,"turns":3},{"damage":0,"enemies":"Small Slimes","floor":3,"turns":3},{"damage":5,"enemies":"Looter","floor":5,"turns":4},{"damage":1,"enemies":"Exordium Thugs","floor":7,"turns":4},{"damage":16,"enemies":"3 Sentries","floor":8,"turns":8},{"damage":18,"enemies":"Lagavulin","floor":12,"turns":7},{"damage":14,"enemies":"Large Slime","floor":13,"turns":5},{"damage":0,"enemies":"Blue Slaver","floor":14,"turns":4},{"damage":17,"enemies":"The Guardian","floor":16,"turns":15},{"damage":51,"enemies":"3 Byrds","floor":18,"turns":6},{"damage":46,"enemies":"Chosen","floor":19,"turns":6}],"seed_played":"-6760438204409224941","potions_obtained":[{"floor":2,"key":"SkillPotion"},{"floor":3,"key":"EntropicBrew"},{"floor":4,"key":"Regen Potion"},{"floor":13,"key":"Strength Potion"},{"floor":14,"key":"FearPotion"}],"is_trial":false,"path_per_floor":["M","M","M","?","M","R","M","E","T","R","?","E","M","M","R","B",null,"M","M"],"character_chosen":"DEFECT","items_purchased":[],"campfire_rested":2,"item_purchase_floors":[],"current_hp_per_floor":[61,59,59,59,54,54,53,37,37,59,52,34,20,20,42,25,75,24,0],"gold":445,"neow_bonus":"REMOVE_CARD","is_prod":false,"is_daily":false,"chose_seed":false,"campfire_upgraded":1,"win_rate":0,"timestamp":1554191968,"path_taken":["M","?","M","?","M","R","?","E","T","R","?","E","M","M","R","BOSS","M","M"],"build_version":"2019-01-23","purchased_purges":0,"victory":false,"max_hp_per_floor":[75,75,75,75,75,75,75,75,75,75,75,75,75,75,75,75,75,75,75],"card_choices":[{"not_picked":["Darkness","Steam"],"picked":"Leap","floor":1},{"not_picked":["Rebound","Redo","Barrage"],"picked":"SKIP","floor":2},{"not_picked":["Turbo","Redo","Multi-Cast"],"picked":"SKIP","floor":3},{"not_picked":["Lockon","Compile Driver"],"picked":"FTL","floor":5},{"not_picked":["Hologram","Coolheaded"],"picked":"Defragment","floor":7},{"not_picked":["Barrage","Compile Driver","Beam Cell"],"picked":"SKIP","floor":8},{"not_picked":["Doom and Gloom","Sweeping Beam","Leap"],"picked":"SKIP","floor":12},{"not_picked":["Hologram","Defragment","Lockon"],"picked":"SKIP","floor":13},{"not_picked":["Reprogram","Barrage"],"picked":"Conserve Battery","floor":14},{"not_picked":["Machine Learning","Reboot"],"picked":"Echo Form","floor":16},{"not_picked":["Undo","Melter","Go for the Eyes+1"],"picked":"SKIP","floor":18}],"player_experience":94490,"relics_obtained":[{"floor":8,"key":"Potion Belt"},{"floor":9,"key":"Gremlin Horn"},{"floor":12,"key":"Turnip"}],"event_choices":[{"damage_healed":0,"gold_gain":0,"player_choice":"Bought 1 Potion","damage_taken":0,"max_hp_gain":0,"max_hp_loss":0,"event_name":"The Woman in Blue","floor":4,"gold_loss":0},{"cards_removed":["Strike_B"],"damage_healed":0,"gold_gain":0,"player_choice":"Card Removal","damage_taken":7,"max_hp_gain":0,"max_hp_loss":0,"event_name":"Golden Wing","floor":11,"gold_loss":0}],"is_beta":false,"boss_relics":[{"not_picked":["Calling Bell","Inserter"],"picked":"Snecko Eye"}],"items_purged_floors":[],"is_endless":false,"potions_floor_spawned":[2,3,13,14],"killed_by":"Chosen","ascension_level":2}