{"gold_per_floor":[119,136,136,156,172,172,186,186,213,213,246,246,171,182,182,258,258,271,186,186,145,45,64,64,64,64,64,64,64,64,64,64,64],"floor_reached":33,"playtime":1772,"items_purged":["Strike_G","Strike_G"],"score":486,"play_id":"7783d727-fabb-4d6d-8bc5-900c8165658f","local_time":"20190107011655","is_ascension_mode":true,"campfire_choices":[{"data":"All Out Attack","floor":6.0,"key":"SMITH"},{"data":"Backflip","floor":10.0,"key":"SMITH"},{"data":"Leg Sweep","floor":12.0,"key":"SMITH"},{"floor":15.0,"key":"REST"},{"data":"After Image","floor":24.0,"key":"SMITH"},{"data":"Riddle With Holes","floor":27.0,"key":"SMITH"},{"data":"Burst","floor":29.0,"key":"SMITH"},{"data":"Predator","floor":32,"key":"SMITH"}],"neow_cost":"NONE","seed_source_timestamp":6046037938359400,"circlet_count":0,"master_deck":["AscendersBane","Defend_G+1","Defend_G+1","Defend_G+1","Defend_G+1","Defend_G+1","Strike_G+1","Strike_G+1","Strike_G+1","Survivor","Neutralize","PiercingWail","Leg Sweep+1","All Out Attack+1","Backflip+1","Burst+1","Riddle With Holes+1","Backflip","After Image+1","Caltrops","Predator+1","Leg Sweep"],"special_seed":0,"relics":["Ring of the Snake","NeowsBlessing","Juzu Bracelet","PreservedInsect","Snecko Eye","Pen Nib","Bronze Scales","Matryoshka","CultistMask"],"potions_floor_usage":[],"damage_taken":[{"damage":0.0,"enemies":"Jaw Worm","floor":1.0,"turns":1.0},{"damage":0.0,"enemies":"2 Louse","floor":2.0,"turns":1.0},{"damage":0.0,"enemies":"Cultist","floor":4.0,"turns":1.0},{"damage":9.0,"enemies":"2 Fungi Beasts","floor":5.0,"turns":5.0},{"damage":12.0,"enemies":"Gremlin Gang","floor":7.0,"turns":4.0},{"damage":18.0,"enemies":"3 Sentries","floor":11.0,"turns":11.0},{"damage":6.0,"enemies":"3 Louse","floor":14.0,"turns":3.0},{"damage":18.0,"enemies":"The Guardian","floor":16.0,"turns":13.0},{"damage":8.0,"enemies":"Chosen","floor":18.0,"turns":9.0},{"damage":6.0,"enemies":"2 Thieves","floor":21.0,"turns":5.0},{"damage":5.0,"enemies":"Snake Plant","floor":23.0,"turns":4.0},{"damage":53,"enemies":"Champ","floor":33,"turns":13}],"seed_played":"4676852712110944068","potions_obtained":[{"floor":4.0,"key":"Dexterity Potion"},{"floor":5.0,"key":"SpeedPotion"},{"floor":11.0,"key":"PowerPotion"},{"floor":16.0,"key":"GhostInAJar"}],"is_trial":false,"path_per_floor":["M","M","?","M","M","R","M","?","T","R","E","R","$","M","R","B",null,"M","?","T","M","$","M","R","?","T","R","?","R","?","?","R","B"],"character_chosen":"THE_SILENT","items_purchased":[],"campfire_rested":1,"item_purchase_floors":[],"current_hp_per_floor":[59,59,39,39,30,30,18,40,40,40,22,22,22,16,35,17,54,46,46,46,40,40,35,35,35,35,35,35,35,35,35,35,0],"gold":64,"neow_bonus":"THREE_ENEMY_KILL","is_prod":false,"is_daily":false,"chose_seed":false,"campfire_upgraded":7,"win_rate":0,"timestamp":1546852615,"path_taken":["M","M","?","M","M","R","M","?","T","R","E","R","$","M","R","BOSS","M","?","?","M","$","M","R","?","T","R","?","R","?","?","R","BOSS"],"build_version":"2019-01-03v4","purchased_purges":2,"victory":false,"max_hp_per_floor":[66,66,66,66,66,66,66,66,66,66,66,66,66,66,66,66,66,66,66,66,66,66,66,66,66,66,66,66,66,66,66,66,66],"card_choices":[{"not_picked":["Outmaneuver","Slice"],"picked":"PiercingWail","floor":1.0},{"not_picked":["Cloak And Dagger","Outmaneuver"],"picked":"Leg Sweep","floor":2.0},{"not_picked":["Dodge and Roll","Distraction"],"picked":"All Out Attack","floor":4.0},{"not_picked":["Prepared","Quick Slash"],"picked":"Backflip","floor":5.0},{"not_picked":["Cloak And Dagger","Dagger Spray"],"picked":"Burst","floor":7.0},{"not_picked":["Acrobatics","Tools of the Trade"],"picked":"Riddle With Holes","floor":11.0},{"not_picked":["Choke","Dagger Spray"],"picked":"Backflip","floor":14.0},{"not_picked":["Doppelganger","Venomology"],"picked":"After Image","floor":16.0},{"not_picked":["Masterful Stab","PiercingWail"],"picked":"Caltrops","floor":18.0},{"not_picked":["Deflect","Bane","Concentrate"],"picked":"SKIP","floor":21.0},{"not_picked":["Quick Slash","Accuracy","Dagger Spray"],"picked":"SKIP","floor":23.0}],"player_experience":3194337,"relics_obtained":[{"floor":9.0,"key":"Juzu Bracelet"},{"floor":11.0,"key":"PreservedInsect"},{"floor":20.0,"key":"Bronze Scales"},{"floor":26.0,"key":"Matryoshka"}],"event_choices":[{"damage_healed":0.0,"max_hp_gain":0.0,"max_hp_loss":0.0,"gold_gain":0.0,"event_name":"Shining Light","player_choice":"Entered Light","floor":3.0,"gold_loss":0.0,"damage_taken":20.0,"cards_upgraded":["Defend_G","Defend_G"]},{"damage_healed":22.0,"max_hp_gain":0.0,"max_hp_loss":0.0,"gold_gain":0.0,"event_name":"Big Fish","player_choice":"Banana","floor":8.0,"gold_loss":0.0,"damage_taken":0.0},{"damage_healed":0.0,"max_hp_gain":0.0,"max_hp_loss":0.0,"gold_gain":0.0,"event_name":"Addict","player_choice":"Obtained Relic","floor":19.0,"gold_loss":85.0,"damage_taken":0.0,"relics_obtained":["Pen Nib"]},{"damage_healed":0.0,"max_hp_gain":0.0,"max_hp_loss":0.0,"gold_gain":0.0,"event_name":"Back to Basics","player_choice":"Simplicity","floor":25.0,"gold_loss":0.0,"damage_taken":0.0,"cards_upgraded":["Defend_G","Defend_G","Defend_G","Strike_G","Strike_G","Strike_G"]},{"damage_healed":0.0,"max_hp_gain":0.0,"max_hp_loss":0.0,"gold_gain":0.0,"event_name":"FaceTrader","player_choice":"Trade","floor":28.0,"gold_loss":0.0,"damage_taken":0.0,"relics_obtained":["CultistMask"]},{"damage_healed":0.0,"max_hp_gain":0.0,"max_hp_loss":0.0,"gold_gain":0.0,"event_name":"The Library","player_choice":"Read","floor":30.0,"gold_loss":0.0,"damage_taken":0.0,"cards_obtained":["Predator"]},{"damage_healed":0,"gold_gain":0,"player_choice":"1 cards matched","damage_taken":0,"max_hp_gain":0,"max_hp_loss":0,"event_name":"Match and Keep!","floor":31,"gold_loss":0,"cards_obtained":["Leg Sweep"]}],"is_beta":true,"boss_relics":[{"not_picked":["Runic Pyramid","Calling Bell"],"picked":"Snecko Eye"}],"items_purged_floors":[13,22],"is_endless":false,"potions_floor_spawned":[4,5,11,16],"killed_by":"Champ","ascension_level":20}