{"gold_per_floor":[113,128,138,158,158,184,184,24,103,128,138,166,166,146,146,146],"floor_reached":16,"playtime":1259,"items_purged":[],"score":110,"play_id":"63c6e216-ad66-4e65-aadd-555afb994d7c","local_time":"20190218144612","is_ascension_mode":false,"campfire_choices":[{"floor":13,"key":"REST"},{"floor":15,"key":"REST"}],"neow_cost":"CURSE","seed_source_timestamp":214186320569439,"circlet_count":0,"master_deck":["Strike_R","Strike_R","Strike_R","Strike_R","Strike_R","Defend_R","Defend_R","Defend_R","Defend_R","Bash+1","Decay","Pummel+1","Spot Weakness","Searing Blow","Fiend Fire","True Grit","Pummel"],"relics":["Burning Blood","Charon\u0027s Ashes","Shuriken","Mercury Hourglass","Gremlin Horn","Odd Mushroom","Ancient Tea Set"],"potions_floor_usage":[16,16],"damage_taken":[{"damage":7,"enemies":"Cultist","floor":1,"turns":4},{"damage":2,"enemies":"Small Slimes","floor":2,"turns":3},{"damage":8,"enemies":"2 Louse","floor":3,"turns":4},{"damage":4,"enemies":"2 Fungi Beasts","floor":4,"turns":4},{"damage":29,"enemies":"3 Sentries","floor":6,"turns":8},{"damage":4,"enemies":"The Mushroom Lair","floor":10,"turns":3},{"damage":0,"enemies":"3 Louse","floor":11,"turns":1},{"damage":26,"enemies":"Lagavulin","floor":12,"turns":5},{"damage":79,"enemies":"Hexaghost","floor":16,"turns":10}],"seed_played":"-7214036530257971843","potions_obtained":[{"floor":2,"key":"SneckoOil"},{"floor":4,"key":"EssenceOfSteel"},{"floor":11,"key":"Energy Potion"},{"floor":14,"key":"SteroidPotion"}],"is_trial":false,"path_per_floor":["M","M","M","M","T","E","?","$","T","?","M","E","R","?","R","B"],"character_chosen":"IRONCLAD","items_purchased":["Fiend Fire"],"campfire_rested":2,"item_purchase_floors":[8],"current_hp_per_floor":[79,80,78,80,80,57,41,41,41,43,49,29,53,53,77,0],"gold":146,"neow_bonus":"ONE_RARE_RELIC","is_prod":false,"is_daily":false,"chose_seed":false,"campfire_upgraded":0,"win_rate":0.0,"timestamp":1550519172,"path_taken":["M","M","M","M","?","E","?","$","T","?","M","E","R","?","R","BOSS"],"build_version":"2019-01-23","purchased_purges":0,"victory":false,"max_hp_per_floor":[80,80,80,80,80,80,80,80,80,80,80,80,80,80,80,80],"card_choices":[{"not_picked":["Clash","Body Slam"],"picked":"Pummel","floor":1},{"not_picked":["Perfected Strike","Carnage","Anger"],"picked":"SKIP","floor":2},{"not_picked":["Body Slam","Sword Boomerang","Headbutt"],"picked":"SKIP","floor":3},{"not_picked":["Iron Wave","Combust"],"picked":"Spot Weakness","floor":4},{"not_picked":["Sword Boomerang","Power Through"],"picked":"Searing Blow","floor":6},{"not_picked":["Headbutt","Berserk"],"picked":"True Grit","floor":10},{"not_picked":["Combust","Perfected Strike","Metallicize"],"picked":"SKIP","floor":11},{"not_picked":["Anger","Iron Wave"],"picked":"Pummel","floor":12}],"player_experience":12727,"relics_obtained":[{"floor":5,"key":"Shuriken"},{"floor":6,"key":"Mercury Hourglass"},{"floor":9,"key":"Gremlin Horn"},{"floor":10,"key":"Odd Mushroom"},{"floor":12,"key":"Ancient Tea Set"}],"event_choices":[{"damage_healed":0,"gold_gain":0,"player_choice":"Entered Light","damage_taken":16,"max_hp_gain":0,"max_hp_loss":0,"event_name":"Shining Light","floor":7,"gold_loss":0,"cards_upgraded":["Pummel","Bash"]},{"damage_healed":0,"gold_gain":0,"player_choice":"Fought Mushrooms","damage_taken":0,"max_hp_gain":0,"max_hp_loss":0,"event_name":"Mushrooms","floor":10,"gold_loss":0},{"damage_healed":0,"gold_gain":0,"player_choice":"Bought 1 Potion","damage_taken":0,"max_hp_gain":0,"max_hp_loss":0,"event_name":"The Woman in Blue","floor":14,"gold_loss":0}],"is_beta":false,"boss_relics":[],"items_purged_floors":[],"is_endless":false,"potions_floor_spawned":[2,4,11],"killed_by":"Hexaghost","ascension_level":0}