{"gold_per_floor":[113,27,39,39,58,58,83,14,92,119,119,119,135,155,155,254,254,272,286,24,41,59,59,76,107,133,133,152,73,73,73,73,73],"floor_reached":33,"playtime":2057,"items_purged":[],"score":362,"play_id":"48391b09-0245-41b2-8b75-41207f031917","local_time":"20190331204107","is_ascension_mode":true,"campfire_choices":[{"data":"Enlightenment","floor":6,"key":"SMITH"},{"data":"Carnage","floor":11,"key":"SMITH"},{"floor":15,"key":"REST"},{"data":"Armaments","floor":23,"key":"SMITH"},{"data":"Reaper","floor":27,"key":"SMITH"},{"data":"Spot Weakness","floor":30,"key":"SMITH"},{"data":"Metallicize","floor":32,"key":"SMITH"}],"neow_cost":"NONE","seed_source_timestamp":513913424401018,"circlet_count":0,"master_deck":["Strike_R+1","Strike_R","Strike_R","Strike_R","Strike_R","Defend_R","Defend_R","Defend_R","Defend_R","Bash+1","Carnage+1","Headbutt","Enlightenment+1","Metallicize+1","Spot Weakness+1","Blood for Blood","Armaments+1","Headbutt","Reaper+1","Headbutt+1","Pommel Strike+1","Flex+1","Fire Breathing+1","Fire Breathing+1","Inflame+1","Decay"],"relics":["Burning Blood","Bag of Preparation","Regal Pillow","Coffee Dripper","Meat on the Bone","Frozen Egg 2","Whetstone"],"potions_floor_usage":[16,16,18,33,33,33],"damage_taken":[{"damage":6,"enemies":"2 Louse","floor":1,"turns":3},{"damage":0,"enemies":"Cultist","floor":3,"turns":2},{"damage":3,"enemies":"Small Slimes","floor":5,"turns":3},{"damage":29,"enemies":"3 Sentries","floor":7,"turns":10},{"damage":0,"enemies":"Gremlin Nob","floor":10,"turns":2},{"damage":26,"enemies":"Gremlin Gang","floor":13,"turns":4},{"damage":11,"enemies":"Looter","floor":14,"turns":2},{"damage":63,"enemies":"The Guardian","floor":16,"turns":9},{"damage":25,"enemies":"2 Thieves","floor":18,"turns":3},{"damage":8,"enemies":"Chosen","floor":19,"turns":4},{"damage":16,"enemies":"Centurion and Healer","floor":21,"turns":4},{"damage":10,"enemies":"Snecko","floor":22,"turns":4},{"damage":13,"enemies":"3 Cultists","floor":24,"turns":4},{"damage":48,"enemies":"Book of Stabbing","floor":25,"turns":4},{"damage":19,"enemies":"Sentry and Sphere","floor":28,"turns":4},{"damage":69,"enemies":"Champ","floor":33,"turns":9}],"seed_played":"8798745695742708698","potions_obtained":[{"floor":3,"key":"Poison Potion"},{"floor":4,"key":"SkillPotion"},{"floor":4,"key":"FearPotion"},{"floor":5,"key":"AttackPotion"},{"floor":14,"key":"Explosive Potion"},{"floor":18,"key":"FearPotion"},{"floor":19,"key":"Energy Potion"},{"floor":21,"key":"LiquidBronze"}],"is_trial":false,"path_per_floor":["M","$","M","?","M","R","E","$","T","E","R","?","M","M","R","B",null,"M","M","$","M","M","R","M","E","T","R","M","$","R","?","R","B"],"character_chosen":"IRONCLAD","items_purchased":["Enlightenment","Blood for Blood","Meat on the Bone","Inflame+1"],"campfire_rested":1,"item_purchase_floors":[2,8,20,29],"current_hp_per_floor":[80,80,80,80,80,80,57,57,57,63,63,55,35,30,69,12,80,61,69,69,59,63,63,73,49,49,49,48,48,48,48,48,0],"gold":73,"neow_bonus":"THREE_CARDS","is_prod":false,"is_daily":false,"chose_seed":false,"campfire_upgraded":6,"win_rate":0,"timestamp":1554079267,"path_taken":["M","$","M","?","?","R","E","$","T","E","R","?","M","M","R","BOSS","M","?","$","M","M","R","M","E","T","R","M","$","R","?","R","BOSS"],"build_version":"2019-01-23","purchased_purges":0,"victory":false,"max_hp_per_floor":[80,80,80,80,80,80,80,80,80,80,80,80,80,80,80,80,80,80,80,80,80,80,80,80,80,80,80,80,80,80,80,80,80],"card_choices":[{"not_picked":["Shockwave","Wild Strike"],"picked":"Carnage","floor":0},{"not_picked":["Twin Strike","Carnage"],"picked":"Headbutt","floor":1},{"not_picked":["Power Through","Blood for Blood","Searing Blow"],"picked":"SKIP","floor":3},{"not_picked":["Clothesline","Thunderclap"],"picked":"Metallicize","floor":5},{"not_picked":["Disarm","Twin Strike"],"picked":"Spot Weakness","floor":7},{"not_picked":["True Grit","Twin Strike","Rupture"],"picked":"SKIP","floor":10},{"not_picked":["Clash","Sword Boomerang"],"picked":"Armaments","floor":13},{"not_picked":["Rupture","Evolve"],"picked":"Headbutt","floor":14},{"not_picked":["Dark Embrace","Barricade"],"picked":"Reaper","floor":16},{"not_picked":["Body Slam","Heavy Blade"],"picked":"Headbutt+1","floor":18},{"not_picked":["Evolve","Dual Wield"],"picked":"Pommel Strike+1","floor":19},{"not_picked":["Body Slam","Warcry+1"],"picked":"Flex+1","floor":21},{"not_picked":["Headbutt","Bloodletting+1","True Grit"],"picked":"SKIP","floor":22},{"not_picked":["Anger","True Grit","Fiend Fire"],"picked":"SKIP","floor":24},{"not_picked":["Rupture","Clash"],"picked":"Fire Breathing+1","floor":25},{"not_picked":["Rampage","Havoc"],"picked":"Fire Breathing+1","floor":28}],"player_experience":200648,"relics_obtained":[{"floor":7,"key":"Bag of Preparation"},{"floor":10,"key":"Regal Pillow"},{"floor":25,"key":"Frozen Egg 2"},{"floor":26,"key":"Whetstone"}],"event_choices":[{"damage_healed":0,"gold_gain":0,"player_choice":"Got Potions","damage_taken":0,"max_hp_gain":0,"max_hp_loss":0,"event_name":"Lab","floor":4,"gold_loss":0},{"damage_healed":0,"gold_gain":0,"player_choice":"Damaged","damage_taken":8,"max_hp_gain":0,"max_hp_loss":0,"event_name":"Wheel of Change","floor":12,"gold_loss":0},{"damage_healed":0,"gold_gain":0,"player_choice":"Smashed Altar","damage_taken":0,"max_hp_gain":0,"max_hp_loss":0,"event_name":"Forgotten Altar","floor":31,"gold_loss":0,"cards_obtained":["Decay"]}],"is_beta":false,"boss_relics":[{"not_picked":["Fusion Hammer","Orrery"],"picked":"Coffee Dripper"}],"items_purged_floors":[],"is_endless":false,"potions_floor_spawned":[3,5,10,14,18,19,21,28],"killed_by":"Champ","ascension_level":4}