{"gold_per_floor":[112,124,124,143,22,22,38,38,89,189,207,207,57,77,77,177,177,196,212,222,238,248,248,267,267,267,277,277,277,305,305],"floor_reached":31,"playtime":875,"items_purged":["Strike_B","Defend_B"],"score":276,"play_id":"93f4e488-ca5d-4078-bb21-af8f48d20cec","local_time":"20190223212715","is_ascension_mode":false,"campfire_choices":[{"floor":6,"key":"REST"},{"data":"Zap","floor":8,"key":"SMITH"},{"data":"Rebound","floor":12,"key":"SMITH"},{"floor":15,"key":"REST"},{"floor":23,"key":"REST"},{"floor":29,"key":"REST"}],"neow_cost":"PERCENT_DAMAGE","seed_source_timestamp":94493910108370,"circlet_count":0,"master_deck":["Strike_B+1","Defend_B","Defend_B+1","Zap+1","Gash","Gash","Rebound+1","Ball Lightning","Core Surge","Gash","Scrape"],"relics":["Cracked Core","DataDisk","Empty Cage","Mango","Ornamental Fan","Potion Belt"],"potions_floor_usage":[4,16,16,21,30,30,30],"damage_taken":[{"damage":2,"enemies":"Cultist","floor":1,"turns":5},{"damage":1,"enemies":"Jaw Worm","floor":2,"turns":3},{"damage":0,"enemies":"2 Louse","floor":4,"turns":3},{"damage":6,"enemies":"2 Fungi Beasts","floor":7,"turns":3},{"damage":0,"enemies":"Red Slaver","floor":11,"turns":2},{"damage":14,"enemies":"3 Louse","floor":14,"turns":2},{"damage":34,"enemies":"Hexaghost","floor":16,"turns":6},{"damage":0,"enemies":"Spheric Guardian","floor":18,"turns":3},{"damage":16,"enemies":"Shell Parasite","floor":19,"turns":3},{"damage":9,"enemies":"Shelled Parasite and Fungi","floor":20,"turns":3},{"damage":15,"enemies":"Snake Plant","floor":21,"turns":3},{"damage":9,"enemies":"Snecko","floor":22,"turns":4},{"damage":28,"enemies":"3 Cultists","floor":24,"turns":4},{"damage":21,"enemies":"Snake Plant","floor":27,"turns":4},{"damage":47,"enemies":"Gremlin Leader","floor":30,"turns":4},{"damage":1,"enemies":"Cultist and Chosen","floor":31,"turns":1}],"seed_played":"-3264693234453973073","potions_obtained":[{"floor":2,"key":"Fruit Juice"},{"floor":7,"key":"Poison Potion"},{"floor":11,"key":"PowerPotion"},{"floor":16,"key":"FearPotion"},{"floor":18,"key":"FocusPotion"},{"floor":20,"key":"LiquidBronze"},{"floor":21,"key":"EssenceOfSteel"},{"floor":22,"key":"Strength Potion"}],"is_trial":false,"path_per_floor":["M","M","?","M","$","R","M","R","T","?","M","R","$","M","R","B",null,"M","M","M","M","M","R","M","T","T","M","?","R","E","M"],"character_chosen":"DEFECT","items_purchased":["Gash","Ball Lightning"],"campfire_rested":4,"item_purchase_floors":[5,13],"current_hp_per_floor":[52,51,36,41,41,65,59,59,59,59,59,59,59,45,69,35,80,80,64,55,40,31,55,27,41,41,20,20,48,1,0],"gold":305,"neow_bonus":"REMOVE_TWO","is_prod":false,"is_daily":false,"chose_seed":false,"campfire_upgraded":2,"win_rate":0,"timestamp":1550975235,"path_taken":["M","M","?","M","$","R","M","R","T","?","M","R","$","M","R","BOSS","M","M","?","M","M","R","?","?","T","?","?","R","E","M"],"build_version":"2019-01-23","purchased_purges":2,"victory":false,"max_hp_per_floor":[75,75,75,80,80,80,80,80,80,80,80,80,80,80,80,80,80,80,80,80,80,80,80,80,94,94,94,94,94,94,94],"card_choices":[{"not_picked":["Barrage","Go for the Eyes","Compile Driver"],"picked":"SKIP","floor":1},{"not_picked":["Leap","Coolheaded"],"picked":"Gash","floor":2},{"not_picked":["Heatsinks","Barrage","Blizzard"],"picked":"SKIP","floor":4},{"not_picked":["Chaos","Go for the Eyes","Steam Power"],"picked":"SKIP","floor":7},{"not_picked":["Skim","Barrage"],"picked":"Rebound","floor":11},{"not_picked":["Beam Cell","Go for the Eyes","Conserve Battery"],"picked":"SKIP","floor":14},{"not_picked":["Meteor Strike","Biased Cognition"],"picked":"Core Surge","floor":16},{"not_picked":["Tempest","Rebound","Go for the Eyes"],"picked":"SKIP","floor":18},{"not_picked":["Genetic Algorithm","Reinforced Body+1","Redo"],"picked":"SKIP","floor":19},{"not_picked":["Leap","Sweeping Beam","Turbo"],"picked":"SKIP","floor":20},{"not_picked":["Genetic Algorithm+1","Aggregate+1","Ball Lightning"],"picked":"SKIP","floor":21},{"not_picked":["BootSequence","Hello World+1","Sunder"],"picked":"SKIP","floor":22},{"not_picked":["Hologram","Buffer","BootSequence+1"],"picked":"SKIP","floor":24},{"not_picked":["Streamline","Steam Power+1"],"picked":"Gash","floor":27},{"not_picked":["Consume","Fusion+1"],"picked":"Scrape","floor":30}],"player_experience":406576,"relics_obtained":[{"floor":9,"key":"DataDisk"},{"floor":25,"key":"Mango"},{"floor":26,"key":"Ornamental Fan"},{"floor":30,"key":"Potion Belt"}],"event_choices":[{"damage_healed":0,"gold_gain":0,"player_choice":"Entered Light","damage_taken":15,"max_hp_gain":0,"max_hp_loss":0,"event_name":"Shining Light","floor":3,"gold_loss":0,"cards_upgraded":["Defend_B","Strike_B"]},{"damage_healed":0,"gold_gain":100,"player_choice":"Pray","damage_taken":0,"max_hp_gain":0,"max_hp_loss":0,"event_name":"Golden Shrine","floor":10,"gold_loss":0},{"damage_healed":0,"gold_gain":0,"player_choice":"Ignored","damage_taken":0,"max_hp_gain":0,"max_hp_loss":0,"event_name":"Cursed Tome","floor":28,"gold_loss":0}],"is_beta":false,"boss_relics":[{"not_picked":["Black Star","Pandora\u0027s Box"],"picked":"Empty Cage"}],"items_purged_floors":[5,13],"is_endless":false,"potions_floor_spawned":[2,7,11,16,18,20,21,22],"killed_by":"Cultist and Chosen","ascension_level":0}