{"path_per_floor":["M","?","M","?","M","E","$","R","T","M","M","M","R","M","R","B",null,"M","?","$"],"character_chosen":"THE_SILENT","items_purchased":["Sucker Punch","Poisoned Stab","Choke","Apotheosis"],"gold_per_floor":[118,118,135,135,152,186,112,112,135,145,159,172,172,187,187,292,322,339,339,81,81],"floor_reached":21,"campfire_rested":3,"playtime":3240,"item_purchase_floors":[7,7,20,20],"current_hp_per_floor":[64,70,68,68,67,18,18,39,39,32,15,10,46,44,70,42,75,49,49,49,0],"items_purged":[],"gold":81,"score":181,"play_id":"1d1094b5-ecf2-4928-bacf-78c91a9febe7","local_time":"20180614203951","is_prod":false,"is_daily":false,"chose_seed":false,"is_ascension_mode":false,"campfire_upgraded":0,"win_rate":0.0,"timestamp":1529023191,"campfire_choices":[{"floor":8,"key":"REST"},{"floor":13,"key":"REST"},{"floor":15,"key":"REST"}],"path_taken":["M","?","M","?","?","E","$","R","T","M","M","M","R","M","R","BOSS","M","?","$","?"],"build_version":"2018-06-07v3","seed_source_timestamp":130799697534528,"purchased_purges":0,"victory":false,"master_deck":["Defend_G","Defend_G","Defend_G","Defend_G","Defend_G","Strike_G","Strike_G+1","Strike_G","Strike_G","Strike_G","Survivor+1","Neutralize","Backstab","Underhanded Strike","Blade Dance","Flying Knee","Sucker Punch","Poisoned Stab","Leg Sweep","Dagger Throw","Bullet Time","Blur","Die Die Die","Dodge and Roll","Outmaneuver","Choke","Apotheosis"],"max_hp_per_floor":[70,70,70,70,70,70,70,70,70,70,70,70,70,70,70,70,75,75,75,75,75],"relics":["Ring of the Snake","Potion Belt","Regal Pillow","Tiny House","Snake Skull"],"card_choices":[{"not_picked":["Leg Sweep","Calculated Gamble"],"picked":"Backstab","floor":1},{"not_picked":["Prepared","Quick Slash"],"picked":"Underhanded Strike","floor":3},{"not_picked":["Flechettes","Eviscerate"],"picked":"Blade Dance","floor":5},{"not_picked":["Sucker Punch","Quick Slash"],"picked":"Flying Knee","floor":6},{"not_picked":["Deflect","Footwork"],"picked":"Leg Sweep","floor":10},{"not_picked":["Prepared","Dagger Spray"],"picked":"Dagger Throw","floor":11},{"not_picked":["Footwork","Well Laid Plans"],"picked":"Bullet Time","floor":12},{"not_picked":["Flying Knee","Terror"],"picked":"Blur","floor":14},{"not_picked":["Tactician","Doppelganger"],"picked":"Die Die Die","floor":16},{"not_picked":["Backflip","Outmaneuver"],"picked":"Dodge and Roll","floor":17},{"not_picked":["Eviscerate","Flechettes"],"picked":"Outmaneuver","floor":18}],"player_experience":22318,"potions_floor_usage":[12,12,16,16,16,21],"damage_taken":[{"damage":6,"enemies":"Jaw Worm","floor":1,"turns":8},{"damage":2,"enemies":"2 Louse","floor":3,"turns":3},{"damage":1,"enemies":"Small Slimes","floor":5,"turns":3},{"damage":49,"enemies":"3 Sentries","floor":6,"turns":12},{"damage":7,"enemies":"Looter","floor":10,"turns":2},{"damage":17,"enemies":"Large Slime","floor":11,"turns":7},{"damage":5,"enemies":"Gremlin Gang","floor":12,"turns":7},{"damage":2,"enemies":"Blue Slaver","floor":14,"turns":4},{"damage":28,"enemies":"Hexaghost","floor":16,"turns":12},{"damage":26,"enemies":"Shell Parasite","floor":18,"turns":9},{"damage":49,"enemies":"3 Byrds","floor":21,"turns":5}],"relics_obtained":[{"floor":6,"key":"Potion Belt"},{"floor":9,"key":"Regal Pillow"}],"event_choices":[{"event_name":"Big Fish","player_choice":"Banana","floor":2,"damage_taken":0},{"event_name":"Living Wall","player_choice":"Grow","floor":4,"damage_taken":0},{"event_name":"The Mausoleum","player_choice":"Yes","floor":19,"damage_taken":0}],"boss_relics":[{"not_picked":["Philosopher\u0027s Stone","Eternal Feather"],"picked":"Tiny House"}],"items_purged_floors":[],"potions_floor_spawned":[1,3,10,11,12,18],"seed_played":"5834739543756928835","killed_by":"3 Byrds","ascension_level":0,"potions_obtained":[{"floor":1,"key":"Poison Potion"},{"floor":3,"key":"SpeedPotion"},{"floor":10,"key":"Dexterity Potion"},{"floor":11,"key":"Dexterity Potion"},{"floor":12,"key":"Strength Potion"},{"floor":17,"key":"Block Potion"},{"floor":18,"key":"SteroidPotion"}],"is_trial":false}