{"gold_per_floor":[114,114,45,120,131,131,144,172,242,271,271,291,303,313,313,410,410,430,430,491,541,162,162,232,232,258,276,293,293],"floor_reached":29,"playtime":1151,"items_purged":["Strike_R"],"score":273,"play_id":"3a65f998-ead1-43c0-b189-1744e6e10074","local_time":"20190314010055","is_ascension_mode":true,"campfire_choices":[{"data":"Metallicize","floor":6,"key":"SMITH"},{"data":"Demon Form","floor":11,"key":"SMITH"},{"floor":15,"key":"REST"},{"data":"Inflame","floor":23,"key":"SMITH"},{"floor":25,"key":"REST"}],"neow_cost":"NONE","seed_source_timestamp":16752773673861,"circlet_count":0,"master_deck":["Strike_R","Strike_R","Strike_R","Strike_R","Defend_R","Defend_R","Defend_R","Defend_R","Bash","Metallicize+1","Pommel Strike","Rampage","Demon Form+1","Spot Weakness+1","Headbutt","Berserk","Inflame+1"],"relics":["Burning Blood","NeowsBlessing","Smiling Mask","Pen Nib","Toxic Egg 2","Happy Flower","Snecko Eye","SsserpentHead","Shuriken","Orichalcum"],"potions_floor_usage":[8,8,16,28,28,28],"damage_taken":[{"damage":0,"enemies":"2 Louse","floor":1,"turns":1},{"damage":0,"enemies":"Cultist","floor":5,"turns":1},{"damage":0,"enemies":"Jaw Worm","floor":7,"turns":1},{"damage":27,"enemies":"Lagavulin","floor":8,"turns":6},{"damage":12,"enemies":"Gremlin Nob","floor":10,"turns":4},{"damage":13,"enemies":"3 Louse","floor":12,"turns":4},{"damage":21,"enemies":"Lots of Slimes","floor":13,"turns":5},{"damage":14,"enemies":"Exordium Wildlife","floor":14,"turns":4},{"damage":27,"enemies":"Hexaghost","floor":16,"turns":6},{"damage":2,"enemies":"Spheric Guardian","floor":18,"turns":3},{"damage":7,"enemies":"Chosen","floor":20,"turns":3},{"damage":45,"enemies":"Snake Plant","floor":24,"turns":4},{"damage":39,"enemies":"3 Cultists","floor":27,"turns":4},{"damage":10,"enemies":"Cultist and Chosen","floor":28,"turns":5},{"damage":11,"enemies":"Snake Plant","floor":29,"turns":3}],"seed_played":"2751385322126430490","potions_obtained":[{"floor":1,"key":"Weak Potion"},{"floor":5,"key":"FearPotion"},{"floor":12,"key":"Regen Potion"},{"floor":16,"key":"Energy Potion"},{"floor":20,"key":"LiquidBronze"},{"floor":24,"key":"Weak Potion"}],"is_trial":false,"path_per_floor":["M","?","$","?","M","R","M","E","T","E","R","M","M","M","R","B",null,"M","?","M","?","$","R","M","R","T","M","M","M"],"character_chosen":"IRONCLAD","items_purchased":["Metallicize","Shuriken","Inflame"],"campfire_rested":2,"item_purchase_floors":[3,22,22],"current_hp_per_floor":[80,80,80,69,75,75,80,59,59,53,53,46,31,23,47,40,80,80,80,79,63,63,63,24,48,48,15,11,0],"gold":293,"neow_bonus":"THREE_ENEMY_KILL","is_prod":false,"is_daily":false,"chose_seed":false,"campfire_upgraded":3,"win_rate":0,"timestamp":1552539655,"path_taken":["M","?","?","?","M","R","M","E","T","E","R","M","M","M","R","BOSS","M","?","?","?","$","R","?","R","T","M","M","M"],"build_version":"2019-01-23","purchased_purges":1,"victory":false,"max_hp_per_floor":[80,80,80,80,80,80,80,80,80,80,80,80,80,80,80,80,80,80,80,80,80,80,80,80,80,80,80,80,80],"card_choices":[{"not_picked":["Heavy Blade","Warcry"],"picked":"Rupture","floor":1},{"not_picked":["Perfected Strike","Clash","Disarm"],"picked":"SKIP","floor":5},{"not_picked":["Heavy Blade","Flex"],"picked":"Pommel Strike","floor":7},{"not_picked":["Sever Soul","Wild Strike"],"picked":"Rampage","floor":8},{"not_picked":["Heavy Blade","Whirlwind"],"picked":"Demon Form","floor":10},{"not_picked":["Perfected Strike","Whirlwind","Blood for Blood"],"picked":"SKIP","floor":12},{"not_picked":["Dropkick","Pummel"],"picked":"Spot Weakness+1","floor":13},{"not_picked":["Havoc+1","Rampage"],"picked":"Headbutt","floor":14},{"not_picked":["Exhume+1","Offering+1"],"picked":"Berserk","floor":16},{"not_picked":["Dual Wield+1","Wild Strike+1","Disarm+1"],"picked":"SKIP","floor":18},{"not_picked":["Thunderclap","Anger","Pommel Strike"],"picked":"SKIP","floor":20},{"not_picked":["Clash","Anger+1","Cleave+1"],"picked":"SKIP","floor":24},{"not_picked":["Rampage+1","Headbutt","Uppercut"],"picked":"SKIP","floor":27},{"not_picked":["Fire Breathing","Immolate","Headbutt"],"picked":"SKIP","floor":28}],"player_experience":127559,"relics_obtained":[{"floor":8,"key":"Pen Nib"},{"floor":9,"key":"Toxic Egg 2"},{"floor":10,"key":"Happy Flower"},{"floor":26,"key":"Orichalcum"}],"event_choices":[{"cards_removed":["Rupture"],"damage_healed":0,"gold_gain":0,"player_choice":"Gave Card","damage_taken":0,"relics_obtained":["Smiling Mask"],"max_hp_gain":0,"max_hp_loss":0,"event_name":"WeMeetAgain","floor":2,"gold_loss":0},{"damage_healed":0,"gold_gain":75,"player_choice":"Gather Gold","damage_taken":11,"max_hp_gain":0,"max_hp_loss":0,"event_name":"World of Goop","floor":4,"gold_loss":0},{"damage_healed":0,"gold_gain":0,"player_choice":"Trade","damage_taken":0,"relics_obtained":["SsserpentHead"],"max_hp_gain":0,"max_hp_loss":0,"event_name":"FaceTrader","floor":19,"gold_loss":0},{"damage_healed":0,"gold_gain":0,"player_choice":"POTION ","damage_taken":16,"max_hp_gain":0,"max_hp_loss":0,"event_name":"Knowing Skull","floor":21,"potions_obtained":["Block Potion"],"gold_loss":0,"cards_obtained":[]}],"is_beta":false,"boss_relics":[{"not_picked":["Busted Crown","Runic Cube"],"picked":"Snecko Eye"}],"items_purged_floors":[22],"is_endless":false,"potions_floor_spawned":[1,5,12,16,20,24,27],"killed_by":"Snake Plant","ascension_level":3}