{"gold_per_floor":[112,122,122,8,8,8,22,22,22,42,42,60,60,79,79,176,176,186,186,199,199,218,245,245,260,344,344],"floor_reached":27,"playtime":1148,"items_purged":["Strike_B"],"score":358,"play_id":"81d2cf08-ca36-4d79-9cfb-4d0a5ad4195f","local_time":"20190327103303","is_ascension_mode":true,"campfire_choices":[{"data":"Sunder","floor":6.0,"key":"SMITH"},{"data":"Dualcast","floor":8.0,"key":"SMITH"},{"data":"Reinforced Body","floor":11.0,"key":"SMITH"},{"floor":15.0,"key":"RECALL"},{"floor":24,"key":"REST"}],"neow_cost":"NONE","seed_source_timestamp":0,"circlet_count":0,"master_deck":["Strike_B+1","Strike_B+1","Strike_B","Defend_B","Defend_B","Defend_B","Zap+1","Dualcast+1","Reinforced Body+1","Sunder+1","FTL","Biased Cognition","Hologram+1","Capacitor+1","FTL"],"special_seed":0,"relics":["Runic Dome","DataDisk","Oddly Smooth Stone","Nuclear Battery","Nilry\u0027s Codex","Whetstone","Tiny Chest"],"potions_floor_usage":[],"damage_taken":[{"damage":4.0,"enemies":"2 Louse","floor":1.0,"turns":2.0},{"damage":0.0,"enemies":"Small Slimes","floor":2.0,"turns":3.0},{"damage":0.0,"enemies":"Cultist","floor":7.0,"turns":3.0},{"damage":0.0,"enemies":"Looter","floor":10.0,"turns":2.0},{"damage":0.0,"enemies":"Exordium Wildlife","floor":12.0,"turns":2.0},{"damage":6.0,"enemies":"Lots of Slimes","floor":14.0,"turns":4.0},{"damage":15.0,"enemies":"Slime Boss","floor":16.0,"turns":9.0},{"damage":0,"enemies":"Chosen","floor":18,"turns":5},{"damage":2,"enemies":"Shell Parasite","floor":20,"turns":6},{"damage":6,"enemies":"Shelled Parasite and Fungi","floor":22,"turns":5},{"damage":33,"enemies":"Book of Stabbing","floor":23,"turns":4},{"damage":36,"enemies":"Snake Plant","floor":25,"turns":5},{"damage":6,"enemies":"Chosen and Byrds","floor":27,"turns":1}],"seed_played":"7987358122620300770","potions_obtained":[{"floor":1.0,"key":"SteroidPotion"},{"floor":2.0,"key":"Explosive Potion"},{"floor":12.0,"key":"Weak Potion"},{"floor":16.0,"key":"AttackPotion"}],"is_trial":false,"path_per_floor":["M","M","?","$","?","R","M","R","T","M","R","M","?","M","R","B",null,"M","?","M","?","M","E","R","M","T","M"],"character_chosen":"DEFECT","items_purchased":["Sunder"],"campfire_rested":1,"item_purchase_floors":[4],"current_hp_per_floor":[71,71,71,71,71,71,71,71,71,71,71,71,71,65,65,50,75,75,75,73,57,51,18,40,4,4,0],"gold":344,"neow_bonus":"BOSS_RELIC","is_prod":false,"is_daily":false,"chose_seed":false,"campfire_upgraded":3,"win_rate":0,"timestamp":1553679183,"path_taken":["M","M","?","$","?","R","M","R","T","M","R","M","?","M","R","BOSS","M","?","?","?","M","E","R","M","T","M"],"build_version":"2019-01-23","purchased_purges":1,"victory":false,"max_hp_per_floor":[75,75,75,75,75,75,75,75,75,75,75,75,75,75,75,75,75,75,75,75,75,75,75,75,75,75,75],"card_choices":[{"not_picked":["Scrape","Stack"],"picked":"Reinforced Body","floor":1.0},{"not_picked":["Hello World","Steam Power","Barrage"],"picked":"SKIP","floor":2.0},{"not_picked":["Rebound","Gash","Streamline"],"picked":"SKIP","floor":7.0},{"not_picked":["Gash","Recycle","Turbo"],"picked":"SKIP","floor":10.0},{"not_picked":["Compile Driver","Doom and Gloom","Blizzard"],"picked":"SKIP","floor":12.0},{"not_picked":["Capacitor","Coolheaded"],"picked":"FTL","floor":14.0},{"not_picked":["Reboot","Machine Learning"],"picked":"Biased Cognition","floor":16.0},{"not_picked":["Skim","Steam Power"],"picked":"Hologram+1","floor":18},{"not_picked":["Skim","Hologram+1"],"picked":"Capacitor+1","floor":20},{"not_picked":["Double Energy","Skim+1","Genetic Algorithm"],"picked":"SKIP","floor":22},{"not_picked":["Steam Power","Sweeping Beam+1","Heatsinks"],"picked":"SKIP","floor":23},{"not_picked":["Conserve Battery","Sweeping Beam"],"picked":"FTL","floor":25}],"player_experience":87531,"relics_obtained":[{"floor":9.0,"key":"DataDisk"},{"floor":21,"key":"Nilry\u0027s Codex"},{"floor":23,"key":"Whetstone"},{"floor":26,"key":"Tiny Chest"}],"event_choices":[{"damage_healed":0.0,"max_hp_gain":0.0,"max_hp_loss":0.0,"gold_gain":0.0,"event_name":"Liars Game","player_choice":"Ignored","floor":3.0,"gold_loss":0.0,"damage_taken":0.0},{"damage_healed":0.0,"max_hp_gain":0.0,"max_hp_loss":0.0,"gold_gain":0.0,"event_name":"Living Wall","player_choice":"Grow","floor":5.0,"gold_loss":0.0,"damage_taken":0.0,"cards_upgraded":["Zap"]},{"damage_healed":0.0,"max_hp_gain":0.0,"max_hp_loss":0.0,"gold_gain":0.0,"event_name":"Dead Adventurer","player_choice":"Searched \u00271\u0027 times","floor":13.0,"gold_loss":0.0,"damage_taken":0.0,"relics_obtained":["Oddly Smooth Stone"]},{"cards_removed":["Defend_B"],"damage_healed":0,"gold_gain":0,"player_choice":"Card Removal","damage_taken":0,"max_hp_gain":0,"max_hp_loss":0,"event_name":"Wheel of Change","floor":19,"gold_loss":0},{"damage_healed":0,"gold_gain":0,"player_choice":"Obtained Book","damage_taken":16,"max_hp_gain":0,"max_hp_loss":0,"event_name":"Cursed Tome","floor":21,"gold_loss":0}],"is_beta":false,"boss_relics":[{"not_picked":["Pandora\u0027s Box","White Beast Statue"],"picked":"Nuclear Battery"}],"items_purged_floors":[4],"is_endless":false,"potions_floor_spawned":[1,2,12,16,23,25],"killed_by":"Chosen and Byrds","ascension_level":2}