{"gold_per_floor":[109,123,73,20,20,32,32,63,63,63,63,63,75,94,94,194,194,212,212],"floor_reached":19,"playtime":926,"items_purged":[],"score":167,"play_id":"b3089b1f-dbc2-44f8-94a1-068dfa0cc75d","local_time":"20181125202552","is_ascension_mode":false,"campfire_choices":[{"data":"Zap","floor":7,"key":"SMITH"},{"data":"1","floor":12,"key":"LIFT"},{"data":"2","floor":15,"key":"LIFT"}],"neow_cost":"NONE","seed_source_timestamp":35203917285414,"circlet_count":0,"master_deck":["Zap+1","Dualcast","Conserve Battery+1","Rebound+1","Leap","Core Surge","Ball Lightning","All For One","Leap","Ball Lightning","Force Field","Turbo","Leap","Fusion","Scrape","Recycle"],"relics":["Cracked Core","Girya","Shovel","Pandora\u0027s Box"],"potions_floor_usage":[8,13,16,18,19],"damage_taken":[{"damage":1,"enemies":"Jaw Worm","floor":1,"turns":4},{"damage":3,"enemies":"Small Slimes","floor":2,"turns":4},{"damage":3,"enemies":"2 Louse","floor":6,"turns":2},{"damage":13,"enemies":"3 Sentries","floor":8,"turns":8},{"damage":2,"enemies":"2 Fungi Beasts","floor":13,"turns":2},{"damage":8,"enemies":"Gremlin Gang","floor":14,"turns":3},{"damage":14,"enemies":"Slime Boss","floor":16,"turns":10},{"damage":0,"enemies":"Spheric Guardian","floor":18,"turns":2},{"damage":28,"enemies":"Colosseum Slavers","floor":19,"turns":4},{"damage":84,"enemies":"Colosseum Nobs","floor":19,"turns":5}],"seed_played":"-1369027214476514417","potions_obtained":[{"floor":2,"key":"Regen Potion"},{"floor":6,"key":"EssenceOfSteel"},{"floor":8,"key":"SkillPotion"},{"floor":14,"key":"PowerPotion"},{"floor":16,"key":"Fire Potion"}],"is_trial":false,"path_per_floor":["M","M","?","$","?","M","R","E","T","?","?","R","M","M","R","B",null,"M","?"],"character_chosen":"DEFECT","items_purchased":["Leap"],"campfire_rested":0,"item_purchase_floors":[4],"current_hp_per_floor":[81,78,78,78,83,80,80,67,67,50,50,50,53,45,45,31,87,87,0],"gold":212,"neow_bonus":"TEN_PERCENT_HP_BONUS","is_prod":false,"is_daily":false,"chose_seed":false,"campfire_upgraded":1,"win_rate":0,"timestamp":1543195552,"path_taken":["M","M","?","$","?","M","R","E","T","?","?","R","M","M","R","BOSS","M","?"],"build_version":"2018-11-15","purchased_purges":0,"victory":false,"max_hp_per_floor":[82,82,82,82,87,87,87,87,87,87,87,87,87,87,87,87,87,87,87],"card_choices":[{"not_picked":["Go for the Eyes","Hologram"],"picked":"Conserve Battery","floor":1},{"not_picked":["Conserve Battery","Go for the Eyes"],"picked":"Rebound","floor":2},{"not_picked":["Redo","Steam Power"],"picked":"Core Surge","floor":6},{"not_picked":["Heatsinks","Go for the Eyes"],"picked":"Ball Lightning","floor":8},{"not_picked":["Hologram","Double Energy","Heatsinks"],"picked":"SKIP","floor":13},{"not_picked":["Sweeping Beam","Beam Cell","Go for the Eyes"],"picked":"SKIP","floor":14},{"not_picked":["Rainbow","Fission"],"picked":"All For One","floor":16},{"not_picked":["Blizzard+1","Compile Driver"],"picked":"Recycle","floor":18}],"player_experience":321946,"relics_obtained":[{"floor":8,"key":"Girya"},{"floor":9,"key":"Shovel"}],"event_choices":[{"cards_removed":["Strike_B"],"damage_healed":0,"gold_gain":0,"player_choice":"Card Removal","damage_taken":0,"max_hp_gain":0,"max_hp_loss":0,"event_name":"The Cleric","floor":3,"gold_loss":50},{"damage_healed":0,"gold_gain":0,"player_choice":"Donut","damage_taken":0,"max_hp_gain":5,"max_hp_loss":0,"event_name":"Big Fish","floor":5,"gold_loss":0},{"damage_healed":0,"gold_gain":0,"player_choice":"Entered Light","damage_taken":17,"max_hp_gain":0,"max_hp_loss":0,"event_name":"Shining Light","floor":10,"gold_loss":0,"cards_upgraded":["Strike_B","Conserve Battery"]},{"damage_healed":0,"gold_gain":0,"player_choice":"Grow","damage_taken":0,"max_hp_gain":0,"max_hp_loss":0,"event_name":"Living Wall","floor":11,"gold_loss":0,"cards_upgraded":["Rebound"]},{"damage_healed":0,"gold_gain":0,"player_choice":"Fight","damage_taken":0,"max_hp_gain":0,"max_hp_loss":0,"event_name":"Colosseum","floor":19,"gold_loss":0},{"damage_healed":0,"gold_gain":0,"player_choice":"Fought Nobs","damage_taken":0,"max_hp_gain":0,"max_hp_loss":0,"event_name":"Colosseum","floor":19,"gold_loss":0}],"is_beta":false,"boss_relics":[{"not_picked":["Philosopher\u0027s Stone","Inserter"],"picked":"Pandora\u0027s Box"}],"items_purged_floors":[],"is_endless":false,"potions_floor_spawned":[2,6,8,14,16,19],"killed_by":"Colosseum Nobs","ascension_level":0}