{"gold_per_floor":[119,138,138,18,33,33,53,4,4,4,17,52,70,85,85,180,180,196,32,46,59,59,59,87,87,142,154,154,165,181,81,81,81],"floor_reached":33,"playtime":1129,"items_purged":["Defend_B","Strike_B"],"score":335,"play_id":"167e8d54-6aa3-4d2b-8e91-f15580beed7f","local_time":"20190408182902","is_ascension_mode":true,"campfire_choices":[{"data":"Zap","floor":6,"key":"SMITH"},{"data":"Sunder","floor":10,"key":"SMITH"},{"data":"Rainbow","floor":15,"key":"SMITH"},{"floor":23,"key":"REST"},{"floor":25,"key":"REST"},{"floor":28,"key":"REST"},{"floor":32,"key":"REST"}],"neow_cost":"NONE","seed_source_timestamp":23416780288772,"circlet_count":0,"master_deck":["Strike_B","Strike_B","Strike_B","Defend_B","Defend_B","Defend_B","Zap+1","Dualcast","Conserve Battery","Conserve Battery","Conserve Battery","Sunder+1","Ball Lightning","Rainbow+1","Melter","Conserve Battery","Rebound","Conserve Battery","Gash","Ghostly","Ghostly","Ghostly","Ghostly","Ghostly"],"relics":["Cracked Core","Happy Flower","Mummified Hand","Lizard Tail","Tiny Chest","Ancient Tea Set","Art of War"],"potions_floor_usage":[12,16,24,33,33,33],"damage_taken":[{"damage":1,"enemies":"Cultist","floor":1,"turns":3},{"damage":0,"enemies":"2 Louse","floor":2,"turns":2},{"damage":6,"enemies":"Jaw Worm","floor":5,"turns":3},{"damage":3,"enemies":"2 Fungi Beasts","floor":7,"turns":3},{"damage":6,"enemies":"Exordium Thugs","floor":11,"turns":3},{"damage":11,"enemies":"Lagavulin","floor":12,"turns":5},{"damage":0,"enemies":"Red Slaver","floor":13,"turns":1},{"damage":2,"enemies":"2 Fungi Beasts","floor":14,"turns":2},{"damage":6,"enemies":"The Guardian","floor":16,"turns":9},{"damage":20,"enemies":"Shell Parasite","floor":18,"turns":5},{"damage":0,"enemies":"Spheric Guardian","floor":20,"turns":3},{"damage":25,"enemies":"Snake Plant","floor":21,"turns":4},{"damage":43,"enemies":"Gremlin Leader","floor":24,"turns":10},{"damage":13,"enemies":"Sentry and Sphere","floor":27,"turns":6},{"damage":11,"enemies":"Cultist and Chosen","floor":29,"turns":10},{"damage":6,"enemies":"Centurion and Healer","floor":30,"turns":7},{"damage":51,"enemies":"Collector","floor":33,"turns":7}],"seed_played":"-8868918026693209240","potions_obtained":[{"floor":1,"key":"AttackPotion"},{"floor":7,"key":"Energy Potion"},{"floor":11,"key":"Block Potion"},{"floor":12,"key":"FearPotion"},{"floor":20,"key":"FearPotion"},{"floor":29,"key":"FearPotion"}],"is_trial":false,"path_per_floor":["M","M","$","$","M","R","M","$","T","R","M","E","M","M","R","B",null,"M","$","M","M","?","R","E","R","T","M","R","M","M","$","R","B"],"character_chosen":"DEFECT","items_purchased":["Conserve Battery","Ball Lightning","Tiny Chest","Conserve Battery"],"campfire_rested":4,"item_purchase_floors":[4,8,19,19],"current_hp_per_floor":[81,81,81,81,75,75,72,72,72,72,66,55,55,53,53,47,82,62,62,62,37,37,41,20,32,32,19,31,20,14,14,26,0],"gold":81,"neow_bonus":"TEN_PERCENT_HP_BONUS","is_prod":false,"is_daily":false,"chose_seed":false,"campfire_upgraded":3,"win_rate":0,"timestamp":1554762542,"path_taken":["M","?","?","$","M","R","?","$","T","R","M","E","M","M","R","BOSS","M","$","?","M","?","R","E","R","T","M","R","M","M","$","R","BOSS"],"build_version":"2019-01-23","purchased_purges":2,"victory":false,"max_hp_per_floor":[82,82,82,82,82,82,82,82,82,82,82,82,82,82,82,82,82,82,82,82,82,41,41,41,41,41,41,41,41,41,41,41,41],"card_choices":[{"not_picked":["Beam Cell","Aggregate","Fusion"],"picked":"SKIP","floor":1},{"not_picked":["Barrage","Conserve Battery","Cold Snap"],"picked":"SKIP","floor":2},{"not_picked":["Barrage","Cold Snap"],"picked":"Conserve Battery","floor":2},{"not_picked":["Chill","Loop"],"picked":"Conserve Battery","floor":5},{"not_picked":["Cold Snap","Hologram","Sunder"],"picked":"SKIP","floor":7},{"not_picked":["Cold Snap","Hologram"],"picked":"Sunder","floor":7},{"not_picked":["Undo","Steam Power","Gash"],"picked":"SKIP","floor":11},{"not_picked":["Stack","Reinforced Body"],"picked":"Rainbow","floor":12},{"not_picked":["Gash","Redo"],"picked":"Melter","floor":13},{"not_picked":["Streamline","Steam"],"picked":"Conserve Battery","floor":14},{"not_picked":["Aggregate+1","Tempest"],"picked":"Rebound","floor":18},{"not_picked":["Hologram","Tempest"],"picked":"Gash","floor":20},{"not_picked":["Redo","Chill","Stack"],"picked":"SKIP","floor":21},{"not_picked":["Compile Driver","Blizzard+1","Steam"],"picked":"SKIP","floor":24},{"not_picked":["Steam","Redo","Cold Snap+1"],"picked":"SKIP","floor":27},{"not_picked":["Coolheaded","Sunder","Rebound"],"picked":"SKIP","floor":29},{"not_picked":["Cold Snap","Go for the Eyes","Rip and Tear"],"picked":"SKIP","floor":30}],"player_experience":469701,"relics_obtained":[{"floor":9,"key":"Happy Flower"},{"floor":12,"key":"Mummified Hand"},{"floor":24,"key":"Ancient Tea Set"},{"floor":26,"key":"Art of War"}],"event_choices":[{"damage_healed":0,"gold_gain":0,"player_choice":"Became a Ghost","damage_taken":0,"max_hp_gain":0,"max_hp_loss":41,"event_name":"Ghosts","floor":22,"gold_loss":0,"cards_obtained":["Ghostly","Ghostly","Ghostly","Ghostly","Ghostly"]}],"is_beta":false,"boss_relics":[{"not_picked":["Tiny House","Calling Bell"],"picked":"Lizard Tail"}],"items_purged_floors":[4,31],"is_endless":false,"potions_floor_spawned":[1,7,11,12,20,29,30],"killed_by":"Collector","ascension_level":1}