{"path_per_floor":["M","M","M","?","M","E","R","?","T","R","M","T","M","M","R","B",null,"M","?","?","M","M","R","$","M","T","M"],"character_chosen":"THE_SILENT","items_purchased":["Singing Bowl"],"gold_per_floor":[109,129,144,144,164,190,190,147,147,147,165,165,176,193,193,290,290,306,306,229,249,263,263,118,135,188,206,206],"floor_reached":28,"campfire_rested":4,"playtime":1768,"item_purchase_floors":[24],"current_hp_per_floor":[64,64,57,70,58,21,42,42,42,63,53,53,47,33,54,40,70,58,58,58,45,2,23,23,37,37,17,0],"items_purged":[],"gold":206,"score":249,"play_id":"2ba99a17-74b4-41ee-b7b0-33f608f2e3bf","local_time":"20180616210840","daily_mods":["Draft"],"is_prod":false,"is_daily":false,"chose_seed":true,"is_ascension_mode":false,"campfire_upgraded":0,"win_rate":0,"timestamp":1529197720,"campfire_choices":[{"floor":7,"key":"REST"},{"floor":10,"key":"REST"},{"floor":15,"key":"REST"},{"floor":23,"key":"REST"}],"path_taken":["M","M","M","?","M","E","R","?","T","R","M","?","M","?","R","BOSS","M","?","?","M","M","R","$","M","T","?","M"],"build_version":"2018-06-14v2","seed_source_timestamp":87663741682134,"purchased_purges":0,"victory":false,"master_deck":["Poisoned Stab","Backflip","All Out Attack","Dagger Throw","Choke","Flying Knee","Flying Knee","Quick Slash","Blur","Flechettes","Dagger Throw","Deadly Poison","Infinite Blades","Quick Slash","Crippling Poison","Cloak And Dagger","Distraction","Malaise","Cloak And Dagger+1","Cloak And Dagger+1","All Out Attack","Burst+1","Die Die Die","Deadly Poison+1","J.A.X.+1","Backstab","Cloak And Dagger+1","Backstab"],"max_hp_per_floor":[70,70,70,70,70,70,70,70,70,70,70,70,70,70,70,70,70,70,70,70,70,70,70,70,72,72,72,72],"special_seed":20635678,"relics":["Ring of the Snake","Toxic Egg 2","Girya","Ancient Tea Set","Lizard Tail","Singing Bowl","Tiny Chest"],"card_choices":[{"not_picked":["Endless Agony","Acrobatics"],"picked":"Expertise","floor":0},{"not_picked":["Acrobatics","Terror"],"picked":"Poisoned Stab","floor":0},{"not_picked":["PiercingWail","Outmaneuver"],"picked":"Backflip","floor":0},{"not_picked":["Quick Slash","Heel Hook"],"picked":"All Out Attack","floor":0},{"not_picked":["Underhanded Strike","Eviscerate"],"picked":"Dagger Throw","floor":0},{"not_picked":["Footwork","Leg Sweep"],"picked":"Choke","floor":0},{"not_picked":["Eviscerate","Concentrate"],"picked":"Flying Knee","floor":0},{"not_picked":["PiercingWail","Expertise"],"picked":"Flying Knee","floor":0},{"not_picked":["Underhanded Strike","Acrobatics"],"picked":"Quick Slash","floor":0},{"not_picked":["Prepared","Expertise"],"picked":"Blur","floor":0},{"not_picked":["Cloak And Dagger","Endless Agony"],"picked":"Flechettes","floor":0},{"not_picked":["Expertise","Deflect"],"picked":"Dagger Throw","floor":0},{"not_picked":["Backflip","PiercingWail"],"picked":"Deadly Poison","floor":0},{"not_picked":["Flying Knee","Setup"],"picked":"Infinite Blades","floor":0},{"not_picked":["Dodge and Roll","Outmaneuver"],"picked":"Quick Slash","floor":0},{"not_picked":["Deadly Poison","Heel Hook"],"picked":"Crippling Poison","floor":1},{"not_picked":["PiercingWail","Underhanded Strike"],"picked":"Cloak And Dagger","floor":2},{"not_picked":["Choke","Caltrops"],"picked":"Distraction","floor":3},{"not_picked":["Calculated Gamble","Sucker Punch"],"picked":"Malaise","floor":5},{"not_picked":["Catalyst","After Image"],"picked":"Cloak And Dagger","floor":6},{"not_picked":["Poisoned Stab","Heel Hook"],"picked":"Cloak And Dagger+1","floor":11},{"not_picked":["Blur+1","Blade Dance+1"],"picked":"All Out Attack","floor":13},{"not_picked":["Bane","Poisoned Stab"],"picked":"Burst+1","floor":14},{"not_picked":["Phantasmal Killer+1","Corpse Explosion"],"picked":"Die Die Die","floor":16},{"not_picked":["Sucker Punch","Eviscerate"],"picked":"Deadly Poison+1","floor":18},{"not_picked":["Flechettes+1","Cloak And Dagger+1"],"picked":"Backstab","floor":21},{"not_picked":["Deflect+1","Well Laid Plans"],"picked":"Cloak And Dagger+1","floor":22},{"not_picked":["Expertise+1","Cloak And Dagger+1","Dagger Throw+1"],"picked":"Singing Bowl","floor":25},{"not_picked":["Noxious Fumes","Corpse Explosion"],"picked":"Backstab","floor":27}],"player_experience":99454,"potions_floor_usage":[16,16,21,22],"damage_taken":[{"damage":6,"enemies":"Jaw Worm","floor":1,"turns":3},{"damage":0,"enemies":"Small Slimes","floor":2,"turns":2},{"damage":7,"enemies":"2 Louse","floor":3,"turns":2},{"damage":12,"enemies":"Blue Slaver","floor":5,"turns":3},{"damage":37,"enemies":"Lagavulin","floor":6,"turns":7},{"damage":10,"enemies":"Exordium Wildlife","floor":11,"turns":3},{"damage":6,"enemies":"Looter","floor":13,"turns":4},{"damage":14,"enemies":"Exordium Thugs","floor":14,"turns":3},{"damage":14,"enemies":"Hexaghost","floor":16,"turns":8},{"damage":12,"enemies":"Chosen","floor":18,"turns":6},{"damage":13,"enemies":"Spheric Guardian","floor":21,"turns":3},{"damage":43,"enemies":"Snecko","floor":22,"turns":5},{"damage":23,"enemies":"Centurion and Healer","floor":25,"turns":5},{"damage":20,"enemies":"Snake Plant","floor":27,"turns":4},{"damage":20,"enemies":"Sentry and Sphere","floor":28,"turns":3}],"relics_obtained":[{"floor":6,"key":"Toxic Egg 2"},{"floor":9,"key":"Girya"},{"floor":12,"key":"Ancient Tea Set"},{"floor":26,"key":"Tiny Chest"}],"event_choices":[{"event_name":"Big Fish","player_choice":"Banana","floor":4,"damage_taken":0},{"event_name":"World of Goop","player_choice":"Left","floor":8,"damage_taken":0},{"event_name":"Purifier","player_choice":"One Purge","floor":19,"damage_taken":0},{"event_name":"Drug Dealer","player_choice":"Got JAXXED","floor":20,"damage_taken":0}],"boss_relics":[{"not_picked":["Eternal Feather","Snecko Eye"],"picked":"Lizard Tail"}],"items_purged_floors":[],"is_endless":false,"potions_floor_spawned":[1,3,13,14,16,18],"seed_played":"-5871161274066889929","killed_by":"Sentry and Sphere","ascension_level":0,"potions_obtained":[{"floor":1,"key":"Weak Potion"},{"floor":3,"key":"Poison Potion"},{"floor":13,"key":"AttackPotion"},{"floor":16,"key":"Fire Potion"},{"floor":18,"key":"FearPotion"}],"is_trial":true}