{"gold_per_floor":[18,18,33,33,47,47,81,81,108,120,132,144,188,216,228,336,348,375,387,409,421,451,493,505,0,12,24],"floor_reached":27,"playtime":996,"items_purged":[],"score":263,"play_id":"d7ef3def-d58b-4439-a3b4-6bbb16889fbf","local_time":"20190406035134","is_ascension_mode":true,"campfire_choices":[{"data":"Zap","floor":6,"key":"SMITH"},{"floor":8,"key":"REST"},{"floor":12,"key":"REST"},{"floor":15,"key":"REST"},{"floor":24,"key":"REST"}],"neow_cost":"NO_GOLD","seed_source_timestamp":204903067125600,"circlet_count":0,"master_deck":["Strike_B","Strike_B","Defend_B","Defend_B","Defend_B","Defend_B","Zap+1","Dualcast+1","Ball Lightning","Aggregate","Leap","Conserve Battery","Hello World","Gash","Creative AI+1","Fusion","Defragment+1","Steam+1","Gash+1"],"relics":["Cracked Core","Bronze Scales","MawBank","Question Card","Inserter","Singing Bowl","Gambling Chip"],"potions_floor_usage":[13,14,23,23,27],"damage_taken":[{"damage":7,"enemies":"2 Louse","floor":1,"turns":2},{"damage":2,"enemies":"Jaw Worm","floor":3,"turns":2},{"damage":6,"enemies":"Cultist","floor":5,"turns":3},{"damage":43,"enemies":"Gremlin Nob","floor":7,"turns":5},{"damage":8,"enemies":"Lagavulin","floor":13,"turns":5},{"damage":13,"enemies":"Lots of Slimes","floor":14,"turns":2},{"damage":17,"enemies":"The Guardian","floor":16,"turns":10},{"damage":9,"enemies":"Chosen","floor":18,"turns":5},{"damage":12,"enemies":"3 Byrds","floor":20,"turns":3},{"damage":27,"enemies":"Shelled Parasite and Fungi","floor":22,"turns":6},{"damage":40,"enemies":"Book of Stabbing","floor":23,"turns":6},{"damage":28,"enemies":"Colosseum Slavers","floor":27,"turns":2}],"seed_played":"5679017794377043068","potions_obtained":[{"floor":3,"key":"Energy Potion"},{"floor":5,"key":"Poison Potion"},{"floor":7,"key":"Explosive Potion"},{"floor":13,"key":"Weak Potion"},{"floor":16,"key":"Regen Potion"},{"floor":23,"key":"AttackPotion"}],"is_trial":false,"path_per_floor":["M","?","M","$","M","R","E","R","T","$","?","R","E","M","R","B",null,"M","?","M","$","M","E","R","?","T","?"],"character_chosen":"DEFECT","items_purchased":[],"campfire_rested":4,"item_purchase_floors":[],"current_hp_per_floor":[68,68,66,66,60,60,17,39,39,39,39,61,53,40,62,45,75,66,66,54,54,27,2,24,24,24,0],"gold":24,"neow_bonus":"REMOVE_TWO","is_prod":false,"is_daily":false,"chose_seed":false,"campfire_upgraded":1,"win_rate":0,"timestamp":1554537094,"path_taken":["M","?","M","$","M","R","E","R","T","$","?","R","E","?","R","BOSS","M","?","?","?","M","E","R","?","T","?"],"build_version":"2019-01-23","purchased_purges":0,"victory":false,"max_hp_per_floor":[75,75,75,75,75,75,75,75,75,75,75,75,75,75,75,75,75,75,75,75,75,75,75,75,75,75,75],"card_choices":[{"not_picked":["Barrage","Double Energy"],"picked":"Ball Lightning","floor":1},{"not_picked":["Sweeping Beam","Turbo"],"picked":"Aggregate","floor":3},{"not_picked":["Sweeping Beam","Double Energy"],"picked":"Leap","floor":5},{"not_picked":["Core Surge","Streamline"],"picked":"Conserve Battery","floor":7},{"not_picked":["Steam","Genetic Algorithm"],"picked":"Hello World","floor":13},{"not_picked":["Melter","Rebound","Streamline"],"picked":"Gash","floor":14},{"not_picked":["Core Surge","Meteor Strike","Fission"],"picked":"Creative AI","floor":16},{"not_picked":["Streamline","Steam","Reprogram"],"picked":"Fusion","floor":18},{"not_picked":["Coolheaded","Streamline","Cold Snap"],"picked":"Defragment+1","floor":20},{"not_picked":["Seek","Beam Cell","Stack"],"picked":"Steam+1","floor":22},{"not_picked":["Hologram+1","Recycle","Compile Driver"],"picked":"Gash+1","floor":23}],"player_experience":209704,"relics_obtained":[{"floor":7,"key":"Bronze Scales"},{"floor":9,"key":"MawBank"},{"floor":13,"key":"Question Card"},{"floor":23,"key":"Singing Bowl"},{"floor":26,"key":"Gambling Chip"}],"event_choices":[{"damage_healed":0,"gold_gain":0,"player_choice":"Ignored","damage_taken":0,"max_hp_gain":0,"max_hp_loss":0,"event_name":"Liars Game","floor":2,"gold_loss":0},{"damage_healed":0,"gold_gain":0,"player_choice":"Grow","damage_taken":0,"max_hp_gain":0,"max_hp_loss":0,"event_name":"Living Wall","floor":11,"gold_loss":0,"cards_upgraded":["Dualcast"]},{"damage_healed":0,"gold_gain":0,"player_choice":"Upgraded","damage_taken":0,"max_hp_gain":0,"max_hp_loss":0,"event_name":"Upgrade Shrine","floor":19,"gold_loss":0,"cards_upgraded":["Creative AI"]},{"damage_healed":0,"gold_gain":0,"player_choice":"Paid Fearfully","damage_taken":0,"max_hp_gain":0,"max_hp_loss":0,"event_name":"Masked Bandits","floor":25,"gold_loss":517},{"damage_healed":0,"gold_gain":0,"player_choice":"Fight","damage_taken":0,"max_hp_gain":0,"max_hp_loss":0,"event_name":"Colosseum","floor":27,"gold_loss":0}],"is_beta":false,"boss_relics":[{"not_picked":["Philosopher\u0027s Stone","Fusion Hammer"],"picked":"Inserter"}],"items_purged_floors":[],"is_endless":false,"potions_floor_spawned":[3,5,7,13,16,23],"killed_by":"Colosseum Slavers","ascension_level":2}