{"gold_per_floor":[117,117,35,35,0,0,26,26,26,40,54,79,79,114,114,215,215,203,213,87,98,98,130,130,146,195,195,230,155,186,36,36,36],"floor_reached":33,"playtime":1775,"items_purged":["Regret"],"score":396,"play_id":"ce800e8c-830d-4913-86be-9c62eb3041ef","local_time":"20190310171423","is_ascension_mode":true,"campfire_choices":[{"data":"Flame Barrier","floor":6,"key":"SMITH"},{"data":"Iron Wave","floor":15,"key":"SMITH"},{"floor":24,"key":"REST"},{"floor":27,"key":"REST"},{"floor":32,"key":"REST"}],"neow_cost":"NONE","seed_source_timestamp":60484103010375,"circlet_count":0,"master_deck":["Strike_R+1","Strike_R+1","Defend_R","Defend_R","Defend_R+1","Defend_R+1","Bash","Iron Wave+1","Flame Barrier+1","Shrug It Off+1","Warcry+1","Metallicize+1","Armaments+1","Metallicize","Spot Weakness+1","Body Slam","Iron Wave"],"relics":["Black Blood","NeowsBlessing","Toxic Egg 2","Mercury Hourglass","Blue Candle","Bag of Preparation","Shuriken","Orichalcum","Happy Flower","Vajra","Juzu Bracelet","War Paint"],"potions_floor_usage":[16,28,30,30,30],"damage_taken":[{"damage":0,"enemies":"Small Slimes","floor":1,"turns":1},{"damage":0,"enemies":"Gremlin Nob","floor":7,"turns":1},{"damage":0,"enemies":"Cultist","floor":10,"turns":1},{"damage":0,"enemies":"2 Louse","floor":11,"turns":2},{"damage":5,"enemies":"3 Sentries","floor":12,"turns":9},{"damage":23,"enemies":"Lagavulin","floor":14,"turns":7},{"damage":23,"enemies":"The Guardian","floor":16,"turns":14},{"damage":23,"enemies":"2 Thieves","floor":18,"turns":4},{"damage":12,"enemies":"Spheric Guardian","floor":19,"turns":6},{"damage":11,"enemies":"Snake Plant","floor":21,"turns":5},{"damage":63,"enemies":"Book of Stabbing","floor":23,"turns":8},{"damage":6,"enemies":"Centurion and Healer","floor":25,"turns":14},{"damage":44,"enemies":"Slavers","floor":28,"turns":7},{"damage":25,"enemies":"Gremlin Leader","floor":30,"turns":8},{"damage":51,"enemies":"Collector","floor":33,"turns":5}],"seed_played":"-4126913223630484399","potions_obtained":[{"floor":10,"key":"Explosive Potion"},{"floor":11,"key":"Ancient Potion"},{"floor":12,"key":"Weak Potion"},{"floor":14,"key":"Poison Potion"},{"floor":16,"key":"SpeedPotion"},{"floor":21,"key":"PowerPotion"},{"floor":28,"key":"EssenceOfSteel"},{"floor":30,"key":"FearPotion"}],"is_trial":false,"path_per_floor":["M","?","$","?","?","R","E","?","T","M","M","E","?","E","R","B",null,"M","M","$","M","?","E","R","M","T","R","E","?","E","$","R","B"],"character_chosen":"IRONCLAD","items_purchased":["Flame Barrier","Armaments+1","War Paint"],"campfire_rested":3,"item_purchase_floors":[3,20,31],"current_hp_per_floor":[80,80,80,73,80,80,80,64,64,70,76,77,77,60,60,43,80,67,65,65,64,64,11,35,39,39,63,29,29,14,14,38,0],"gold":36,"neow_bonus":"THREE_ENEMY_KILL","is_prod":false,"is_daily":false,"chose_seed":false,"campfire_upgraded":2,"win_rate":0,"timestamp":1552252463,"path_taken":["M","?","$","?","?","R","E","?","T","?","M","E","?","E","R","BOSS","M","M","$","M","?","E","R","M","T","R","E","?","E","$","R","BOSS"],"build_version":"2019-01-23","purchased_purges":1,"victory":false,"max_hp_per_floor":[80,80,80,80,80,80,80,80,80,80,80,80,80,80,80,80,80,80,80,80,80,80,80,80,80,80,80,80,80,80,80,80,80],"card_choices":[{"not_picked":["Clash","Cleave"],"picked":"Iron Wave","floor":1},{"not_picked":["Power Through","Rupture","Immolate"],"picked":"SKIP","floor":7},{"not_picked":["True Grit+1","Corruption"],"picked":"Shrug It Off+1","floor":10},{"not_picked":["Anger","Corruption","Pummel"],"picked":"SKIP","floor":11},{"not_picked":["Whirlwind","Burning Pact+1"],"picked":"Warcry+1","floor":12},{"not_picked":["Havoc+1","Perfected Strike","Combust"],"picked":"SKIP","floor":14},{"not_picked":["Seeing Red+1","Corruption"],"picked":"Metallicize+1","floor":18},{"not_picked":["Clothesline","Bloodletting+1","Thunderclap"],"picked":"SKIP","floor":19},{"not_picked":["True Grit+1","Uppercut","Perfected Strike"],"picked":"SKIP","floor":21},{"not_picked":["Shrug It Off+1","Rampage"],"picked":"Metallicize","floor":23},{"not_picked":["True Grit+1","Clash"],"picked":"Spot Weakness+1","floor":25},{"not_picked":["Hemokinesis","Warcry+1"],"picked":"Body Slam","floor":28},{"not_picked":["Sever Soul","Sword Boomerang"],"picked":"Iron Wave","floor":30}],"player_experience":114473,"relics_obtained":[{"floor":7,"key":"Toxic Egg 2"},{"floor":9,"key":"Mercury Hourglass"},{"floor":12,"key":"Blue Candle"},{"floor":14,"key":"Shuriken"},{"floor":23,"key":"Orichalcum"},{"floor":26,"key":"Happy Flower"},{"floor":28,"key":"Vajra"},{"floor":30,"key":"Juzu Bracelet"}],"event_choices":[{"cards_removed":["Strike_R"],"damage_healed":0,"gold_gain":0,"player_choice":"Purged","damage_taken":0,"max_hp_gain":0,"max_hp_loss":0,"event_name":"Purifier","floor":2,"gold_loss":0},{"cards_removed":["Strike_R"],"damage_healed":0,"gold_gain":0,"player_choice":"Card Removal","damage_taken":7,"max_hp_gain":0,"max_hp_loss":0,"event_name":"Golden Wing","floor":4,"gold_loss":0},{"damage_healed":20,"gold_gain":0,"player_choice":"Healed","damage_taken":0,"max_hp_gain":0,"max_hp_loss":0,"event_name":"The Cleric","floor":5,"gold_loss":35},{"damage_healed":0,"gold_gain":0,"player_choice":"Entered Light","damage_taken":16,"max_hp_gain":0,"max_hp_loss":0,"event_name":"Shining Light","floor":8,"gold_loss":0,"cards_upgraded":["Strike_R","Strike_R"]},{"damage_healed":0,"gold_gain":0,"player_choice":"Box","damage_taken":0,"relics_obtained":["Bag of Preparation"],"max_hp_gain":0,"max_hp_loss":0,"event_name":"Big Fish","floor":13,"gold_loss":0,"cards_obtained":["Regret"]},{"damage_healed":0,"gold_gain":0,"player_choice":"Ignored","damage_taken":0,"max_hp_gain":0,"max_hp_loss":0,"event_name":"Cursed Tome","floor":22,"gold_loss":0},{"cards_removed":["Strike_R"],"damage_healed":0,"gold_gain":0,"player_choice":"Gave Gold","damage_taken":0,"max_hp_gain":0,"max_hp_loss":0,"event_name":"Beggar","floor":29,"gold_loss":75}],"is_beta":false,"boss_relics":[{"not_picked":["Coffee Dripper","Cursed Key"],"picked":"Black Blood"}],"items_purged_floors":[20],"is_endless":false,"potions_floor_spawned":[10,11,12,14,16,19,21,23,28,30],"killed_by":"Collector","ascension_level":3}