{"gold_per_floor":[119,119,134,134,134,161,161,181,208,133,158,158,168,182,182,259,259,279,279,204,119,119,119,153,153,201,289,333,357,369,396,408,420],"floor_reached":33,"playtime":1042,"items_purged":["Strike_R"],"score":592,"play_id":"521bcd74-04be-473f-baf9-7f2b8ab2a791","local_time":"20190316200501","is_ascension_mode":true,"campfire_choices":[{"data":"Searing Blow+1","floor":7,"key":"SMITH"},{"data":"Searing Blow+2","floor":12,"key":"SMITH"},{"data":"Searing Blow+3","floor":15,"key":"SMITH"},{"data":"Searing Blow+4","floor":23,"key":"SMITH"},{"data":"Searing Blow+5","floor":25,"key":"SMITH"},{"data":"Searing Blow+6","floor":32,"key":"SMITH"}],"neow_cost":"NONE","seed_source_timestamp":78365782889217,"circlet_count":0,"master_deck":["AscendersBane","Strike_R","Strike_R","Strike_R","Defend_R","Defend_R","Defend_R","Defend_R","Bash+1","Shrug It Off","Searing Blow+7","Battle Trance","Thunderclap","Shrug It Off","Offering","Headbutt"],"relics":["Burning Blood","PreservedInsect","Bronze Scales","Regal Pillow","Lantern","Coffee Dripper","MutagenicStrength","Charon\u0027s Ashes","Strawberry","MawBank","The Courier","Red Mask"],"potions_floor_usage":[11,11,16,24,28,31,33],"damage_taken":[{"damage":11,"enemies":"Jaw Worm","floor":1,"turns":6},{"damage":7,"enemies":"Cultist","floor":3,"turns":4},{"damage":3,"enemies":"Gremlin Nob","floor":6,"turns":3},{"damage":0,"enemies":"Small Slimes","floor":8,"turns":3},{"damage":20,"enemies":"Lagavulin","floor":11,"turns":6},{"damage":4,"enemies":"3 Louse","floor":13,"turns":3},{"damage":6,"enemies":"Exordium Wildlife","floor":14,"turns":3},{"damage":34,"enemies":"Hexaghost","floor":16,"turns":7},{"damage":6,"enemies":"Chosen","floor":18,"turns":3},{"damage":6,"enemies":"Book of Stabbing","floor":24,"turns":2},{"damage":6,"enemies":"Masked Bandits","floor":28,"turns":3},{"damage":6,"enemies":"2 Thieves","floor":29,"turns":3},{"damage":0,"enemies":"Centurion and Healer","floor":31,"turns":4},{"damage":95,"enemies":"Champ","floor":33,"turns":6}],"seed_played":"-7123735446288973224","potions_obtained":[{"floor":6,"key":"SpeedPotion"},{"floor":8,"key":"Poison Potion"},{"floor":13,"key":"Strength Potion"},{"floor":16,"key":"Swift Potion"},{"floor":18,"key":"FearPotion"},{"floor":29,"key":"GamblersBrew"},{"floor":31,"key":"Weak Potion"}],"is_trial":false,"path_per_floor":["M","?","M","?","?","E","R","M","T","$","E","R","M","M","R","B",null,"M","?","?","?","?","R","E","R","T","T","?","M","$","M","R","B"],"character_chosen":"IRONCLAD","items_purchased":[],"campfire_rested":0,"item_purchase_floors":[],"current_hp_per_floor":[63,63,62,67,43,46,46,52,52,52,38,38,40,40,40,12,63,63,63,63,63,79,79,86,86,86,86,86,86,86,87,87,0],"gold":420,"neow_bonus":"RANDOM_COMMON_RELIC","is_prod":false,"is_daily":false,"chose_seed":false,"campfire_upgraded":6,"win_rate":0,"timestamp":1552752301,"path_taken":["M","?","?","?","?","E","R","M","T","$","E","R","M","M","R","BOSS","M","?","?","?","?","R","E","R","T","?","?","M","$","M","R","BOSS"],"build_version":"2019-01-23","purchased_purges":1,"victory":false,"max_hp_per_floor":[75,75,75,80,80,80,80,80,80,80,80,80,80,80,80,80,80,80,80,80,80,80,80,87,87,87,87,87,87,87,87,87,87],"card_choices":[{"not_picked":["Wild Strike","Power Through"],"picked":"Shrug It Off","floor":1},{"not_picked":["Twin Strike","Warcry"],"picked":"Battle Trance","floor":3},{"not_picked":["Searing Blow","Dark Embrace","Cleave"],"picked":"SKIP","floor":6},{"not_picked":["Flex","Pummel"],"picked":"Thunderclap","floor":8},{"not_picked":["Shockwave","Pummel","Heavy Blade"],"picked":"SKIP","floor":11},{"not_picked":["Heavy Blade","Sentinel"],"picked":"Shrug It Off","floor":13},{"not_picked":["Wild Strike","Flame Barrier","Iron Wave"],"picked":"SKIP","floor":14},{"not_picked":["Feed","Impervious"],"picked":"Offering","floor":16},{"not_picked":["Spot Weakness","Clothesline","Whirlwind"],"picked":"SKIP","floor":18},{"not_picked":["Thunderclap","Warcry+1","Corruption"],"picked":"SKIP","floor":24},{"not_picked":["Second Wind","Armaments"],"picked":"Headbutt","floor":28},{"not_picked":["Flex","Perfected Strike","Havoc+1"],"picked":"SKIP","floor":29},{"not_picked":["Body Slam","Heavy Blade","Perfected Strike"],"picked":"SKIP","floor":31}],"player_experience":747184,"relics_obtained":[{"floor":6,"key":"Bronze Scales"},{"floor":9,"key":"Regal Pillow"},{"floor":11,"key":"Lantern"},{"floor":24,"key":"Strawberry"},{"floor":26,"key":"MawBank"},{"floor":27,"key":"The Courier"},{"floor":28,"key":"Red Mask"}],"event_choices":[{"damage_healed":0,"gold_gain":0,"player_choice":"1 cards matched","damage_taken":0,"max_hp_gain":0,"max_hp_loss":0,"event_name":"Match and Keep!","floor":2,"gold_loss":0,"cards_obtained":["Searing Blow"]},{"damage_healed":0,"gold_gain":0,"player_choice":"Donut","damage_taken":0,"max_hp_gain":5,"max_hp_loss":0,"event_name":"Big Fish","floor":4,"gold_loss":0},{"damage_healed":0,"gold_gain":0,"player_choice":"Entered Light","damage_taken":24,"max_hp_gain":0,"max_hp_loss":0,"event_name":"Shining Light","floor":5,"gold_loss":0,"cards_upgraded":["Searing Blow","Bash"]},{"damage_healed":0,"gold_gain":0,"player_choice":"Inject Mutagens","damage_taken":0,"relics_obtained":["MutagenicStrength"],"max_hp_gain":0,"max_hp_loss":0,"event_name":"Drug Dealer","floor":19,"gold_loss":0},{"cards_removed":["Strike_R"],"damage_healed":0,"gold_gain":0,"player_choice":"Gave Gold","damage_taken":0,"max_hp_gain":0,"max_hp_loss":0,"event_name":"Beggar","floor":20,"gold_loss":75},{"damage_healed":0,"gold_gain":0,"player_choice":"Obtained Relic","damage_taken":0,"relics_obtained":["Charon\u0027s Ashes"],"max_hp_gain":0,"max_hp_loss":0,"event_name":"Addict","floor":21,"gold_loss":85},{"damage_healed":16,"gold_gain":0,"player_choice":"Heal","damage_taken":0,"max_hp_gain":0,"max_hp_loss":0,"event_name":"The Library","floor":22,"gold_loss":0},{"damage_healed":0,"gold_gain":0,"player_choice":"Fought Bandits","damage_taken":0,"max_hp_gain":0,"max_hp_loss":0,"event_name":"Masked Bandits","floor":28,"gold_loss":0}],"is_beta":false,"boss_relics":[{"not_picked":["White Beast Statue","Pandora\u0027s Box"],"picked":"Coffee Dripper"}],"items_purged_floors":[10],"is_endless":false,"potions_floor_spawned":[6,8,13,16,18,29,31],"killed_by":"Champ","ascension_level":20}