{"gold_per_floor":[113,388,50,68,78,107,107,77,104,104,139,152,166,177,177,256,256,256,256,256,256,256,256,256,216,216,216,216,216,216,216,216,216,216,216,216,45,45,5,5,5,5,5,5,5,5,5,5,5,5],"floor_reached":51,"playtime":3297,"items_purged":["Regret"],"score":1460,"play_id":"56473c7a-9155-4eef-a1ae-37e9d641a3fd","local_time":"20190416230323","is_ascension_mode":true,"campfire_choices":[{"floor":7.0,"key":"REST"},{"floor":10.0,"key":"REST"},{"floor":15.0,"key":"REST"},{"floor":23.0,"key":"REST"},{"data":"Defragment","floor":27.0,"key":"SMITH"},{"data":"Heatsinks","floor":29.0,"key":"SMITH"},{"floor":32.0,"key":"REST"},{"data":"Barrage","floor":40.0,"key":"SMITH"},{"data":"Recycle","floor":42.0,"key":"SMITH"},{"data":"Seek","floor":49.0,"key":"SMITH"}],"neow_cost":"NONE","seed_source_timestamp":0,"circlet_count":0,"master_deck":["AscendersBane","Strike_B","Strike_B","Defend_B","Defend_B","Defend_B","Zap","Dualcast","Storm+1","Leap+1","Tempest+1","Reinforced Body","Conserve Battery","Tempest","Static Discharge","Static Discharge","Cold Snap","Heatsinks+1","Recycle+1","Capacitor","BootSequence","Barrage+1","Reboot","Conserve Battery","Coolheaded","Coolheaded","Undo","Defragment+1","Coolheaded","Seek+1","Ball Lightning+1","Static Discharge","Capacitor","Electrodynamics","Hologram+1","Force Field"],"special_seed":0,"relics":["Astrolabe","Mummified Hand","Dream Catcher","DataDisk","Bottled Tornado","Ectoplasm","PreservedInsect","Bag of Preparation","Sozu","Omamori","StoneCalendar","Dead Branch","Ancient Tea Set","Boot","Singing Bowl"],"potions_floor_usage":[50,50],"damage_taken":[{"damage":9.0,"enemies":"Small Slimes","floor":1.0,"turns":4.0},{"damage":1.0,"enemies":"Cultist","floor":4.0,"turns":4.0},{"damage":2.0,"enemies":"2 Louse","floor":5.0,"turns":3.0},{"damage":39.0,"enemies":"Lagavulin","floor":6.0,"turns":8.0},{"damage":12.0,"enemies":"Gremlin Nob","floor":11.0,"turns":3.0},{"damage":13.0,"enemies":"Exordium Thugs","floor":12.0,"turns":3.0},{"damage":1.0,"enemies":"3 Louse","floor":13.0,"turns":3.0},{"damage":8.0,"enemies":"Blue Slaver","floor":14.0,"turns":3.0},{"damage":25.0,"enemies":"The Guardian","floor":16.0,"turns":10.0},{"damage":3.0,"enemies":"Spheric Guardian","floor":18.0,"turns":3.0},{"damage":1.0,"enemies":"Shell Parasite","floor":19.0,"turns":4.0},{"damage":0.0,"enemies":"Cultist and Chosen","floor":20.0,"turns":3.0},{"damage":8.0,"enemies":"Snecko","floor":22.0,"turns":4.0},{"damage":4.0,"enemies":"Snake Plant","floor":24.0,"turns":4.0},{"damage":14.0,"enemies":"Cultist and Chosen","floor":28.0,"turns":6.0},{"damage":0.0,"enemies":"Book of Stabbing","floor":31.0,"turns":3.0},{"damage":38.0,"enemies":"Collector","floor":33.0,"turns":15.0},{"damage":0.0,"enemies":"3 Shapes","floor":35.0,"turns":4.0},{"damage":0.0,"enemies":"2 Orb Walkers","floor":38.0,"turns":6.0},{"damage":0.0,"enemies":"Reptomancer","floor":41.0,"turns":5.0},{"damage":0.0,"enemies":"3 Darklings","floor":44.0,"turns":3.0},{"damage":0.0,"enemies":"Nemesis","floor":45.0,"turns":3.0},{"damage":0.0,"enemies":"Maw","floor":46.0,"turns":4.0},{"damage":0.0,"enemies":"Writhing Mass","floor":48.0,"turns":4.0},{"damage":47,"enemies":"Awakened One","floor":50,"turns":20}],"seed_played":"8370805555888987923","potions_obtained":[{"floor":4.0,"key":"SpeedPotion"},{"floor":5.0,"key":"SmokeBomb"},{"floor":12.0,"key":"AttackPotion"},{"floor":16.0,"key":"PowerPotion"},{"floor":22.0,"key":"Dexterity Potion"},{"floor":33.0,"key":"Strength Potion"}],"is_trial":false,"path_per_floor":["M","?","$","M","M","E","R","?","T","R","E","M","M","M","R","B",null,"M","M","M","?","M","R","M","$","T","R","M","R","?","E","R","B",null,"M","?","$","?","$","R","E","R","T","M","E","M","T","M","R","B",null],"character_chosen":"DEFECT","items_purchased":["Mummified Hand","Defragment","Omamori","Capacitor"],"campfire_rested":5,"item_purchase_floors":[3,25,37,39],"current_hp_per_floor":[55,55,55,54,52,13,34,34,34,55,43,30,29,21,42,17,58,55,54,54,54,46,67,63,63,63,63,49,49,42,42,63,25,60,60,60,60,60,60,60,60,60,60,60,60,60,60,62,62,15],"gold":5,"neow_bonus":"BOSS_RELIC","is_prod":false,"is_daily":false,"chose_seed":false,"campfire_upgraded":5,"win_rate":0,"timestamp":1555423403,"path_taken":["M","?","$","M","?","E","R","?","T","R","E","M","?","M","R","BOSS","M","M","?","?","M","R","M","$","T","R","M","R","?","E","R","BOSS","M","?","$","?","?","R","E","R","T","M","E","?","?","M","R","BOSS"],"build_version":"2019-01-23","purchased_purges":1,"victory":true,"max_hp_per_floor":[71,71,71,71,71,71,71,71,71,71,71,71,71,71,71,71,71,71,71,71,71,71,71,71,71,71,71,71,71,71,71,71,71,71,71,71,71,71,71,71,71,71,71,71,71,71,71,73,73,73],"card_choices":[{"not_picked":["Compile Driver","Steam"],"picked":"Reinforced Body","floor":1.0},{"not_picked":["Lockon","Turbo"],"picked":"Conserve Battery","floor":4.0},{"not_picked":["Hologram","Go for the Eyes"],"picked":"Tempest","floor":5.0},{"not_picked":["Lockon","Conserve Battery"],"picked":"Static Discharge","floor":6.0},{"not_picked":["Stack","Reprogram"],"picked":"Static Discharge","floor":7.0},{"not_picked":["Go for the Eyes","Ball Lightning"],"picked":"Cold Snap","floor":10.0},{"not_picked":["Streamline","Beam Cell"],"picked":"Heatsinks","floor":11.0},{"not_picked":["Beam Cell","Sweeping Beam"],"picked":"Recycle","floor":12.0},{"not_picked":["Reprogram","BootSequence"],"picked":"Capacitor","floor":13.0},{"not_picked":["Gash","Heatsinks"],"picked":"BootSequence","floor":14.0},{"not_picked":["Beam Cell","FTL"],"picked":"Barrage","floor":15.0},{"not_picked":["Meteor Strike","All For One"],"picked":"Reboot","floor":16.0},{"not_picked":["Steam","Go for the Eyes"],"picked":"Conserve Battery","floor":18.0},{"not_picked":["Ball Lightning","Reprogram","Go for the Eyes"],"picked":"SKIP","floor":19.0},{"not_picked":["Stack","Auto Shields"],"picked":"Coolheaded","floor":22.0},{"not_picked":["Rebound","Redo"],"picked":"Undo","floor":24.0},{"not_picked":["Hologram","Steam Power","Leap"],"picked":"SKIP","floor":28.0},{"not_picked":["Streamline","Hyperbeam"],"picked":"Coolheaded","floor":31.0},{"not_picked":["Machine Learning","All For One"],"picked":"Seek","floor":33.0},{"not_picked":["BootSequence","Stack"],"picked":"Ball Lightning+1","floor":35.0},{"not_picked":["Aggregate","Leap+1"],"picked":"Static Discharge","floor":38.0},{"not_picked":["Rip and Tear","Storm"],"picked":"Electrodynamics","floor":41.0},{"not_picked":["Barrage","Ball Lightning"],"picked":"Hologram+1","floor":44.0},{"not_picked":["Rip and Tear","Heatsinks","Sunder+1"],"picked":"SKIP","floor":45.0},{"not_picked":["Rip and Tear","Gash"],"picked":"Force Field","floor":46.0},{"not_picked":["Gash","Stack","Hologram"],"picked":"Singing Bowl","floor":48.0}],"player_experience":598320,"relics_obtained":[{"floor":6.0,"key":"Dream Catcher"},{"floor":9.0,"key":"DataDisk"},{"floor":11.0,"key":"Bottled Tornado"},{"floor":26.0,"key":"PreservedInsect"},{"floor":31.0,"key":"Bag of Preparation"},{"floor":38.0,"key":"StoneCalendar"},{"floor":41.0,"key":"Dead Branch"},{"floor":43.0,"key":"Ancient Tea Set"},{"floor":45.0,"key":"Boot"},{"floor":47.0,"key":"Singing Bowl"}],"event_choices":[{"damage_healed":0.0,"max_hp_gain":0.0,"max_hp_loss":0.0,"gold_gain":275.0,"event_name":"Golden Shrine","player_choice":"Desecrate","floor":2.0,"gold_loss":0.0,"damage_taken":0.0,"cards_obtained":["Regret"]},{"damage_healed":0.0,"max_hp_gain":0.0,"max_hp_loss":0.0,"gold_gain":0.0,"event_name":"The Woman in Blue","player_choice":"Bought 2 Potions","floor":8.0,"gold_loss":0.0,"damage_taken":0.0},{"damage_healed":0.0,"max_hp_gain":0.0,"max_hp_loss":0.0,"gold_gain":0.0,"event_name":"The Library","player_choice":"Read","floor":21.0,"gold_loss":0.0,"damage_taken":0.0,"cards_obtained":["Coolheaded"]},{"damage_healed":0.0,"max_hp_gain":0.0,"max_hp_loss":0.0,"gold_gain":0.0,"event_name":"Knowing Skull","player_choice":"","floor":30.0,"potions_obtained":[],"gold_loss":0.0,"damage_taken":7.0,"cards_obtained":[]},{"damage_healed":0.0,"max_hp_gain":0.0,"max_hp_loss":0.0,"gold_gain":0.0,"event_name":"Tomb of Lord Red Mask","player_choice":"Ignored","floor":36.0,"gold_loss":0.0,"damage_taken":0.0},{"damage_healed":0.0,"max_hp_gain":0.0,"max_hp_loss":0.0,"gold_gain":0.0,"event_name":"Mysterious Sphere","player_choice":"Fight","floor":38.0,"gold_loss":0.0,"damage_taken":0.0}],"is_beta":false,"boss_relics":[{"not_picked":["Fusion Hammer","Philosopher\u0027s Stone"],"picked":"Ectoplasm"},{"not_picked":["White Beast Statue","Tiny House"],"picked":"Sozu"}],"items_purged_floors":[3],"is_endless":false,"potions_floor_spawned":[4,5,12,16,20,22,33,35,46],"ascension_level":17}