{"gold_per_floor":[114,114,132,132,132,163,163,194,268,268,204,204,228,228,228,324,324,337,357,2,18,18,18,62,62,87,87,105,105,230,263,263,358,358,383,383,15,140,155,155,155,155,155,191,191,0,0,14,14,14,14],"floor_reached":51,"playtime":1944,"items_purged":["Defend_B"],"score":1380,"play_id":"8f5050bf-1806-4e8f-ba16-fa909bdbdb5a","local_time":"20190216140530","is_ascension_mode":true,"campfire_choices":[{"data":"Zap","floor":7.0,"key":"SMITH"},{"data":"Dualcast","floor":10.0,"key":"SMITH"},{"data":"Steam Power","floor":15.0,"key":"SMITH"},{"data":"Biased Cognition","floor":23.0,"key":"SMITH"},{"data":"Self Repair","floor":27.0,"key":"SMITH"},{"data":"Defragment","floor":29.0,"key":"SMITH"},{"data":"RitualDagger","floor":32.0,"key":"SMITH"},{"data":"Go for the Eyes","floor":40.0,"key":"SMITH"},{"data":"Thinking Ahead","floor":42.0,"key":"SMITH"},{"data":"Multi-Cast","floor":45.0,"key":"SMITH"},{"data":"Coolheaded","floor":49.0,"key":"SMITH"}],"neow_cost":"NONE","seed_source_timestamp":3040962338800,"circlet_count":0,"master_deck":["AscendersBane","Strike_B","Defend_B+1","Defend_B+1","Defend_B","Zap+1","Dualcast+1","Ball Lightning","Conserve Battery","Steam Power+1","Skim","Consume+1","Biased Cognition+1","Defragment+1","Conserve Battery+1","Self Repair+1","Sweeping Beam","Cold Snap+1","Force Field+1","RitualDagger+1","Rebound","Go for the Eyes+1","Storm+1","Multi-Cast+1","Capacitor+1","Loop+1","Barrage+1","Coolheaded+1","Magnetism+1","Flash of Steel","Thinking Ahead+1","Go for the Eyes+1"],"special_seed":0,"relics":["Cracked Core","NeowsBlessing","Golden Idol","Juzu Bracelet","Matryoshka","Mango","Meat on the Bone","Mummified Hand","Coffee Dripper","Blood Vial","Enchiridion","War Paint","Frozen Egg 2","Ancient Tea Set","WingedGreaves","Mercury Hourglass","Orichalcum","Inserter","Incense Burner","Calipers","Potion Belt","Red Mask"],"potions_floor_usage":[],"damage_taken":[{"damage":0.0,"enemies":"2 Louse","floor":1.0,"turns":1.0},{"damage":0.0,"enemies":"Jaw Worm","floor":3.0,"turns":1.0},{"damage":0.0,"enemies":"Lagavulin","floor":6.0,"turns":1.0},{"damage":20.0,"enemies":"3 Sentries","floor":8.0,"turns":4.0},{"damage":0.0,"enemies":"Cultist","floor":13.0,"turns":2.0},{"damage":24.0,"enemies":"The Guardian","floor":16.0,"turns":8.0},{"damage":10.0,"enemies":"Shell Parasite","floor":18.0,"turns":3.0},{"damage":14.0,"enemies":"Spheric Guardian","floor":19.0,"turns":4.0},{"damage":24.0,"enemies":"Snake Plant","floor":21.0,"turns":3.0},{"damage":19.0,"enemies":"Slavers","floor":24.0,"turns":4.0},{"damage":10.0,"enemies":"Centurion and Healer","floor":28.0,"turns":4.0},{"damage":0.0,"enemies":"Colosseum Slavers","floor":30.0,"turns":1.0},{"damage":12.0,"enemies":"Colosseum Nobs","floor":30.0,"turns":3.0},{"damage":10.0,"enemies":"Book of Stabbing","floor":31.0,"turns":5.0},{"damage":17.0,"enemies":"Collector","floor":33.0,"turns":6.0},{"damage":51.0,"enemies":"3 Darklings","floor":35.0,"turns":4.0},{"damage":0.0,"enemies":"Mind Bloom Boss Battle","floor":38.0,"turns":4.0},{"damage":6.0,"enemies":"Orb Walker","floor":39.0,"turns":2.0},{"damage":30.0,"enemies":"Reptomancer","floor":44.0,"turns":4.0},{"damage":0.0,"enemies":"Jaw Worm Horde","floor":48.0,"turns":1.0},{"damage":39.0,"enemies":"Donu and Deca","floor":50.0,"turns":5.0},{"damage":47,"enemies":"Time Eater","floor":51,"turns":6}],"seed_played":"-490079884326317231","potions_obtained":[{"floor":3.0,"key":"AttackPotion"},{"floor":8.0,"key":"Fire Potion"},{"floor":13.0,"key":"Explosive Potion"},{"floor":16.0,"key":"FearPotion"},{"floor":18.0,"key":"Regen Potion"},{"floor":24.0,"key":"Energy Potion"},{"floor":33.0,"key":"Regen Potion"}],"is_trial":false,"path_per_floor":["M","?","M","?","?","E","R","E","T","R","?","?","M","?","R","B",null,"M","M","$","M","?","R","E","?","T","R","M","R","?","E","R","B",null,"M","?","$","?","M","R","?","R","T","E","R","?","$","M","R","B","B"],"character_chosen":"DEFECT","items_purchased":["Blood Vial","Self Repair","Sweeping Beam","Incense Burner","Loop+1"],"campfire_rested":0,"item_purchase_floors":[20,20,20,37,37],"current_hp_per_floor":[64,64,64,57,52,52,52,46,46,46,46,46,46,46,46,34,67,57,43,43,45,24,24,26,20,20,20,44,44,58,60,60,55,72,56,56,56,68,64,64,54,54,54,48,48,48,48,50,50,35,0],"gold":14,"neow_bonus":"THREE_ENEMY_KILL","is_prod":false,"is_daily":false,"chose_seed":false,"campfire_upgraded":11,"win_rate":0,"timestamp":1550354730,"path_taken":["M","?","M","?","?","E","R","E","T","R","?","?","M","?","R","BOSS","M","M","$","M","?","R","E","?","T","R","M","R","?","E","R","BOSS","M","?","$","?","M","R","?","R","T","E","R","?","?","M","R","BOSS","BOSS"],"build_version":"2019-02-06","purchased_purges":1,"victory":false,"max_hp_per_floor":[71,64,64,64,64,64,64,78,78,78,78,78,78,78,78,78,78,78,78,78,78,78,78,78,78,78,78,78,78,78,78,78,78,78,78,78,78,78,78,78,78,78,78,78,78,78,78,78,78,78,78],"card_choices":[{"not_picked":["Hologram","Chaos"],"picked":"Ball Lightning","floor":1.0},{"not_picked":["Aggregate","Tempest"],"picked":"Conserve Battery","floor":3.0},{"not_picked":["Beam Cell","Streamline"],"picked":"Steam Power","floor":6.0},{"not_picked":["Streamline","Heatsinks"],"picked":"Skim","floor":8.0},{"not_picked":["Steam","Hologram"],"picked":"Consume","floor":13.0},{"not_picked":["All For One","Thunder Strike"],"picked":"Biased Cognition","floor":16.0},{"not_picked":["Beam Cell","Steam Power"],"picked":"Defragment","floor":18.0},{"not_picked":["Chill","Compile Driver+1"],"picked":"Conserve Battery+1","floor":19.0},{"not_picked":["Gash","Rebound"],"picked":"Cold Snap+1","floor":21.0},{"not_picked":["Compile Driver","Steam"],"picked":"Force Field+1","floor":24.0},{"not_picked":["Hologram","Redo"],"picked":"Rebound","floor":28.0},{"not_picked":["Genetic Algorithm","Aggregate"],"picked":"Go for the Eyes","floor":30.0},{"not_picked":["Gash+1","FTL"],"picked":"Storm+1","floor":31.0},{"not_picked":["Fission","Rainbow"],"picked":"Multi-Cast","floor":33.0},{"not_picked":["Genetic Algorithm","Blizzard+1"],"picked":"Capacitor+1","floor":35.0},{"not_picked":["Leap","Turbo"],"picked":"Barrage+1","floor":38.0},{"not_picked":["Stack+1","Redo"],"picked":"Coolheaded","floor":39.0},{"not_picked":["Deep Breath","Flash of Steel"],"picked":"Magnetism+1","floor":41.0},{"not_picked":["Mind Blast","The Bomb"],"picked":"Flash of Steel","floor":41.0},{"not_picked":["PanicButton","Deep Breath"],"picked":"Thinking Ahead","floor":41.0},{"not_picked":["All For One","Redo","Hologram"],"picked":"SKIP","floor":44.0},{"not_picked":["Reprogram+1","Capacitor+1"],"picked":"Go for the Eyes+1","floor":48.0}],"player_experience":3275209,"relics_obtained":[{"floor":6.0,"key":"Matryoshka"},{"floor":8.0,"key":"Mango"},{"floor":9.0,"key":"Meat on the Bone"},{"floor":9.0,"key":"Mummified Hand"},{"floor":22.0,"key":"Enchiridion"},{"floor":24.0,"key":"War Paint"},{"floor":26.0,"key":"Frozen Egg 2"},{"floor":26.0,"key":"Ancient Tea Set"},{"floor":30.0,"key":"WingedGreaves"},{"floor":30.0,"key":"Mercury Hourglass"},{"floor":31.0,"key":"Orichalcum"},{"floor":38.0,"key":"Calipers"},{"floor":44.0,"key":"Potion Belt"}],"event_choices":[{"damage_healed":0.0,"max_hp_gain":0.0,"max_hp_loss":7.0,"gold_gain":0.0,"event_name":"Golden Idol","player_choice":"Lose Max HP","floor":2.0,"gold_loss":0.0,"damage_taken":0.0,"relics_obtained":["Golden Idol"]},{"cards_removed":["Strike_B"],"damage_healed":0.0,"max_hp_gain":0.0,"max_hp_loss":0.0,"gold_gain":0.0,"event_name":"Golden Wing","player_choice":"Card Removal","floor":4.0,"gold_loss":0.0,"damage_taken":7.0},{"damage_healed":0.0,"max_hp_gain":0.0,"max_hp_loss":0.0,"gold_gain":0.0,"event_name":"Scrap Ooze","player_choice":"Success","floor":5.0,"gold_loss":0.0,"damage_taken":5.0,"relics_obtained":["Juzu Bracelet"]},{"damage_healed":0.0,"max_hp_gain":0.0,"max_hp_loss":0.0,"gold_gain":0.0,"event_name":"World of Goop","player_choice":"Left Gold","floor":11.0,"gold_loss":64.0,"damage_taken":0.0},{"cards_removed":["Strike_B"],"damage_healed":0.0,"max_hp_gain":0.0,"max_hp_loss":0.0,"gold_gain":0.0,"event_name":"Purifier","player_choice":"Purged","floor":12.0,"gold_loss":0.0,"damage_taken":0.0},{"damage_healed":0.0,"max_hp_gain":0.0,"max_hp_loss":0.0,"gold_gain":0.0,"event_name":"Living Wall","player_choice":"Grow","floor":14.0,"gold_loss":0.0,"damage_taken":0.0,"cards_upgraded":["Consume"]},{"damage_healed":0.0,"max_hp_gain":0.0,"max_hp_loss":0.0,"gold_gain":0.0,"event_name":"Cursed Tome","player_choice":"Obtained Book","floor":22.0,"gold_loss":0.0,"damage_taken":21.0},{"damage_healed":0.0,"max_hp_gain":0.0,"max_hp_loss":0.0,"gold_gain":0.0,"event_name":"Nest","player_choice":"Joined the Cult","floor":25.0,"gold_loss":0.0,"damage_taken":6.0,"cards_obtained":["RitualDagger"]},{"damage_healed":0.0,"max_hp_gain":0.0,"max_hp_loss":0.0,"gold_gain":0.0,"event_name":"Colosseum","player_choice":"Fight","floor":30.0,"gold_loss":0.0,"damage_taken":0.0},{"damage_healed":0.0,"max_hp_gain":0.0,"max_hp_loss":0.0,"gold_gain":0.0,"event_name":"Colosseum","player_choice":"Fought Nobs","floor":30.0,"gold_loss":0.0,"damage_taken":0.0},{"cards_removed":["Strike_B"],"damage_healed":0.0,"max_hp_gain":0.0,"max_hp_loss":0.0,"gold_gain":0.0,"event_name":"Falling","player_choice":"Removed Attack","floor":36.0,"gold_loss":0.0,"damage_taken":0.0},{"damage_healed":0.0,"max_hp_gain":0.0,"max_hp_loss":0.0,"gold_gain":0.0,"event_name":"MindBloom","player_choice":"Fight","floor":38.0,"gold_loss":0.0,"damage_taken":0.0},{"damage_healed":0.0,"max_hp_gain":0.0,"max_hp_loss":0.0,"gold_gain":0.0,"event_name":"SensoryStone","player_choice":"Memory 3","floor":41.0,"gold_loss":0.0,"damage_taken":10.0},{"damage_healed":0.0,"max_hp_gain":0.0,"max_hp_loss":0.0,"gold_gain":0.0,"event_name":"Tomb of Lord Red Mask","player_choice":"Paid","floor":46.0,"gold_loss":191.0,"damage_taken":0.0,"relics_obtained":["Red Mask"]}],"is_beta":true,"boss_relics":[{"not_picked":["Tiny House","Runic Pyramid"],"picked":"Coffee Dripper"},{"not_picked":["Velvet Choker","Runic Dome"],"picked":"Inserter"}],"items_purged_floors":[20],"is_endless":false,"potions_floor_spawned":[3,8,13,16,18,24,30,33],"killed_by":"Time Eater","ascension_level":20}