{"gold_per_floor":[113,123,137,65,65,65,82,116,168,118,132,142,142,142,142,244,244,261,261,278,278,304,629,629],"floor_reached":24,"playtime":1443,"items_purged":[],"score":216,"play_id":"ed47b40a-fc51-48c8-89b3-9c867c7b5d40","local_time":"20190218210543","is_ascension_mode":false,"campfire_choices":[{"data":"Searing Blow","floor":6,"key":"SMITH"},{"data":"Searing Blow+1","floor":13,"key":"SMITH"},{"data":"Searing Blow+2","floor":15,"key":"SMITH"}],"neow_cost":"NONE","seed_source_timestamp":236773856084185,"circlet_count":0,"master_deck":["Strike_R","Strike_R+1","Strike_R","Strike_R","Defend_R","Defend_R","Defend_R+1","Defend_R","Bash","Iron Wave","Searing Blow+3","Iron Wave","Ghostly Armor","Shrug It Off","Parasite","Feed","Shrug It Off","Writhe"],"relics":["Burning Blood","NeowsBlessing","Self Forming Clay","Regal Pillow","Busted Crown","Centennial Puzzle","Blood Vial","Old Coin"],"potions_floor_usage":[16,16,24],"damage_taken":[{"damage":0,"enemies":"Jaw Worm","floor":1,"turns":1},{"damage":0,"enemies":"2 Louse","floor":2,"turns":1},{"damage":0,"enemies":"Cultist","floor":3,"turns":1},{"damage":8,"enemies":"2 Fungi Beasts","floor":7,"turns":4},{"damage":20,"enemies":"3 Sentries","floor":8,"turns":9},{"damage":3,"enemies":"Exordium Wildlife","floor":11,"turns":6},{"damage":7,"enemies":"Large Slime","floor":12,"turns":6},{"damage":59,"enemies":"Hexaghost","floor":16,"turns":15},{"damage":21,"enemies":"Chosen","floor":18,"turns":10},{"damage":8,"enemies":"Shell Parasite","floor":20,"turns":6},{"damage":60,"enemies":"Slavers","floor":23,"turns":14},{"damage":35,"enemies":"3 Cultists","floor":24,"turns":6}],"seed_played":"-7595337278668426578","potions_obtained":[{"floor":3,"key":"SkillPotion"},{"floor":7,"key":"AttackPotion"},{"floor":8,"key":"Dexterity Potion"}],"is_trial":false,"path_per_floor":["M","M","M","$","?","R","M","E","T","?","M","M","R","?","R","B",null,"M","?","M","?","T","E","M"],"character_chosen":"IRONCLAD","items_purchased":["Searing Blow"],"campfire_rested":0,"item_purchase_floors":[4],"current_hp_per_floor":[80,80,80,80,64,64,62,48,48,48,51,50,50,70,70,17,80,68,68,69,69,69,20,0],"gold":629,"neow_bonus":"THREE_ENEMY_KILL","is_prod":false,"is_daily":false,"chose_seed":false,"campfire_upgraded":3,"win_rate":0.0,"timestamp":1550541943,"path_taken":["M","M","M","$","?","R","M","E","T","?","M","M","R","?","R","BOSS","M","?","?","?","?","E","M"],"build_version":"2019-01-23","purchased_purges":0,"victory":false,"max_hp_per_floor":[80,80,80,80,80,80,80,80,80,80,80,80,80,80,80,80,80,83,83,86,86,86,89,92],"card_choices":[{"not_picked":["Heavy Blade","Sword Boomerang","Wild Strike"],"picked":"SKIP","floor":1},{"not_picked":["Anger","Armaments"],"picked":"Iron Wave","floor":2},{"not_picked":["Thunderclap","Headbutt","Clothesline"],"picked":"SKIP","floor":3},{"not_picked":["Corruption","Pommel Strike"],"picked":"Iron Wave","floor":7},{"not_picked":["Iron Wave","Headbutt"],"picked":"Ghostly Armor","floor":8},{"not_picked":["Clash","Perfected Strike","Hemokinesis"],"picked":"SKIP","floor":11},{"not_picked":["Immolate","Flex"],"picked":"Shrug It Off","floor":12},{"not_picked":["Berserk","Dark Embrace"],"picked":"Feed","floor":16},{"not_picked":[],"picked":"Shrug It Off","floor":18},{"not_picked":["Spot Weakness"],"picked":"SKIP","floor":20},{"not_picked":["Sever Soul"],"picked":"SKIP","floor":23}],"player_experience":30976,"relics_obtained":[{"floor":8,"key":"Self Forming Clay"},{"floor":9,"key":"Regal Pillow"},{"floor":22,"key":"Blood Vial"},{"floor":23,"key":"Old Coin"}],"event_choices":[{"damage_healed":0,"gold_gain":0,"player_choice":"Entered Light","damage_taken":16,"max_hp_gain":0,"max_hp_loss":0,"event_name":"Shining Light","floor":5,"gold_loss":0,"cards_upgraded":["Defend_R","Strike_R"]},{"cards_removed":["Strike_R"],"damage_healed":0,"gold_gain":0,"player_choice":"Card Removal","damage_taken":0,"max_hp_gain":0,"max_hp_loss":0,"event_name":"The Cleric","floor":10,"gold_loss":50},{"damage_healed":20,"gold_gain":0,"player_choice":"Healed and dodged fight","damage_taken":0,"max_hp_gain":0,"max_hp_loss":0,"event_name":"Mushrooms","floor":14,"gold_loss":0,"cards_obtained":["Parasite"]},{"cards_removed":["Decay"],"damage_healed":0,"gold_gain":0,"player_choice":"Took Card","damage_taken":0,"max_hp_gain":0,"max_hp_loss":0,"event_name":"NoteForYourself","floor":19,"gold_loss":0,"cards_obtained":["Decay"]},{"damage_healed":0,"gold_gain":0,"player_choice":"Opened","damage_taken":0,"relics_obtained":["Centennial Puzzle"],"max_hp_gain":0,"max_hp_loss":0,"event_name":"The Mausoleum","floor":21,"gold_loss":0,"cards_obtained":["Writhe"]}],"is_beta":false,"boss_relics":[{"not_picked":["Snecko Eye","Lizard Tail"],"picked":"Busted Crown"}],"items_purged_floors":[],"is_endless":false,"potions_floor_spawned":[3,7,8],"killed_by":"3 Cultists","ascension_level":0}