{"gold_per_floor":[115,125,136,61,61,91,91,107,107,107,120,146,163,180,180,281,281,293,293,392,0,0],"floor_reached":22,"playtime":706,"items_purged":["Defend_R","Pride"],"score":196,"play_id":"ca6fc1e0-4d71-4b7b-bb8d-22d2d97bb808","local_time":"20180625222848","is_ascension_mode":false,"campfire_choices":[{"data":"Inflame","floor":7,"key":"SMITH"},{"floor":10,"key":"REST"},{"floor":15,"key":"REST"}],"neow_cost":"NONE","seed_source_timestamp":313596192880411,"circlet_count":0,"master_deck":["Strike_R+1","Strike_R+1","Strike_R+1","Strike_R+1","Strike_R+1","Defend_R+1","Defend_R+1","Bash","Shockwave","Inflame+1","Pommel Strike","Fiend Fire","Perfected Strike","Double Tap","Pain","Pain","Burning Pact+1"],"relics":["Burning Blood","NeowsBlessing","Red Skull","Pear","Bottled Lightning","Calling Bell","Dream Catcher","Dodecahedron","Ginger","Unceasing Top"],"potions_floor_usage":[],"damage_taken":[{"damage":0,"enemies":"Cultist","floor":1,"turns":1},{"damage":4,"enemies":"2 Louse","floor":2,"turns":2},{"damage":0,"enemies":"Jaw Worm","floor":3,"turns":1},{"damage":35,"enemies":"Lagavulin","floor":6,"turns":6},{"damage":7,"enemies":"Blue Slaver","floor":8,"turns":2},{"damage":6,"enemies":"3 Louse","floor":11,"turns":3},{"damage":33,"enemies":"3 Sentries","floor":12,"turns":7},{"damage":16,"enemies":"Large Slime","floor":13,"turns":2},{"damage":10,"enemies":"Exordium Thugs","floor":14,"turns":3},{"damage":42,"enemies":"Slime Boss","floor":16,"turns":11},{"damage":46,"enemies":"3 Byrds","floor":18,"turns":7},{"damage":50,"enemies":"Shell Parasite","floor":22,"turns":4}],"seed_played":"-8080527625432568986","potions_obtained":[{"floor":1,"key":"Fire Potion"},{"floor":2,"key":"Ancient Potion"},{"floor":3,"key":"Weak Potion"},{"floor":14,"key":"EssenceOfSteel"}],"is_trial":false,"path_per_floor":["M","M","M","$","?","E","R","M","T","R","M","E","M","M","R","B",null,"M","?","?","$"],"character_chosen":"IRONCLAD","items_purchased":["Unceasing Top"],"campfire_rested":2,"item_purchase_floors":[21],"current_hp_per_floor":[80,80,80,80,73,44,44,43,53,80,80,53,43,39,66,30,90,50,50,50,50,0],"gold":0,"neow_bonus":"THREE_ENEMY_KILL","is_prod":false,"is_daily":false,"chose_seed":false,"campfire_upgraded":1,"win_rate":0.0,"timestamp":1529980128,"path_taken":["M","?","M","$","?","E","R","M","T","R","M","E","M","M","R","BOSS","M","?","?","$","?"],"build_version":"2018-06-21v2","purchased_purges":2,"victory":false,"max_hp_per_floor":[80,80,80,80,80,80,80,80,90,90,90,90,90,90,90,90,90,90,90,90,90,90],"card_choices":[{"not_picked":["Cleave","Havoc"],"picked":"Shockwave","floor":1},{"not_picked":["Clash","Pommel Strike"],"picked":"Inflame","floor":2},{"not_picked":["Searing Blow","Warcry"],"picked":"Pommel Strike","floor":3},{"not_picked":["Juggernaut","Clothesline"],"picked":"Fiend Fire","floor":6},{"not_picked":["Rupture","Reckless Charge"],"picked":"Perfected Strike","floor":8},{"not_picked":["Heavy Blade","Combust","Body Slam"],"picked":"SKIP","floor":11},{"not_picked":["Warcry","Shrug It Off","Anger"],"picked":"SKIP","floor":12},{"not_picked":["Clothesline","Heavy Blade","Warcry"],"picked":"SKIP","floor":13},{"not_picked":["Thunderclap","Seeing Red","Armaments"],"picked":"SKIP","floor":14},{"not_picked":["Dark Embrace","Bludgeon"],"picked":"Double Tap","floor":16},{"not_picked":["Pummel+1","Warcry+1"],"picked":"Burning Pact+1","floor":18}],"player_experience":178205,"relics_obtained":[{"floor":6,"key":"Red Skull"},{"floor":9,"key":"Pear"},{"floor":12,"key":"Bottled Lightning"},{"floor":17,"key":"Dream Catcher"},{"floor":17,"key":"Dodecahedron"},{"floor":17,"key":"Ginger"}],"event_choices":[{"event_name":"Golden Wing","player_choice":"Card Removal","floor":5,"damage_taken":0},{"event_name":"Back to Basics","player_choice":"Simplicity","floor":19,"damage_taken":0},{"event_name":"Nest","player_choice":"Stole From Cult","floor":20,"damage_taken":0}],"boss_relics":[{"not_picked":["White Beast Statue","Runic Cube"],"picked":"Calling Bell"}],"items_purged_floors":[4,21],"is_endless":false,"potions_floor_spawned":[1,2,3,14],"killed_by":"Shell Parasite","ascension_level":0}