{"gold_per_floor":[116,41,51,51,51,51,51,71,71,114,132,132,150,166,166,297,297,322,338,55,76,91,91,127,127,195,195,195,195],"floor_reached":29,"playtime":749,"items_purged":["Defend_R","Defend_R"],"score":270,"play_id":"a093b065-ac32-493a-9e64-d7bd4aa2f41b","local_time":"20190311233449","is_ascension_mode":false,"campfire_choices":[{"data":"Flex","floor":6,"key":"SMITH"},{"data":"Limit Break","floor":12,"key":"SMITH"},{"data":"Pommel Strike","floor":15,"key":"SMITH"},{"data":"Limit Break","floor":23,"key":"SMITH"},{"floor":25,"key":"REST"}],"neow_cost":"PERCENT_DAMAGE","seed_source_timestamp":83388212368138,"circlet_count":0,"master_deck":["Strike_R","Strike_R","Strike_R","Strike_R","Strike_R","Defend_R","Defend_R","Bash","Twin Strike+1","Flex+1","Pommel Strike+1","Limit Break+1","Thunderclap","Limit Break+1","Flex","Flex","Secret Technique","Whirlwind+1","Flex","Flex+1"],"relics":["Burning Blood","Golden Idol","Question Card","Smiling Mask","Philosopher\u0027s Stone","Pantograph","Self Forming Clay"],"potions_floor_usage":[8,10,13,21,24,29],"damage_taken":[{"damage":15,"enemies":"Jaw Worm","floor":1,"turns":6},{"damage":0,"enemies":"Small Slimes","floor":3,"turns":3},{"damage":1,"enemies":"Cultist","floor":8,"turns":3},{"damage":30,"enemies":"3 Sentries","floor":10,"turns":10},{"damage":10,"enemies":"Looter","floor":11,"turns":2},{"damage":6,"enemies":"3 Louse","floor":13,"turns":4},{"damage":5,"enemies":"Lots of Slimes","floor":14,"turns":3},{"damage":53,"enemies":"Hexaghost","floor":16,"turns":8},{"damage":24,"enemies":"3 Byrds","floor":18,"turns":4},{"damage":29,"enemies":"Shell Parasite","floor":19,"turns":4},{"damage":7,"enemies":"Chosen and Byrds","floor":21,"turns":3},{"damage":2,"enemies":"3 Cultists","floor":22,"turns":3},{"damage":49,"enemies":"Slavers","floor":24,"turns":4},{"damage":27,"enemies":"Colosseum Slavers","floor":27,"turns":2},{"damage":20,"enemies":"Gremlin Leader","floor":29,"turns":2}],"seed_played":"234935381686702611","potions_obtained":[{"floor":1,"key":"SpeedPotion"},{"floor":3,"key":"Regen Potion"},{"floor":10,"key":"SpeedPotion"},{"floor":16,"key":"Energy Potion"},{"floor":19,"key":"AttackPotion"},{"floor":24,"key":"LiquidBronze"}],"is_trial":false,"path_per_floor":["M","$","M","$","?","R","?","M","T","E","M","R","M","M","R","B",null,"M","M","$","M","M","R","E","R","T","?","?","E"],"character_chosen":"IRONCLAD","items_purchased":["Flex","Secret Technique"],"campfire_rested":1,"item_purchase_floors":[20,20],"current_hp_per_floor":[63,63,69,69,69,69,69,83,83,59,55,55,55,56,56,9,89,71,48,48,47,51,51,8,34,34,13,13,0],"gold":195,"neow_bonus":"TWENTY_PERCENT_HP_BONUS","is_prod":false,"is_daily":false,"chose_seed":false,"campfire_upgraded":4,"win_rate":0,"timestamp":1552332889,"path_taken":["M","$","M","$","?","R","?","M","T","E","M","R","M","M","R","BOSS","M","?","$","M","M","R","E","R","T","?","?","E"],"build_version":"2019-01-23","purchased_purges":2,"victory":false,"max_hp_per_floor":[96,96,96,96,89,89,89,89,89,89,89,89,89,89,89,89,89,89,89,89,89,89,89,89,89,89,89,89,89],"card_choices":[{"not_picked":["Hemokinesis","Wild Strike"],"picked":"Twin Strike","floor":1},{"not_picked":["Wild Strike","Clash"],"picked":"Flex","floor":3},{"not_picked":["Shrug It Off","Clothesline","Rupture"],"picked":"SKIP","floor":8},{"not_picked":["Clothesline","Shockwave","Heavy Blade"],"picked":"Pommel Strike","floor":10},{"not_picked":["Pummel","True Grit","Power Through"],"picked":"Limit Break","floor":11},{"not_picked":["Havoc","Warcry","Clothesline","Heavy Blade"],"picked":"SKIP","floor":13},{"not_picked":["Body Slam","Flame Barrier","Sentinel"],"picked":"Thunderclap","floor":14},{"not_picked":["Dark Embrace","Feed","Exhume"],"picked":"Limit Break","floor":16},{"not_picked":["Blood for Blood+1","Perfected Strike","Sword Boomerang","Pommel Strike"],"picked":"SKIP","floor":18},{"not_picked":["Clothesline","Pommel Strike","Armaments"],"picked":"Flex","floor":19},{"not_picked":["Anger","Cleave","Twin Strike","Shockwave"],"picked":"SKIP","floor":21},{"not_picked":["Infernal Blade+1","Metallicize","Heavy Blade"],"picked":"Whirlwind+1","floor":22},{"not_picked":["Exhume","Intimidate+1","Spot Weakness"],"picked":"Flex","floor":24}],"player_experience":688277,"relics_obtained":[{"floor":9,"key":"Question Card"},{"floor":10,"key":"Smiling Mask"},{"floor":24,"key":"Pantograph"},{"floor":26,"key":"Self Forming Clay"}],"event_choices":[{"damage_healed":0,"gold_gain":0,"player_choice":"Lose Max HP","damage_taken":0,"relics_obtained":["Golden Idol"],"max_hp_gain":0,"max_hp_loss":7,"event_name":"Golden Idol","floor":5,"gold_loss":0},{"damage_healed":0,"gold_gain":0,"player_choice":"Forge","damage_taken":0,"max_hp_gain":0,"max_hp_loss":0,"event_name":"Accursed Blacksmith","floor":7,"gold_loss":0,"cards_upgraded":["Twin Strike"]},{"damage_healed":0,"gold_gain":0,"player_choice":"Fight","damage_taken":0,"max_hp_gain":0,"max_hp_loss":0,"event_name":"Colosseum","floor":27,"gold_loss":0},{"damage_healed":0,"gold_gain":0,"player_choice":"Fled From Nobs","damage_taken":0,"max_hp_gain":0,"max_hp_loss":0,"event_name":"Colosseum","floor":27,"gold_loss":0},{"damage_healed":0,"gold_gain":0,"player_choice":"Copied","damage_taken":0,"max_hp_gain":0,"max_hp_loss":0,"event_name":"Duplicator","floor":28,"gold_loss":0,"cards_obtained":["Flex"]}],"is_beta":false,"boss_relics":[{"not_picked":["Snecko Eye","Mark of Pain"],"picked":"Philosopher\u0027s Stone"}],"items_purged_floors":[2,20],"is_endless":false,"potions_floor_spawned":[1,3,10,16,19,24,27],"killed_by":"Gremlin Leader","ascension_level":0}