{"gold_per_floor":[117,135,135,100,112,112,37,37,37,37,61,61,77,88,88,184,184,184,184,184,184,184,184,184,184,184,184,184],"floor_reached":28,"playtime":1087,"items_purged":["Strike_B"],"score":235,"play_id":"d30a54b1-3951-49cd-98df-0dc38a7d2309","local_time":"20180720154717","is_ascension_mode":false,"campfire_choices":[{"data":"Zap","floor":6.0,"key":"SMITH"},{"data":"Ball Lightning","floor":8.0,"key":"SMITH"},{"floor":12.0,"key":"REST"},{"data":"Streamline","floor":15.0,"key":"SMITH"},{"floor":23.0,"key":"REST"}],"neow_cost":"NONE","seed_source_timestamp":0,"circlet_count":0,"master_deck":["Defend_B","Defend_B","Defend_B","Defend_B","Zap+1","Dualcast","Ball Lightning+1","Scrape","Hologram","Streamline+1","Electrodynamics","Cold Snap","Go for the Eyes","Bite","Bite","Bite","Bite","Bite","Cold Snap","Tempest"],"special_seed":0,"relics":["Eternal Feather","Mango","Cables","Odd Mushroom","Ectoplasm","Pantograph"],"potions_floor_usage":[],"damage_taken":[{"damage":3.0,"enemies":"Cultist","floor":1.0,"turns":5.0},{"damage":10.0,"enemies":"Small Slimes","floor":2.0,"turns":4.0},{"damage":0.0,"enemies":"2 Louse","floor":5.0,"turns":2.0},{"damage":27.0,"floor":11.0,"turns":3.0},{"damage":2.0,"enemies":"Blue Slaver","floor":13.0,"turns":3.0},{"damage":0.0,"enemies":"Large Slime","floor":14.0,"turns":4.0},{"damage":70.0,"enemies":"Hexaghost","floor":16.0,"turns":8.0},{"damage":10.0,"enemies":"3 Byrds","floor":18.0,"turns":2.0},{"damage":6.0,"enemies":"Shell Parasite","floor":21.0,"turns":3.0},{"damage":13.0,"enemies":"Snake Plant","floor":22.0,"turns":3.0},{"damage":24.0,"enemies":"Snecko","floor":25.0,"turns":7.0},{"damage":40.0,"enemies":"Centurion and Healer","floor":27.0,"turns":4.0},{"damage":14,"enemies":"Snake Plant","floor":28,"turns":2}],"seed_played":"-6849189187636588501","potions_obtained":[{"floor":5.0,"key":"GamblersBrew"},{"floor":16.0,"key":"SneckoOil"},{"floor":21.0,"key":"Fruit Juice"},{"floor":25.0,"key":"EssenceOfSteel"}],"is_trial":false,"path_per_floor":["M","M","?","?","M","R","$","R","T","$","?","R","M","M","R","B",null,"M","?","?","M","M","R","?","M","T","M"],"character_chosen":"DEFECT","items_purchased":[],"campfire_rested":2,"item_purchase_floors":[],"current_hp_per_floor":[72,62,64,86,86,89,89,89,89,89,62,89,87,87,89,19,89,79,62,62,56,43,80,65,45,45,11,0],"gold":184,"neow_bonus":"BOSS_RELIC","is_prod":false,"is_daily":false,"chose_seed":false,"campfire_upgraded":3,"win_rate":0.0,"timestamp":1532116037,"path_taken":["M","?","?","?","?","R","$","R","T","$","?","R","M","M","R","BOSS","M","?","?","?","M","R","?","M","T","M","M"],"build_version":"2018-07-19v2","purchased_purges":1,"victory":false,"max_hp_per_floor":[75,75,89,89,89,89,89,89,89,89,89,89,89,89,89,89,89,89,94,94,94,94,94,65,65,65,65,65],"card_choices":[{"not_picked":["Compile Driver","Cold Snap","Sweeping Beam"],"picked":"SKIP","floor":1.0},{"not_picked":["Rebound","Scrape"],"picked":"Ball Lightning","floor":2.0},{"not_picked":["Compile Driver","Hologram"],"picked":"Scrape","floor":5.0},{"not_picked":["Beam Cell","Self Repair"],"picked":"Hologram","floor":11.0},{"not_picked":["BootSequence","Compile Driver"],"picked":"Streamline","floor":13.0},{"not_picked":["Skim","Barrage","Redo"],"picked":"SKIP","floor":14.0},{"not_picked":["Multi-Cast","Fission"],"picked":"Electrodynamics","floor":16.0},{"not_picked":["Redo","Beam Cell","Compile Driver"],"picked":"SKIP","floor":18.0},{"not_picked":["Turbo+1","Barrage"],"picked":"Cold Snap","floor":21.0},{"not_picked":["Compile Driver","FTL"],"picked":"Go for the Eyes","floor":22.0},{"not_picked":["Tempest+1","Compile Driver"],"picked":"Cold Snap","floor":25.0},{"not_picked":["Lockon","Blizzard+1"],"picked":"Tempest","floor":27}],"player_experience":276141,"relics_obtained":[{"floor":9.0,"key":"Cables"},{"floor":11.0,"key":"Odd Mushroom"},{"floor":26.0,"key":"Pantograph"}],"event_choices":[{"event_name":"Scrap Ooze","player_choice":"success","floor":3.0,"damage_taken":12.0},{"event_name":"The Cleric","player_choice":"Healed","floor":4.0,"damage_taken":0.0},{"event_name":"Mushrooms","player_choice":"Fought Mushrooms","floor":11.0,"damage_taken":0.0},{"event_name":"Forgotten Altar","player_choice":"Shed Blood","floor":19.0,"damage_taken":0.0},{"event_name":"Golden Shrine","player_choice":"Pray","floor":20.0,"damage_taken":0.0},{"event_name":"Vampires","player_choice":"Became a vampire","floor":24.0,"damage_taken":0.0}],"is_beta":false,"boss_relics":[{"not_picked":["Runic Dome","Coffee Dripper"],"picked":"Ectoplasm"}],"items_purged_floors":[7],"is_endless":false,"potions_floor_spawned":[5,16,21,25],"killed_by":"Snake Plant","ascension_level":0}