{"gold_per_floor":[109,32,32,32,32,32,49,14,66,66,79,114,126,138,138,233,233,245,264,284,334,353,353,365,365,365,383,298,298,312,324,324,324],"floor_reached":33,"playtime":1408,"items_purged":[],"score":251,"play_id":"bcabdceb-a1ae-4152-a98c-45e3ed8ed132","local_time":"20180721193559","is_ascension_mode":false,"campfire_choices":[{"floor":6.0,"key":"REST"},{"data":"Infinite Blades","floor":10.0,"key":"SMITH"},{"data":"Blur","floor":15.0,"key":"SMITH"},{"floor":23,"key":"REST"},{"floor":25,"key":"REST"},{"floor":29,"key":"REST"},{"floor":32,"key":"REST"}],"neow_cost":"NONE","seed_source_timestamp":0,"circlet_count":0,"master_deck":["Defend_G","Defend_G+1","Defend_G","Defend_G+1","Defend_G","Strike_G","Strike_G","Strike_G","Strike_G","Strike_G","Survivor","Neutralize","Infinite Blades+1","Infinite Blades+1","Dagger Throw","Blur+1","Dagger Spray+1","Dagger Throw"],"special_seed":0,"relics":["Sozu","Art of War","Matryoshka","WristBlade","Blue Candle","Mango","Tingsha"],"potions_floor_usage":[],"damage_taken":[{"damage":0.0,"enemies":"Cultist","floor":1.0,"turns":4.0},{"damage":11.0,"enemies":"Jaw Worm","floor":7.0,"turns":4.0},{"damage":12.0,"enemies":"2 Louse","floor":11.0,"turns":3.0},{"damage":9.0,"enemies":"3 Sentries","floor":12.0,"turns":8.0},{"damage":0.0,"enemies":"Looter","floor":13.0,"turns":3.0},{"damage":5.0,"enemies":"Large Slime","floor":14.0,"turns":6.0},{"damage":43.0,"enemies":"Hexaghost","floor":16.0,"turns":13.0},{"damage":5.0,"enemies":"Spheric Guardian","floor":18.0,"turns":4.0},{"damage":24.0,"enemies":"2 Thieves","floor":19.0,"turns":4.0},{"damage":23.0,"enemies":"Sentry and Sphere","floor":20.0,"turns":6.0},{"damage":15,"enemies":"Slaver and Parasite","floor":22,"turns":7},{"damage":16,"enemies":"Centurion and Healer","floor":24,"turns":6},{"damage":15,"enemies":"Snake Plant","floor":27,"turns":7},{"damage":10,"enemies":"Cultist and Chosen","floor":30,"turns":5},{"damage":3,"enemies":"Snecko","floor":31,"turns":4},{"damage":75,"enemies":"Automaton","floor":33,"turns":6}],"seed_played":"-2304812938927058375","potions_obtained":[],"is_trial":false,"path_per_floor":["M","$","?","$","?","R","M","?","T","R","M","E","M","M","R","B",null,"M","M","M","?","M","R","M","R","T","M","?","R","M","M","R"],"character_chosen":"THE_SILENT","items_purchased":["Infinite Blades"],"campfire_rested":5,"item_purchase_floors":[2],"current_hp_per_floor":[70,70,56,56,56,70,59,70,70,70,58,49,49,44,44,1,70,65,41,18,18,3,24,8,29,43,28,28,53,43,40,65,0],"gold":324,"neow_bonus":"BOSS_RELIC","is_prod":false,"is_daily":false,"chose_seed":false,"campfire_upgraded":2,"win_rate":0,"timestamp":1532216159,"path_taken":["M","?","?","$","?","R","M","?","T","R","M","E","M","M","R","BOSS","M","M","M","?","M","R","M","R","T","M","?","R","M","M","R","BOSS"],"build_version":"2018-07-19v2","purchased_purges":0,"victory":false,"max_hp_per_floor":[70,70,70,70,70,70,70,70,70,70,70,70,70,70,70,70,70,70,70,70,70,70,70,70,70,84,84,84,84,84,84,84,84],"card_choices":[{"not_picked":["Eviscerate","Acrobatics"],"picked":"Infinite Blades","floor":1.0},{"not_picked":["Dodge and Roll","Reflex","Tactician"],"picked":"SKIP","floor":7.0},{"not_picked":["Underhanded Strike","Dodge and Roll"],"picked":"Dagger Throw","floor":11.0},{"not_picked":["PiercingWail","Outmaneuver"],"picked":"Blur","floor":12.0},{"not_picked":["Acrobatics","PiercingWail","Masterful Stab"],"picked":"SKIP","floor":13.0},{"not_picked":["Dagger Spray","Dodge and Roll","PiercingWail"],"picked":"SKIP","floor":14.0},{"not_picked":["Bane","Setup","Concentrate"],"picked":"SKIP","floor":18.0},{"not_picked":["Leg Sweep","Dodge and Roll","Outmaneuver"],"picked":"SKIP","floor":19.0},{"not_picked":["Poisoned Stab+1","Deflect","Crippling Poison+1"],"picked":"SKIP","floor":20},{"not_picked":["Reflex+1","Burst"],"picked":"Dagger Spray+1","floor":22},{"not_picked":["Concentrate","Expertise"],"picked":"Dagger Throw","floor":24},{"not_picked":["PiercingWail","Dagger Throw","Poisoned Stab+1"],"picked":"SKIP","floor":27},{"not_picked":["Dash","Backflip","Skewer+1"],"picked":"SKIP","floor":30},{"not_picked":["Prepared","Setup","Poisoned Stab"],"picked":"SKIP","floor":31}],"player_experience":285789,"relics_obtained":[{"floor":9.0,"key":"Art of War"},{"floor":12.0,"key":"Matryoshka"},{"floor":26,"key":"Blue Candle"},{"floor":26,"key":"Mango"}],"event_choices":[{"event_name":"Shining Light","player_choice":"Entered Light","floor":3.0,"damage_taken":0.0},{"event_name":"Upgrade Shrine","player_choice":"Upgraded","floor":5.0,"damage_taken":0.0},{"event_name":"The Cleric","player_choice":"Healed","floor":8.0,"damage_taken":0.0},{"event_name":"The Joust","player_choice":"Bet on Murderer","floor":21,"damage_taken":0},{"event_name":"Addict","player_choice":"Obtained Relic","floor":28,"damage_taken":0}],"is_beta":false,"boss_relics":[{"not_picked":["Coffee Dripper","HoveringKite"],"picked":"WristBlade"}],"items_purged_floors":[],"is_endless":false,"potions_floor_spawned":[1,13,14,20,24,27],"killed_by":"Automaton","ascension_level":0}