{"gold_per_floor":[119,67,80,80,93,93,119,119,119,150,163,18,18,35,35,135,185,195,195,213,117,167,167,194,209,232,294,294],"floor_reached":28,"playtime":1376,"items_purged":["Pain"],"score":310,"play_id":"62c80597-9b32-4b7e-94dd-3c15c20294cc","local_time":"20190415223452","is_ascension_mode":true,"campfire_choices":[{"data":"Outmaneuver","floor":6,"key":"SMITH"},{"floor":8,"key":"REST"},{"floor":13,"key":"REST"},{"data":"Crippling Poison","floor":15,"key":"SMITH"},{"floor":23,"key":"REST"}],"neow_cost":"NONE","seed_source_timestamp":342658459078199,"circlet_count":0,"master_deck":["Defend_G","Defend_G","Defend_G","Defend_G","Defend_G","Strike_G+1","Strike_G","Strike_G+1","Strike_G","Strike_G","Survivor","Neutralize","Outmaneuver+1","Deadly Poison","Deadly Poison","Outmaneuver","Bullet Time+1","Poisoned Stab","Crippling Poison+1","Malaise","Bane","Flying Knee+1","Decay","Backflip+1","Noxious Fumes","Deadly Poison+1"],"relics":["Ring of the Snake","NeowsBlessing","WarpedTongs","Singing Bowl","Meat on the Bone","Whetstone","Tiny House","SsserpentHead","Snake Skull","Darkstone Periapt","Strawberry"],"potions_floor_usage":[16],"damage_taken":[{"damage":0,"enemies":"Small Slimes","floor":1,"turns":1},{"damage":0,"enemies":"Cultist","floor":3,"turns":1},{"damage":0,"enemies":"2 Louse","floor":5,"turns":1},{"damage":32,"enemies":"Lagavulin","floor":7,"turns":6},{"damage":41,"enemies":"Gremlin Nob","floor":10,"turns":5},{"damage":8,"enemies":"Gremlin Gang","floor":11,"turns":5},{"damage":1,"enemies":"2 Fungi Beasts","floor":14,"turns":3},{"damage":53,"enemies":"Slime Boss","floor":16,"turns":13},{"damage":28,"enemies":"Shell Parasite","floor":18,"turns":8},{"damage":10,"enemies":"Chosen","floor":20,"turns":6},{"damage":45,"enemies":"Book of Stabbing","floor":24,"turns":8},{"damage":4,"enemies":"Snecko","floor":25,"turns":5},{"damage":17,"enemies":"Snake Plant","floor":27,"turns":4},{"damage":47,"enemies":"Sentry and Sphere","floor":28,"turns":5}],"seed_played":"-424688048254643422","potions_obtained":[{"floor":3,"key":"SkillPotion"},{"floor":16,"key":"Swift Potion"},{"floor":17,"key":"EssenceOfSteel"},{"floor":20,"key":"GamblersBrew"},{"floor":25,"key":"FearPotion"}],"is_trial":false,"path_per_floor":["M","$","M","?","M","R","E","R","T","E","M","$","R","M","R","B",null,"M","?","M","$","?","R","E","M","T","M","M"],"character_chosen":"THE_SILENT","items_purchased":["Deadly Poison","Crippling Poison","Snake Skull"],"campfire_rested":3,"item_purchase_floors":[2,12,21],"current_hp_per_floor":[70,70,70,70,70,70,40,61,61,32,36,36,57,58,58,17,79,53,53,43,43,43,67,34,42,49,44,0],"gold":294,"neow_bonus":"THREE_ENEMY_KILL","is_prod":false,"is_daily":false,"chose_seed":false,"campfire_upgraded":2,"win_rate":0,"timestamp":1555382092,"path_taken":["M","$","M","?","M","R","E","R","T","E","?","$","R","M","R","BOSS","M","?","M","?","?","R","E","M","T","?","M"],"build_version":"2019-01-23","purchased_purges":1,"victory":false,"max_hp_per_floor":[70,70,70,70,70,70,72,72,72,72,72,72,72,74,74,74,79,81,81,81,81,81,81,81,81,88,88,88],"card_choices":[{"not_picked":["Slice","Dagger Spray"],"picked":"Outmaneuver","floor":1},{"not_picked":["Quick Slash","Backflip"],"picked":"Deadly Poison","floor":3},{"not_picked":["Poisoned Stab","Quick Slash"],"picked":"Outmaneuver","floor":5},{"not_picked":["Slice","Blur","Reflex"],"picked":"Singing Bowl","floor":7},{"not_picked":["Choke","Dodge and Roll"],"picked":"Bullet Time","floor":10},{"not_picked":["Sucker Punch","Cloak And Dagger"],"picked":"Poisoned Stab","floor":11},{"not_picked":["Infinite Blades","Dagger Spray","Expertise"],"picked":"Singing Bowl","floor":14},{"not_picked":["Storm of Steel","Doppelganger"],"picked":"Malaise","floor":16},{"not_picked":["Sucker Punch","Underhanded Strike"],"picked":"Bane","floor":17},{"not_picked":["Dodge and Roll","Sucker Punch","Quick Slash"],"picked":"Singing Bowl","floor":18},{"not_picked":["Predator","A Thousand Cuts"],"picked":"Flying Knee+1","floor":20},{"not_picked":["Predator","Dagger Throw"],"picked":"Backflip+1","floor":24},{"not_picked":["Dagger Spray","Flying Knee"],"picked":"Noxious Fumes","floor":25},{"not_picked":["Calculated Gamble","Slice"],"picked":"Deadly Poison+1","floor":27}],"player_experience":262360,"relics_obtained":[{"floor":7,"key":"Singing Bowl"},{"floor":9,"key":"Meat on the Bone"},{"floor":10,"key":"Whetstone"},{"floor":24,"key":"Darkstone Periapt"},{"floor":26,"key":"Strawberry"}],"event_choices":[{"damage_healed":0,"gold_gain":0,"player_choice":"Rummage","damage_taken":0,"relics_obtained":["WarpedTongs"],"max_hp_gain":0,"max_hp_loss":0,"event_name":"Accursed Blacksmith","floor":4,"gold_loss":0,"cards_obtained":["Pain"]},{"damage_healed":0,"gold_gain":0,"player_choice":"Trade","damage_taken":0,"relics_obtained":["SsserpentHead"],"max_hp_gain":0,"max_hp_loss":0,"event_name":"FaceTrader","floor":19,"gold_loss":0},{"damage_healed":0,"gold_gain":0,"player_choice":"Cursed","damage_taken":0,"max_hp_gain":0,"max_hp_loss":0,"event_name":"Wheel of Change","floor":22,"gold_loss":0,"cards_obtained":["Decay"]}],"is_beta":false,"boss_relics":[{"not_picked":["Philosopher\u0027s Stone","HoveringKite"],"picked":"Tiny House"}],"items_purged_floors":[12],"is_endless":false,"potions_floor_spawned":[3,16,20,25],"killed_by":"Sentry and Sphere","ascension_level":3}