{"gold_per_floor":[112,126,146,71,83,83,94,94,146,146,161,61,75,93,93,93],"floor_reached":16,"playtime":525,"items_purged":["Strike_R","Defend_R"],"score":96,"play_id":"2ddd2c4e-8f5d-4866-9231-2af27df7bb0d","local_time":"20180720205754","is_ascension_mode":false,"campfire_choices":[{"data":"Blood for Blood","floor":6,"key":"SMITH"},{"floor":8,"key":"REST"},{"data":"Pommel Strike","floor":10,"key":"SMITH"},{"floor":15,"key":"REST"}],"neow_cost":"NONE","seed_source_timestamp":221509919802358,"circlet_count":0,"master_deck":["Strike_R","Strike_R","Strike_R","Strike_R","Defend_R","Defend_R","Defend_R","Bash","Blood for Blood+1","Heavy Blade","Pommel Strike+1","Perfected Strike"],"relics":["Burning Blood","Omamori"],"potions_floor_usage":[16,16,16,16,16],"damage_taken":[{"damage":13,"enemies":"Cultist","floor":1,"turns":5},{"damage":8,"enemies":"Small Slimes","floor":2,"turns":4},{"damage":2,"enemies":"2 Louse","floor":3,"turns":2},{"damage":9,"enemies":"Exordium Wildlife","floor":5,"turns":3},{"damage":28,"enemies":"Large Slime","floor":7,"turns":5},{"damage":10,"enemies":"Looter","floor":11,"turns":2},{"damage":21,"enemies":"2 Fungi Beasts","floor":13,"turns":3},{"damage":0,"enemies":"Exordium Wildlife","floor":14,"turns":3},{"damage":88,"enemies":"The Guardian","floor":16,"turns":9}],"seed_played":"-8062892451697981735","potions_obtained":[{"floor":2,"key":"Dexterity Potion"},{"floor":7,"key":"PowerPotion"},{"floor":13,"key":"EntropicBrew"}],"is_trial":false,"path_per_floor":["M","M","M","$","M","R","M","R","T","R","M","$","M","M","R"],"character_chosen":"IRONCLAD","items_purchased":[],"campfire_rested":2,"item_purchase_floors":[],"current_hp_per_floor":[81,79,83,83,80,80,58,84,84,84,80,80,65,71,88,0],"gold":93,"neow_bonus":"TEN_PERCENT_HP_BONUS","is_prod":false,"is_daily":false,"chose_seed":false,"campfire_upgraded":2,"win_rate":0.0,"timestamp":1532134674,"path_taken":["M","M","M","$","M","R","M","R","T","R","M","?","M","M","R","BOSS"],"build_version":"2018-07-19v2","purchased_purges":2,"victory":false,"max_hp_per_floor":[88,88,88,88,88,88,88,88,88,88,88,88,88,88,88,88],"card_choices":[{"not_picked":["Clothesline","Twin Strike"],"picked":"Blood for Blood","floor":1},{"not_picked":["Clothesline","Sever Soul"],"picked":"Heavy Blade","floor":2},{"not_picked":["Dual Wield","Heavy Blade","Reckless Charge"],"picked":"SKIP","floor":3},{"not_picked":["Armaments","Iron Wave","Cleave"],"picked":"SKIP","floor":5},{"not_picked":["Burning Pact","Intimidate"],"picked":"Pommel Strike","floor":7},{"not_picked":["Iron Wave","Limit Break"],"picked":"Perfected Strike","floor":11},{"not_picked":["Havoc","Clash","Battle Trance"],"picked":"SKIP","floor":13},{"not_picked":["Shrug It Off","Blood for Blood","Spot Weakness"],"picked":"SKIP","floor":14}],"player_experience":284609,"relics_obtained":[{"floor":9,"key":"Omamori"}],"event_choices":[],"is_beta":false,"boss_relics":[],"items_purged_floors":[4,12],"is_endless":false,"potions_floor_spawned":[2,7,13,14],"killed_by":"The Guardian","ascension_level":0}