{"gold_per_floor":[110,121,137,62,62,62,9,9,36,49,64,64,64,64,64,162,162,181,191,46,63,73,73,99,99,99,114,114,114,14,14,14,112,112,128,146,158,158,174,174,174],"floor_reached":41,"playtime":1892,"items_purged":["Strike_B","Hello World"],"score":453,"play_id":"ee39da4c-bcbd-41c9-af2a-687c67622501","local_time":"20190211151608","is_ascension_mode":false,"campfire_choices":[{"data":"Tempest","floor":6,"key":"SMITH"},{"floor":12,"key":"REST"},{"data":"Zap","floor":15,"key":"SMITH"},{"floor":23,"key":"REST"},{"floor":25,"key":"REST"},{"floor":28,"key":"REST"},{"floor":32,"key":"REST"},{"floor":40,"key":"REST"}],"neow_cost":"NONE","seed_source_timestamp":109406518590361,"circlet_count":0,"master_deck":["Zap+1","Dualcast","Impatience","Tempest+1","Hologram","Conserve Battery","Ball Lightning+1","Reboot","Lockon+1","Biased Cognition","BootSequence","Auto Shields","Darkness","Echo Form+1","Compile Driver+1","Steam","Conserve Battery+1"],"relics":["Cracked Core","Dream Catcher","Whetstone","Pen Nib","Cables","Nloth\u0027s Gift","Eternal Feather"],"potions_floor_usage":[16,22,33,39,39],"damage_taken":[{"damage":6,"enemies":"2 Louse","floor":1,"turns":2},{"damage":6,"enemies":"Cultist","floor":2,"turns":3},{"damage":7,"enemies":"Small Slimes","floor":3,"turns":3},{"damage":6,"enemies":"Red Slaver","floor":10,"turns":2},{"damage":22,"enemies":"Exordium Thugs","floor":11,"turns":3},{"damage":0,"enemies":"Slime Boss","floor":16,"turns":6},{"damage":10,"enemies":"Spheric Guardian","floor":18,"turns":3},{"damage":30,"enemies":"2 Thieves","floor":19,"turns":3},{"damage":15,"enemies":"Snecko","floor":21,"turns":3},{"damage":3,"enemies":"3 Cultists","floor":22,"turns":4},{"damage":20,"enemies":"Book of Stabbing","floor":24,"turns":3},{"damage":15,"enemies":"Centurion and Healer","floor":27,"turns":3},{"damage":79,"enemies":"Collector","floor":33,"turns":7},{"damage":0,"enemies":"Orb Walker","floor":35,"turns":2},{"damage":43,"enemies":"3 Shapes","floor":36,"turns":4},{"damage":23,"enemies":"3 Darklings","floor":37,"turns":4},{"damage":42,"enemies":"Writhing Mass","floor":39,"turns":5},{"damage":73,"enemies":"Reptomancer","floor":41,"turns":2}],"seed_played":"7589843731908674388","potions_obtained":[{"floor":2,"key":"Regen Potion"},{"floor":5,"key":"Regen Potion"},{"floor":5,"key":"FairyPotion"},{"floor":19,"key":"Explosive Potion"},{"floor":27,"key":"Fire Potion"},{"floor":35,"key":"FocusPotion"},{"floor":37,"key":"EssenceOfSteel"},{"floor":39,"key":"SneckoOil"}],"is_trial":false,"path_per_floor":["M","M","M","$","?","R","$","$","T","M","M","R","?","$","R","B",null,"M","M","$","M","M","R","E","R","T","M","R","?","$","?","R","B",null,"M","M","M","?","M","R","E"],"character_chosen":"DEFECT","items_purchased":["Ball Lightning","Whetstone"],"campfire_rested":6,"item_purchase_floors":[7,20],"current_hp_per_floor":[69,63,56,56,56,56,56,56,56,50,28,50,50,50,50,62,75,65,35,35,20,17,39,19,41,41,26,48,48,48,48,70,7,75,75,32,9,66,32,60,0],"gold":174,"neow_bonus":"RANDOM_COLORLESS","is_prod":false,"is_daily":false,"chose_seed":false,"campfire_upgraded":2,"win_rate":0,"timestamp":1549916168,"path_taken":["M","M","M","$","?","R","?","$","T","M","M","R","?","$","R","BOSS","M","M","$","M","M","R","E","R","T","M","R","?","?","?","R","BOSS","M","M","M","?","M","R","E"],"build_version":"2019-01-23","purchased_purges":2,"victory":false,"max_hp_per_floor":[75,75,75,75,75,75,75,75,75,75,75,75,75,75,75,75,75,75,75,75,75,75,75,75,75,75,75,75,75,75,75,75,75,75,75,75,75,66,66,66,66],"card_choices":[{"not_picked":["Reprogram","Consume"],"picked":"Tempest","floor":1},{"not_picked":["Melter","Go for the Eyes"],"picked":"Hologram","floor":2},{"not_picked":["Chill","Beam Cell"],"picked":"Conserve Battery","floor":3},{"not_picked":["Rip and Tear","Steam"],"picked":"Reboot","floor":10},{"not_picked":["Go for the Eyes","Beam Cell","Cold Snap"],"picked":"SKIP","floor":11},{"not_picked":["All For One","Recycle"],"picked":"Lockon","floor":12},{"not_picked":["Core Surge","Buffer"],"picked":"Biased Cognition","floor":16},{"not_picked":["Doom and Gloom","Beam Cell+1","Chaos+1"],"picked":"SKIP","floor":18},{"not_picked":["Stack+1","Sweeping Beam+1","Hologram"],"picked":"SKIP","floor":19},{"not_picked":["Turbo","Rip and Tear","Ball Lightning"],"picked":"SKIP","floor":21},{"not_picked":["Turbo","Rip and Tear","Ball Lightning"],"picked":"SKIP","floor":21},{"not_picked":["Fusion","Doom and Gloom+1","Hologram"],"picked":"SKIP","floor":22},{"not_picked":["Redo","Defragment","Double Energy"],"picked":"SKIP","floor":24},{"not_picked":["Gash","Auto Shields+1","Recycle"],"picked":"SKIP","floor":27},{"not_picked":["Coolheaded","Beam Cell+1","White Noise"],"picked":"SKIP","floor":35},{"not_picked":["Gash","Redo+1"],"picked":"Conserve Battery+1","floor":36},{"not_picked":["Tempest+1","Go for the Eyes+1","Sweeping Beam+1"],"picked":"SKIP","floor":37},{"not_picked":["Steam","Stack+1","Coolheaded"],"picked":"SKIP","floor":39}],"player_experience":387024,"relics_obtained":[{"floor":9,"key":"Dream Catcher"},{"floor":24,"key":"Pen Nib"},{"floor":26,"key":"Cables"}],"event_choices":[{"damage_healed":0,"gold_gain":0,"player_choice":"Got Potions","damage_taken":0,"max_hp_gain":0,"max_hp_loss":0,"event_name":"Lab","floor":5,"gold_loss":0},{"damage_healed":0,"gold_gain":0,"player_choice":"Forge","damage_taken":0,"max_hp_gain":0,"max_hp_loss":0,"event_name":"Accursed Blacksmith","floor":13,"gold_loss":0,"cards_upgraded":["Lockon"]},{"damage_healed":0,"gold_gain":0,"player_choice":"Upgraded","damage_taken":0,"max_hp_gain":0,"max_hp_loss":0,"event_name":"Upgrade Shrine","floor":29,"gold_loss":0,"cards_upgraded":["Echo Form"]},{"damage_healed":0,"gold_gain":0,"player_choice":"Traded Relic","damage_taken":0,"relics_obtained":["Nloth\u0027s Gift"],"max_hp_gain":0,"max_hp_loss":0,"event_name":"N\u0027loth","floor":31,"relics_lost":["Pandora\u0027s Box"],"gold_loss":0},{"damage_healed":66,"gold_gain":0,"player_choice":"Heal","damage_taken":0,"max_hp_gain":0,"max_hp_loss":9,"event_name":"The Moai Head","floor":38,"gold_loss":0}],"is_beta":false,"boss_relics":[{"not_picked":["Busted Crown","Runic Dome"],"picked":"Pandora\u0027s Box"},{"not_picked":["Snecko Eye","Velvet Choker"],"picked":"Eternal Feather"}],"items_purged_floors":[4,30],"is_endless":false,"potions_floor_spawned":[2,10,19,21,27,35,37,39],"killed_by":"Reptomancer","ascension_level":0}