{"gold_per_floor":[110,60,80,30,48,80,94,112,112,146,164,164,164],"floor_reached":13,"playtime":715,"items_purged":[],"score":112,"play_id":"5d987e64-e5b4-402c-a5ac-d8dd5418ece2","local_time":"20190330003459","is_ascension_mode":true,"campfire_choices":[],"neow_cost":"NONE","seed_source_timestamp":356482971015472,"circlet_count":0,"master_deck":["Strike_R","Strike_R","Strike_R","Strike_R","Defend_R","Defend_R","Defend_R","Defend_R","Bash","Entrench","Metallicize","Headbutt","Pommel Strike","Ghostly Armor","Battle Trance","Spot Weakness"],"relics":["Burning Blood","Pantograph","Gremlin Horn","Bronze Scales"],"potions_floor_usage":[6,10,10],"damage_taken":[{"damage":4,"enemies":"2 Louse","floor":1,"turns":3},{"damage":9,"enemies":"Jaw Worm","floor":3,"turns":5},{"damage":7,"enemies":"Small Slimes","floor":5,"turns":4},{"damage":55,"enemies":"Lagavulin","floor":6,"turns":8},{"damage":16,"enemies":"2 Fungi Beasts","floor":7,"turns":4},{"damage":4,"enemies":"3 Louse","floor":8,"turns":4},{"damage":16,"enemies":"Gremlin Nob","floor":10,"turns":5},{"damage":4,"enemies":"Red Slaver","floor":11,"turns":7},{"damage":7,"enemies":"Gremlin Nob","floor":13,"turns":2}],"seed_played":"-5217326725022516931","potions_obtained":[{"floor":3,"key":"SkillPotion"},{"floor":5,"key":"Swift Potion"},{"floor":7,"key":"Strength Potion"},{"floor":8,"key":"Block Potion"}],"is_trial":false,"path_per_floor":["M","?","M","?","M","E","M","M","T","E","M","?","?"],"character_chosen":"IRONCLAD","items_purchased":[],"campfire_rested":0,"item_purchase_floors":[],"current_hp_per_floor":[88,88,85,85,84,35,25,27,27,17,19,7,0],"gold":164,"neow_bonus":"TEN_PERCENT_HP_BONUS","is_prod":false,"is_daily":false,"chose_seed":false,"campfire_upgraded":0,"win_rate":0,"timestamp":1553920499,"path_taken":["M","?","M","?","M","E","M","?","T","E","M","?","?"],"build_version":"2019-01-23","purchased_purges":0,"victory":false,"max_hp_per_floor":[88,88,88,88,88,88,88,88,88,88,88,88,88],"card_choices":[{"not_picked":["Havoc","Battle Trance"],"picked":"Entrench","floor":1},{"not_picked":["Flex","Clothesline"],"picked":"Metallicize","floor":3},{"not_picked":["Thunderclap","Carnage"],"picked":"Headbutt","floor":5},{"not_picked":["Wild Strike","Searing Blow"],"picked":"Pommel Strike","floor":6},{"not_picked":["Sword Boomerang","Headbutt"],"picked":"Ghostly Armor","floor":7},{"not_picked":["Wild Strike","Infernal Blade"],"picked":"Battle Trance","floor":8},{"not_picked":["Offering","Feel No Pain","Wild Strike"],"picked":"SKIP","floor":10},{"not_picked":["Evolve","True Grit"],"picked":"Spot Weakness","floor":11}],"player_experience":178390,"relics_obtained":[{"floor":6,"key":"Pantograph"},{"floor":10,"key":"Gremlin Horn"}],"event_choices":[{"cards_removed":["Strike_R"],"damage_healed":0,"gold_gain":0,"player_choice":"Card Removal","damage_taken":0,"max_hp_gain":0,"max_hp_loss":0,"event_name":"The Cleric","floor":2,"gold_loss":50},{"damage_healed":0,"gold_gain":0,"player_choice":"Left Gold","damage_taken":0,"max_hp_gain":0,"max_hp_loss":0,"event_name":"World of Goop","floor":4,"gold_loss":50},{"damage_healed":0,"gold_gain":0,"player_choice":"Success","damage_taken":12,"relics_obtained":["Bronze Scales"],"max_hp_gain":0,"max_hp_loss":0,"event_name":"Scrap Ooze","floor":12,"gold_loss":0},{"damage_healed":0,"gold_gain":0,"player_choice":"Searched \u00271\u0027 times","damage_taken":0,"max_hp_gain":0,"max_hp_loss":0,"event_name":"Dead Adventurer","floor":13,"gold_loss":0}],"is_beta":false,"boss_relics":[],"items_purged_floors":[],"is_endless":false,"potions_floor_spawned":[3,5,7,8],"killed_by":"Gremlin Nob","ascension_level":3}