{"gold_per_floor":[110,127,127,54,71,71,403,403,403,403,184,197,197,216,216,216],"floor_reached":16,"playtime":1347,"items_purged":[],"score":100,"play_id":"2d6b538a-121c-4b5f-a73e-a05b55eee2aa","local_time":"20190417172055","is_ascension_mode":false,"campfire_choices":[{"data":"Dual Wield","floor":6,"key":"SMITH"},{"floor":8,"key":"REST"},{"floor":15,"key":"REST"}],"neow_cost":"","seed_source_timestamp":1123547088350340,"circlet_count":0,"master_deck":["Strike_R","Strike_R+1","Strike_R","Strike_R","Strike_R+1","Defend_R","Defend_R","Defend_R","Defend_R","Bash","Warcry","Perfected Strike","Dual Wield+1","Perfected Strike","Dropkick","Master of Strategy","Pommel Strike","Anger","Bloodletting"],"relics":["Burning Blood","Old Coin","Unceasing Top","Gremlin Horn"],"potions_floor_usage":[2,7],"damage_taken":[{"damage":10,"enemies":"Cultist","floor":1,"turns":4},{"damage":12,"enemies":"Small Slimes","floor":2,"turns":4},{"damage":1,"enemies":"Jaw Worm","floor":5,"turns":3},{"damage":26,"enemies":"Lagavulin","floor":7,"turns":6},{"damage":21,"enemies":"3 Louse","floor":12,"turns":4},{"damage":11,"enemies":"Red Slaver","floor":14,"turns":3},{"damage":67,"enemies":"The Guardian","floor":16,"turns":7}],"seed_played":"1418850855457288021","potions_obtained":[{"floor":1,"key":"FearPotion"},{"floor":5,"key":"EssenceOfSteel"},{"floor":14,"key":"GamblersBrew"}],"is_trial":false,"path_per_floor":["M","M","?","$","M","R","E","R","T","?","$","M","T","M","R","B"],"character_chosen":"IRONCLAD","items_purchased":["Dual Wield","Master of Strategy","Pommel Strike"],"campfire_rested":2,"item_purchase_floors":[4,11,11],"current_hp_per_floor":[76,70,54,54,59,59,39,63,63,63,63,48,48,43,67,0],"gold":216,"neow_bonus":"","is_prod":false,"is_daily":false,"chose_seed":false,"campfire_upgraded":1,"win_rate":0.0,"timestamp":1555539655,"path_taken":["M","M","?","$","M","R","E","R","T","?","$","M","?","M","R","BOSS"],"build_version":"2019-01-23","purchased_purges":0,"victory":false,"max_hp_per_floor":[80,80,80,80,80,80,80,80,80,80,80,80,80,80,80,80],"card_choices":[{"not_picked":["True Grit","Blood for Blood"],"picked":"Warcry","floor":1},{"not_picked":["Clash","Uppercut"],"picked":"Perfected Strike","floor":2},{"not_picked":["Cleave","Uppercut"],"picked":"Perfected Strike","floor":5},{"not_picked":["Thunderclap","Twin Strike"],"picked":"Dropkick","floor":7},{"not_picked":["Combust","Twin Strike"],"picked":"Anger","floor":12},{"not_picked":["Seeing Red","Intimidate"],"picked":"Bloodletting","floor":14}],"player_experience":0,"relics_obtained":[{"floor":7,"key":"Old Coin"},{"floor":9,"key":"Unceasing Top"},{"floor":13,"key":"Gremlin Horn"}],"event_choices":[{"damage_healed":0,"gold_gain":0,"player_choice":"Entered Light","damage_taken":16,"max_hp_gain":0,"max_hp_loss":0,"event_name":"Shining Light","floor":3,"gold_loss":0,"cards_upgraded":["Strike_R","Strike_R"]},{"damage_healed":0,"gold_gain":0,"player_choice":"Ignored","damage_taken":0,"max_hp_gain":0,"max_hp_loss":0,"event_name":"Golden Wing","floor":10,"gold_loss":0}],"is_beta":false,"boss_relics":[],"items_purged_floors":[],"is_endless":false,"potions_floor_spawned":[1,5,14],"killed_by":"The Guardian","ascension_level":0}