{"gold_per_floor":[111,121,24,40,40,84,84,127,127,141,141,217,242,255,255,383,383,404,319,319,15,29,29,29],"floor_reached":24,"playtime":2586,"items_purged":["Doubt"],"score":206,"play_id":"4f0ddc0f-96a0-4b45-bae2-da3fda9fc67c","local_time":"20190417211304","is_ascension_mode":false,"campfire_choices":[{"floor":7,"key":"REST"},{"floor":11,"key":"REST"},{"data":"Demon Form","floor":15,"key":"SMITH"},{"floor":23,"key":"REST"}],"neow_cost":"NONE","seed_source_timestamp":1136231112863226,"circlet_count":0,"master_deck":["Strike_R","Strike_R","Strike_R","Strike_R","Strike_R","Defend_R","Defend_R","Defend_R","Defend_R","Bash","Demon Form+1","Warcry","Perfected Strike","Discovery","Bloodletting","Injury","Searing Blow","Heavy Blade+1","Inflame","Shrug It Off","Clash","Juggernaut","Pain","Decay","Dual Wield+1","Forethought+1","Heavy Blade"],"relics":["Burning Blood","Golden Idol","Vajra","Matryoshka","Blood Vial","Oddly Smooth Stone","Question Card","Shuriken","Calling Bell","Toxic Egg 2","Torii","Pen Nib","Bag of Preparation","Ancient Tea Set"],"potions_floor_usage":[8,16,16],"damage_taken":[{"damage":5,"enemies":"Small Slimes","floor":1,"turns":5},{"damage":15,"enemies":"Jaw Worm","floor":2,"turns":4},{"damage":0,"enemies":"2 Louse","floor":4,"turns":3},{"damage":59,"enemies":"3 Sentries","floor":6,"turns":9},{"damage":30,"enemies":"Gremlin Nob","floor":8,"turns":4},{"damage":21,"enemies":"Gremlin Gang","floor":10,"turns":4},{"damage":6,"enemies":"2 Fungi Beasts","floor":13,"turns":3},{"damage":14,"enemies":"Looter","floor":14,"turns":3},{"damage":16,"enemies":"Hexaghost","floor":16,"turns":8},{"damage":21,"enemies":"Spheric Guardian","floor":18,"turns":4},{"damage":41,"enemies":"3 Byrds","floor":22,"turns":5},{"damage":63,"enemies":"Book of Stabbing","floor":24,"turns":5}],"seed_played":"6017739073693421668","potions_obtained":[{"floor":4,"key":"EssenceOfSteel"},{"floor":6,"key":"AttackPotion"},{"floor":10,"key":"Regen Potion"},{"floor":22,"key":"Ancient Potion"}],"is_trial":false,"path_per_floor":["M","M","$","M","?","E","R","E","T","M","R","T","M","M","R","B",null,"M","?","?","$","M","R","E"],"character_chosen":"IRONCLAD","items_purchased":["Discovery","Forethought+1","Ancient Tea Set"],"campfire_rested":3,"item_purchase_floors":[3,21,21],"current_hp_per_floor":[80,71,71,77,77,24,48,24,24,11,35,35,37,31,31,38,80,65,65,65,65,32,56,0],"gold":29,"neow_bonus":"ONE_RANDOM_RARE_CARD","is_prod":false,"is_daily":false,"chose_seed":false,"campfire_upgraded":1,"win_rate":0.0,"timestamp":1555553584,"path_taken":["M","M","$","M","?","E","R","E","T","M","R","?","M","M","R","BOSS","M","?","?","$","M","R","E"],"build_version":"2019-01-23","purchased_purges":1,"victory":false,"max_hp_per_floor":[80,80,80,80,80,80,80,80,80,80,80,80,80,80,80,80,80,80,80,80,80,80,80,80],"card_choices":[{"not_picked":["Sword Boomerang","Anger"],"picked":"Warcry","floor":1},{"not_picked":["Sever Soul","Body Slam"],"picked":"Perfected Strike","floor":2},{"not_picked":["Infernal Blade","Anger"],"picked":"Bloodletting","floor":4},{"not_picked":["Body Slam","Entrench"],"picked":"Searing Blow","floor":6},{"not_picked":["Pummel","Disarm"],"picked":"Heavy Blade","floor":8},{"not_picked":["Anger","Cleave"],"picked":"Inflame","floor":10},{"not_picked":["Clothesline","Twin Strike","Power Through"],"picked":"Shrug It Off","floor":13},{"not_picked":["Dropkick","Disarm","Warcry"],"picked":"Clash","floor":14},{"not_picked":["Offering","Fiend Fire","Reaper"],"picked":"Juggernaut","floor":16},{"not_picked":["Metallicize","Heavy Blade","Perfected Strike+1"],"picked":"Dual Wield+1","floor":18},{"not_picked":["Iron Wave","Body Slam","Twin Strike"],"picked":"Heavy Blade","floor":22}],"player_experience":9645,"relics_obtained":[{"floor":6,"key":"Vajra"},{"floor":8,"key":"Matryoshka"},{"floor":9,"key":"Blood Vial"},{"floor":9,"key":"Oddly Smooth Stone"},{"floor":12,"key":"Question Card"},{"floor":12,"key":"Shuriken"},{"floor":17,"key":"Toxic Egg 2"},{"floor":17,"key":"Torii"},{"floor":17,"key":"Pen Nib"}],"event_choices":[{"damage_healed":0,"gold_gain":0,"player_choice":"Take Wound","damage_taken":0,"relics_obtained":["Golden Idol"],"max_hp_gain":0,"max_hp_loss":0,"event_name":"Golden Idol","floor":5,"gold_loss":0,"cards_obtained":["Injury"]},{"damage_healed":0,"gold_gain":0,"player_choice":"Obtained Relic","damage_taken":0,"relics_obtained":["Bag of Preparation"],"max_hp_gain":0,"max_hp_loss":0,"event_name":"Addict","floor":19,"gold_loss":85},{"damage_healed":0,"gold_gain":0,"player_choice":"Forge","damage_taken":0,"max_hp_gain":0,"max_hp_loss":0,"event_name":"Accursed Blacksmith","floor":20,"gold_loss":0,"cards_upgraded":["Heavy Blade"]}],"is_beta":false,"boss_relics":[{"not_picked":["Runic Pyramid","Empty Cage"],"picked":"Calling Bell"}],"items_purged_floors":[21],"is_endless":false,"potions_floor_spawned":[4,6,10,22],"killed_by":"Book of Stabbing","ascension_level":0}