{"gold_per_floor":[111,111,8,21,40,70,70,100,100,32,46,46,74,74,74,149,149,160,32,32,43,43,43,43,43,43,68,81,81,51,85,85,85],"floor_reached":33,"playtime":1767,"items_purged":["Pain","Strike_R"],"score":598,"play_id":"e4d8255e-6b04-417d-af0a-172c7d2859e7","local_time":"20190221124854","is_ascension_mode":true,"campfire_choices":[{"data":"Bludgeon","floor":7.0,"key":"SMITH"},{"floor":12.0,"key":"REST"},{"data":"Uppercut","floor":15.0,"key":"SMITH"},{"floor":23,"key":"REST"},{"data":"Whirlwind","floor":25,"key":"SMITH"},{"floor":32,"key":"REST"}],"neow_cost":"NONE","seed_source_timestamp":430626100634000,"circlet_count":0,"master_deck":["AscendersBane","Strike_R","Strike_R","Strike_R","Strike_R","Defend_R","Defend_R","Defend_R","Defend_R","Bash","Bludgeon+1","Shrug It Off","Iron Wave","Warcry","Seeing Red","Uppercut+1","Whirlwind+1","Carnage","Offering","Headbutt","Shrug It Off","Shame","Shockwave+1","Armaments+1","Decay","Shrug It Off+1","Armaments+1"],"special_seed":0,"relics":["Black Blood","WarpedTongs","Bag of Marbles","Sundial","Boot","Darkstone Periapt","Toxic Egg 2","Nilry\u0027s Codex","Mercury Hourglass","Self Forming Clay","Art of War","Gremlin Horn"],"potions_floor_usage":[27,31],"damage_taken":[{"damage":6.0,"enemies":"2 Louse","floor":1.0,"turns":4.0},{"damage":0.0,"enemies":"Cultist","floor":4.0,"turns":3.0},{"damage":1.0,"enemies":"Small Slimes","floor":5.0,"turns":3.0},{"damage":56.0,"enemies":"Gremlin Nob","floor":6.0,"turns":5.0},{"damage":20.0,"enemies":"Lagavulin","floor":8.0,"turns":4.0},{"damage":6.0,"enemies":"Looter","floor":11.0,"turns":2.0},{"damage":27.0,"enemies":"Gremlin Nob","floor":13.0,"turns":4.0},{"damage":26.0,"enemies":"The Guardian","floor":16.0,"turns":7.0},{"damage":8,"enemies":"Shell Parasite","floor":18,"turns":2},{"damage":44,"enemies":"3 Byrds","floor":21,"turns":6},{"damage":40,"enemies":"Gremlin Leader","floor":27,"turns":6},{"damage":0,"enemies":"Snecko","floor":28,"turns":2},{"damage":22,"enemies":"Slavers","floor":31,"turns":5},{"damage":65,"enemies":"Collector","floor":33,"turns":6}],"seed_played":"2514223094392511040","potions_obtained":[{"floor":6.0,"key":"SpeedPotion"},{"floor":11.0,"key":"Regen Potion"},{"floor":13.0,"key":"PowerPotion"},{"floor":21,"key":"Dexterity Potion"},{"floor":27,"key":"SkillPotion"}],"is_trial":false,"path_per_floor":["M","?","$","M","M","E","R","E","T","?","M","R","E","?","R","B",null,"M","$","?","M","?","R","T","R","T","E","M","?","$","E","R","B"],"character_chosen":"IRONCLAD","items_purchased":["Iron Wave","Shrug It Off","Shrug It Off+1"],"campfire_rested":3,"item_purchase_floors":[3,19,30],"current_hp_per_floor":[68,68,68,74,75,25,25,11,11,11,11,33,24,75,75,55,70,72,72,78,44,23,47,47,47,47,17,27,33,33,21,47,0],"gold":85,"neow_bonus":"ONE_RANDOM_RARE_CARD","is_prod":false,"is_daily":false,"chose_seed":false,"campfire_upgraded":3,"win_rate":0,"timestamp":1550782134,"path_taken":["M","?","?","M","M","E","R","E","T","?","M","R","E","?","R","BOSS","M","?","?","M","?","R","?","R","T","E","?","?","$","E","R","BOSS"],"build_version":"2019-02-06","purchased_purges":2,"victory":false,"max_hp_per_floor":[75,75,75,75,75,75,75,75,75,75,75,75,75,75,75,75,75,75,75,81,81,81,81,81,81,81,81,81,87,87,87,87,87],"card_choices":[{"not_picked":["Flex","Feel No Pain"],"picked":"Shrug It Off","floor":1.0},{"not_picked":["Havoc","Armaments"],"picked":"Warcry","floor":4.0},{"not_picked":["Clash","Sentinel"],"picked":"Entrench","floor":5.0},{"not_picked":["Clothesline","Burning Pact"],"picked":"Seeing Red","floor":6.0},{"not_picked":["Searing Blow","Combust"],"picked":"Uppercut","floor":8.0},{"not_picked":["Entrench","Body Slam"],"picked":"Whirlwind","floor":11.0},{"not_picked":["Hemokinesis","Sentinel"],"picked":"Carnage","floor":13.0},{"not_picked":["Reaper","Dark Embrace"],"picked":"Offering","floor":16.0},{"not_picked":["Pommel Strike+1","Wild Strike"],"picked":"Headbutt","floor":18},{"not_picked":["Reckless Charge","Cleave"],"picked":"Shockwave+1","floor":21},{"not_picked":["Pummel","Evolve","Whirlwind"],"picked":"SKIP","floor":27},{"not_picked":["Whirlwind+1","Hemokinesis"],"picked":"Armaments+1","floor":28},{"not_picked":["Reckless Charge","Limit Break+1"],"picked":"Armaments+1","floor":31}],"player_experience":3301379,"relics_obtained":[{"floor":6.0,"key":"Bag of Marbles"},{"floor":8.0,"key":"Sundial"},{"floor":9.0,"key":"Boot"},{"floor":13.0,"key":"Darkstone Periapt"},{"floor":22,"key":"Nilry\u0027s Codex"},{"floor":24,"key":"Mercury Hourglass"},{"floor":26,"key":"Self Forming Clay"},{"floor":27,"key":"Art of War"},{"floor":31,"key":"Gremlin Horn"}],"event_choices":[{"damage_healed":0.0,"max_hp_gain":0.0,"max_hp_loss":0.0,"gold_gain":0.0,"event_name":"Accursed Blacksmith","player_choice":"Rummage","floor":2.0,"gold_loss":0.0,"damage_taken":0.0,"relics_obtained":["WarpedTongs"],"cards_obtained":["Pain"]},{"damage_healed":0.0,"max_hp_gain":0.0,"max_hp_loss":0.0,"gold_gain":0.0,"event_name":"World of Goop","player_choice":"Left Gold","floor":10.0,"gold_loss":68.0,"damage_taken":0.0},{"cards_removed":["Entrench"],"damage_healed":51.0,"max_hp_gain":0.0,"max_hp_loss":0.0,"gold_gain":0.0,"event_name":"Bonfire Elementals","player_choice":"Offered Uncommon","floor":14.0,"gold_loss":0.0,"damage_taken":0.0},{"damage_healed":0,"gold_gain":0,"player_choice":"Stole Relic","damage_taken":0,"relics_obtained":["Toxic Egg 2"],"max_hp_gain":0,"max_hp_loss":0,"event_name":"Addict","floor":20,"gold_loss":0,"cards_obtained":["Shame"]},{"damage_healed":0,"gold_gain":0,"player_choice":"Obtained Book","damage_taken":21,"max_hp_gain":0,"max_hp_loss":0,"event_name":"Cursed Tome","floor":22,"gold_loss":0},{"damage_healed":0,"gold_gain":0,"player_choice":"Smashed Altar","damage_taken":0,"max_hp_gain":0,"max_hp_loss":0,"event_name":"Forgotten Altar","floor":29,"gold_loss":0,"cards_obtained":["Decay"]}],"is_beta":true,"boss_relics":[{"not_picked":["Velvet Choker","Runic Dome"],"picked":"Black Blood"}],"items_purged_floors":[3,19],"is_endless":false,"potions_floor_spawned":[6,11,13,21,27],"killed_by":"Collector","ascension_level":20}