{"gold_per_floor":[116,132,143,160,110,143,143,173,198,212,224,224,284,302,302,403,403,413,10,23,23,23,0,0,0],"floor_reached":25,"playtime":1434,"items_purged":["Strike_R"],"score":223,"play_id":"18a821b9-ae69-4afd-b009-6b3c5380e5ee","local_time":"20190221170235","is_ascension_mode":false,"campfire_choices":[{"data":"Body Slam","floor":7,"key":"SMITH"},{"data":"Armaments","floor":12,"key":"SMITH"},{"floor":15,"key":"REST"},{"data":"Barricade","floor":24,"key":"SMITH"}],"neow_cost":"NONE","seed_source_timestamp":481400169774315,"circlet_count":0,"master_deck":["Strike_R","Strike_R","Strike_R","Defend_R","Defend_R","Defend_R","Defend_R","Bash","Body Slam+1","Iron Wave","Headbutt","Demon Form","Armaments+1","Iron Wave","Barricade+1","Entrench","Flame Barrier"],"relics":["Burning Blood","NeowsBlessing","Paper Frog","Vajra","Bag of Marbles","Tiny Chest","Philosopher\u0027s Stone","Self Forming Clay","Toxic Egg 2"],"potions_floor_usage":[13,16,16,18],"damage_taken":[{"damage":0,"enemies":"Cultist","floor":1,"turns":1},{"damage":0,"enemies":"Small Slimes","floor":2,"turns":1},{"damage":0,"enemies":"Jaw Worm","floor":3,"turns":1},{"damage":10,"enemies":"Looter","floor":4,"turns":4},{"damage":22,"enemies":"Gremlin Nob","floor":6,"turns":5},{"damage":43,"enemies":"3 Sentries","floor":8,"turns":10},{"damage":19,"enemies":"Large Slime","floor":10,"turns":5},{"damage":0,"enemies":"2 Fungi Beasts","floor":11,"turns":3},{"damage":4,"enemies":"Gremlin Nob","floor":13,"turns":3},{"damage":2,"enemies":"Blue Slaver","floor":14,"turns":4},{"damage":41,"enemies":"The Guardian","floor":16,"turns":9},{"damage":50,"enemies":"3 Byrds","floor":18,"turns":6},{"damage":11,"enemies":"Shell Parasite","floor":20,"turns":5},{"damage":32,"enemies":"Book of Stabbing","floor":25,"turns":5}],"seed_played":"2038481786475041804","potions_obtained":[{"floor":2,"key":"Poison Potion"},{"floor":6,"key":"SpeedPotion"},{"floor":11,"key":"SpeedPotion"},{"floor":14,"key":"Explosive Potion"}],"is_trial":false,"path_per_floor":["M","M","M","M","?","E","R","E","T","M","M","R","E","M","R","B",null,"M","$","M","?","?","?","R","E"],"character_chosen":"IRONCLAD","items_purchased":["Self Forming Clay","Entrench"],"campfire_rested":1,"item_purchase_floors":[19,19],"current_hp_per_floor":[80,80,80,76,76,60,60,23,23,10,16,16,18,22,46,11,80,36,36,31,31,31,31,31,0],"gold":0,"neow_bonus":"THREE_ENEMY_KILL","is_prod":false,"is_daily":false,"chose_seed":false,"campfire_upgraded":3,"win_rate":0.0,"timestamp":1550786555,"path_taken":["M","M","?","M","?","E","R","E","T","M","M","R","E","M","R","BOSS","M","$","M","?","?","?","R","E"],"build_version":"2019-01-23","purchased_purges":1,"victory":false,"max_hp_per_floor":[80,80,80,80,80,80,80,80,80,80,80,80,80,80,80,80,80,80,80,80,80,80,80,80,80],"card_choices":[{"not_picked":["Anger","Pommel Strike"],"picked":"Body Slam","floor":1},{"not_picked":["Anger","Havoc","Sword Boomerang"],"picked":"SKIP","floor":2},{"not_picked":["Wild Strike","Havoc","Hemokinesis"],"picked":"SKIP","floor":3},{"not_picked":["Warcry","True Grit"],"picked":"Iron Wave","floor":4},{"not_picked":["Flex","Sword Boomerang"],"picked":"Headbutt","floor":6},{"not_picked":["Cleave","Feel No Pain"],"picked":"Demon Form","floor":8},{"not_picked":["Clothesline","True Grit","Battle Trance"],"picked":"SKIP","floor":10},{"not_picked":["Rage","Pummel"],"picked":"Armaments","floor":11},{"not_picked":["Cleave","Flex"],"picked":"Iron Wave","floor":13},{"not_picked":["Anger","Combust","Cleave"],"picked":"SKIP","floor":14},{"not_picked":["Feed","Immolate"],"picked":"Barricade","floor":16},{"not_picked":["Clash","Havoc+1","Pummel+1"],"picked":"SKIP","floor":18},{"not_picked":["True Grit","Wild Strike"],"picked":"Flame Barrier","floor":20}],"player_experience":58330,"relics_obtained":[{"floor":6,"key":"Paper Frog"},{"floor":8,"key":"Vajra"},{"floor":9,"key":"Bag of Marbles"},{"floor":13,"key":"Tiny Chest"}],"event_choices":[{"cards_removed":["Strike_R"],"damage_healed":0,"gold_gain":0,"player_choice":"Card Removal","damage_taken":0,"max_hp_gain":0,"max_hp_loss":0,"event_name":"The Cleric","floor":5,"gold_loss":50},{"damage_healed":0,"gold_gain":0,"player_choice":"Opened","damage_taken":0,"relics_obtained":["Toxic Egg 2"],"max_hp_gain":0,"max_hp_loss":0,"event_name":"The Mausoleum","floor":21,"gold_loss":0},{"damage_healed":0,"gold_gain":0,"player_choice":"Ignored","damage_taken":0,"max_hp_gain":0,"max_hp_loss":0,"event_name":"Beggar","floor":22,"gold_loss":0},{"damage_healed":0,"gold_gain":0,"player_choice":"Paid Fearfully","damage_taken":0,"max_hp_gain":0,"max_hp_loss":0,"event_name":"Masked Bandits","floor":23,"gold_loss":23}],"is_beta":false,"boss_relics":[{"not_picked":["Orrery","Cursed Key"],"picked":"Philosopher\u0027s Stone"}],"items_purged_floors":[19],"is_endless":false,"potions_floor_spawned":[2,6,11,14],"killed_by":"Book of Stabbing","ascension_level":0}