{"gold_per_floor":[112,189,189,204,204,229,229,5,83,83,8,35,51,79,79,79],"floor_reached":16,"playtime":306,"items_purged":[],"score":282,"play_id":"3f523f1a-12ad-4811-8b0f-2f02dfc94172","local_time":"20190316154333","is_ascension_mode":true,"campfire_choices":[{"floor":7,"key":"DIG"},{"floor":10,"key":"DIG"},{"floor":15,"key":"DIG"}],"neow_cost":"NONE","seed_source_timestamp":63414548943203,"circlet_count":0,"master_deck":["AscendersBane","Strike_R","Strike_R","Strike_R","Strike_R","Defend_R","Defend_R","Defend_R","Defend_R","Bash","Pommel Strike","Pommel Strike","Thunderclap","Uppercut","Spot Weakness","Flex"],"relics":["Burning Blood","NeowsBlessing","Pear","Strawberry","Shovel","Omamori","Chemical X","Pantograph","Bag of Marbles","Self Forming Clay","Champion Belt","Frozen Egg 2"],"potions_floor_usage":[12],"damage_taken":[{"damage":0,"enemies":"Cultist","floor":1,"turns":1},{"damage":0,"enemies":"Jaw Worm","floor":4,"turns":1},{"damage":0,"enemies":"Lagavulin","floor":6,"turns":1},{"damage":30,"enemies":"3 Sentries","floor":12,"turns":7},{"damage":0,"enemies":"Small Slimes","floor":13,"turns":2},{"damage":32,"enemies":"Lagavulin","floor":14,"turns":7},{"damage":72,"enemies":"Hexaghost","floor":16,"turns":9}],"seed_played":"-2869297091826619250","potions_obtained":[{"floor":6,"key":"PowerPotion"}],"is_trial":false,"path_per_floor":["M","T","?","M","?","E","R","$","T","R","?","E","M","E","R","B"],"character_chosen":"IRONCLAD","items_purchased":["Chemical X"],"campfire_rested":0,"item_purchase_floors":[8],"current_hp_per_floor":[74,84,91,92,85,91,91,91,91,91,91,67,73,47,47,0],"gold":79,"neow_bonus":"THREE_ENEMY_KILL","is_prod":false,"is_daily":false,"chose_seed":false,"campfire_upgraded":0,"win_rate":0,"timestamp":1552736613,"path_taken":["M","?","?","M","?","E","R","$","T","R","?","E","?","E","R","BOSS"],"build_version":"2019-01-23","purchased_purges":0,"victory":false,"max_hp_per_floor":[75,85,92,92,92,92,92,92,92,92,92,92,92,92,92,92],"card_choices":[{"not_picked":["Flame Barrier","Seeing Red"],"picked":"Pommel Strike","floor":1},{"not_picked":["Flex","Heavy Blade"],"picked":"Pommel Strike","floor":4},{"not_picked":["Pommel Strike","Seeing Red"],"picked":"Thunderclap","floor":6},{"not_picked":["Combust","Burning Pact"],"picked":"Uppercut","floor":12},{"not_picked":["Intimidate","Clothesline"],"picked":"Spot Weakness","floor":13},{"not_picked":["Cleave","Warcry"],"picked":"Flex","floor":14}],"player_experience":737517,"relics_obtained":[{"floor":2,"key":"Pear"},{"floor":6,"key":"Shovel"},{"floor":7,"key":"Omamori"},{"floor":9,"key":"Pantograph"},{"floor":10,"key":"Bag of Marbles"},{"floor":12,"key":"Self Forming Clay"},{"floor":14,"key":"Champion Belt"},{"floor":15,"key":"Frozen Egg 2"}],"event_choices":[{"damage_healed":0,"gold_gain":0,"player_choice":"Box","damage_taken":0,"relics_obtained":["Strawberry"],"max_hp_gain":0,"max_hp_loss":0,"event_name":"Big Fish","floor":3,"gold_loss":0,"cards_obtained":["Regret"]},{"cards_removed":["Regret"],"damage_healed":0,"gold_gain":0,"player_choice":"Card Removal","damage_taken":7,"max_hp_gain":0,"max_hp_loss":0,"event_name":"Golden Wing","floor":5,"gold_loss":0},{"cards_removed":["Strike_R"],"damage_healed":0,"gold_gain":0,"player_choice":"Card Removal","damage_taken":0,"max_hp_gain":0,"max_hp_loss":0,"event_name":"The Cleric","floor":11,"gold_loss":75}],"is_beta":false,"boss_relics":[],"items_purged_floors":[],"is_endless":false,"potions_floor_spawned":[6],"killed_by":"Hexaghost","ascension_level":20}