{"gold_per_floor":[112,262,187,206,39,72,85,85,109,121,135,149,164,164],"floor_reached":14,"playtime":485,"items_purged":[],"score":188,"play_id":"544b1ab9-1ad6-4036-b4e5-ab71e51ebde0","local_time":"20190413224848","is_ascension_mode":true,"campfire_choices":[{"floor":8,"key":"REST"}],"neow_cost":"NONE","seed_source_timestamp":259813232259228,"circlet_count":0,"master_deck":["AscendersBane","Strike_R","Strike_R","Strike_R","Strike_R","Strike_R","Defend_R","Defend_R","Defend_R","Defend_R","Bash","Inflame","Sword Boomerang","Whirlwind","Disarm","Disarm","Shrug It Off","Power Through"],"relics":["Black Star","Bronze Scales","Art of War","Vajra","Orichalcum"],"potions_floor_usage":[7,7,14],"damage_taken":[{"damage":6,"enemies":"Cultist","floor":1,"turns":3},{"damage":18,"enemies":"Small Slimes","floor":4,"turns":5},{"damage":40,"enemies":"Lagavulin","floor":6,"turns":6},{"damage":2,"enemies":"Jaw Worm","floor":7,"turns":2},{"damage":6,"enemies":"Blue Slaver","floor":10,"turns":3},{"damage":0,"enemies":"Exordium Wildlife","floor":11,"turns":2},{"damage":1,"enemies":"Exordium Thugs","floor":12,"turns":4},{"damage":0,"enemies":"3 Louse","floor":13,"turns":1},{"damage":19,"enemies":"Gremlin Nob","floor":14,"turns":4}],"seed_played":"-147217150235611992","potions_obtained":[{"floor":1,"key":"Swift Potion"},{"floor":6,"key":"Poison Potion"},{"floor":12,"key":"Energy Potion"}],"is_trial":false,"path_per_floor":["M","?","?","M","$","E","M","R","T","M","M","M","M","E"],"character_chosen":"IRONCLAD","items_purchased":["Bronze Scales"],"campfire_rested":1,"item_purchase_floors":[5],"current_hp_per_floor":[62,62,62,44,44,4,2,24,24,18,18,17,17,0],"gold":164,"neow_bonus":"BOSS_RELIC","is_prod":false,"is_daily":false,"chose_seed":false,"campfire_upgraded":0,"win_rate":0,"timestamp":1555220928,"path_taken":["M","?","?","M","?","E","M","R","T","M","M","M","M","E"],"build_version":"2019-01-23","purchased_purges":0,"victory":false,"max_hp_per_floor":[75,75,75,75,75,75,75,75,75,75,75,75,75,75],"card_choices":[{"not_picked":["Bloodletting","Anger"],"picked":"Inflame","floor":1},{"not_picked":["Infernal Blade","Evolve"],"picked":"Sword Boomerang","floor":4},{"not_picked":["Thunderclap","Feed"],"picked":"Whirlwind","floor":6},{"not_picked":["Twin Strike","Carnage"],"picked":"Disarm","floor":7},{"not_picked":["Inflame","Perfected Strike"],"picked":"Disarm","floor":10},{"not_picked":["Uppercut","Flex"],"picked":"Shrug It Off","floor":11},{"not_picked":["Reckless Charge","Infernal Blade","Iron Wave"],"picked":"SKIP","floor":12},{"not_picked":["Thunderclap","Seeing Red"],"picked":"Power Through","floor":13}],"player_experience":666203,"relics_obtained":[{"floor":6,"key":"Art of War"},{"floor":6,"key":"Vajra"},{"floor":9,"key":"Orichalcum"}],"event_choices":[{"damage_healed":0,"gold_gain":150,"player_choice":"AGREE","damage_taken":0,"max_hp_gain":0,"max_hp_loss":0,"event_name":"Liars Game","floor":2,"gold_loss":0,"cards_obtained":["Doubt"]},{"cards_removed":["Doubt"],"damage_healed":0,"gold_gain":0,"player_choice":"Card Removal","damage_taken":0,"max_hp_gain":0,"max_hp_loss":0,"event_name":"The Cleric","floor":3,"gold_loss":75}],"is_beta":false,"boss_relics":[],"items_purged_floors":[],"is_endless":false,"potions_floor_spawned":[1,6,12],"killed_by":"Gremlin Nob","ascension_level":20}