{"gold_per_floor":[118,137,154,154,172,172,185,185,265,281,281,291,291,310,310,387,387,400,400,416,8,20,20,54,15,96,96],"floor_reached":27,"playtime":1465,"items_purged":[],"score":454,"play_id":"faa9cd64-e2c2-4302-b5fe-bd01f9ca9d97","local_time":"20190121115102","is_ascension_mode":true,"campfire_choices":[{"data":"Caltrops","floor":6.0,"key":"SMITH"},{"data":"Dagger Throw","floor":8.0,"key":"SMITH"},{"data":"Neutralize","floor":11.0,"key":"SMITH"},{"data":"Predator","floor":13.0,"key":"SMITH"},{"floor":15.0,"key":"REST"},{"floor":23.0,"key":"REST"}],"neow_cost":"TEN_PERCENT_HP_LOSS","seed_source_timestamp":7293739686550800,"circlet_count":0,"master_deck":["AscendersBane","Defend_G","Defend_G","Defend_G","Defend_G","Strike_G","Strike_G","Strike_G","Survivor","Neutralize+1","Quick Slash","Caltrops+1","Slice","Dagger Throw+1","Blur","Leg Sweep","Slice","Predator+1","Blur","Glass Knife","Backflip","Necronomicurse","Dodge and Roll","Bandage Up","Dagger Spray","Infinite Blades","Choke","All Out Attack"],"special_seed":0,"relics":["Ring of the Serpent","Matryoshka","Necronomicon","Kunai","Tingsha","Paper Crane","The Courier"],"potions_floor_usage":[27],"damage_taken":[{"damage":0.0,"enemies":"2 Louse","floor":1.0,"turns":3.0},{"damage":7.0,"enemies":"Jaw Worm","floor":2.0,"turns":5.0},{"damage":1.0,"enemies":"Small Slimes","floor":3.0,"turns":4.0},{"damage":9.0,"enemies":"Exordium Wildlife","floor":5.0,"turns":4.0},{"damage":15.0,"enemies":"3 Louse","floor":7.0,"turns":3.0},{"damage":3.0,"enemies":"2 Fungi Beasts","floor":10.0,"turns":3.0},{"damage":3.0,"enemies":"Looter","floor":12.0,"turns":4.0},{"damage":5.0,"enemies":"Lots of Slimes","floor":14.0,"turns":4.0},{"damage":27.0,"enemies":"Hexaghost","floor":16.0,"turns":9.0},{"damage":2.0,"enemies":"Chosen","floor":18.0,"turns":5.0},{"damage":5.0,"enemies":"2 Thieves","floor":20.0,"turns":4.0},{"damage":18.0,"enemies":"Snake Plant","floor":22.0,"turns":5.0},{"damage":26.0,"enemies":"Book of Stabbing","floor":24.0,"turns":6.0},{"damage":10,"enemies":"Sentry and Sphere","floor":27,"turns":3}],"seed_played":"1508594180302702128","potions_obtained":[{"floor":3.0,"key":"GamblersBrew"},{"floor":12.0,"key":"SpeedPotion"},{"floor":16.0,"key":"Dexterity Potion"},{"floor":18.0,"key":"Dexterity Potion"},{"floor":24.0,"key":"Explosive Potion"}],"is_trial":false,"path_per_floor":["?","?"],"character_chosen":"THE_SILENT","items_purchased":["Kunai","Bandage Up","Dagger Spray","All Out Attack"],"campfire_rested":2,"item_purchase_floors":[21,21,21,25],"current_hp_per_floor":[59,52,51,51,42,42,27,27,27,24,24,21,21,16,34,7,47,45,24,19,19,5,23,1,1,1,0],"gold":96,"neow_bonus":"REMOVE_TWO","is_prod":false,"is_daily":false,"chose_seed":false,"campfire_upgraded":4,"win_rate":0,"timestamp":1548100262,"path_taken":["M","M","M","?","M","R","M","R","T","M","R","M","R","M","R","BOSS","M","?","M","$","M","R","E","$","T","M"],"build_version":"2019-01-20","purchased_purges":0,"victory":false,"max_hp_per_floor":[60,60,60,60,60,60,60,60,60,60,60,60,60,60,60,60,60,60,60,60,60,60,60,60,60,60,60],"card_choices":[{"not_picked":["Bane","Prepared"],"picked":"Quick Slash","floor":1.0},{"not_picked":["Blade Dance","Poisoned Stab"],"picked":"Caltrops","floor":2.0},{"not_picked":["Masterful Stab","Bane"],"picked":"Slice","floor":3.0},{"not_picked":["Deflect","Terror"],"picked":"Blur","floor":5.0},{"not_picked":["Flying Knee","Deflect"],"picked":"Leg Sweep","floor":7.0},{"not_picked":["Quick Slash","Prepared"],"picked":"Slice","floor":10.0},{"not_picked":["Prepared","Well Laid Plans"],"picked":"Predator","floor":12.0},{"not_picked":["Blade Dance","Infinite Blades"],"picked":"Blur","floor":14.0},{"not_picked":["Doppelganger","Grand Finale"],"picked":"Glass Knife","floor":16.0},{"not_picked":["Deadly Poison","Dagger Throw"],"picked":"Backflip","floor":18.0},{"not_picked":["Slice","Crippling Poison"],"picked":"Dodge and Roll","floor":20.0},{"not_picked":["Deadly Poison","Bane"],"picked":"Infinite Blades","floor":22.0},{"not_picked":["Distraction","Accuracy"],"picked":"Choke","floor":24.0}],"player_experience":3226630,"relics_obtained":[{"floor":9.0,"key":"Matryoshka"},{"floor":19.0,"key":"Necronomicon"},{"floor":24.0,"key":"Tingsha"},{"floor":26.0,"key":"Paper Crane"},{"floor":26.0,"key":"The Courier"}],"event_choices":[{"damage_healed":0.0,"max_hp_gain":0.0,"max_hp_loss":0.0,"gold_gain":0.0,"cards_transformed":["Strike_G"],"event_name":"Living Wall","player_choice":"Change","floor":4.0,"gold_loss":0.0,"damage_taken":0.0,"cards_obtained":["Dagger Throw"]},{"damage_healed":0.0,"max_hp_gain":0.0,"max_hp_loss":0.0,"gold_gain":0.0,"event_name":"Cursed Tome","player_choice":"Obtained Book","floor":19.0,"gold_loss":0.0,"damage_taken":21.0}],"is_beta":true,"boss_relics":[{"not_picked":["Runic Dome","Philosopher\u0027s Stone"],"picked":"Ring of the Serpent"}],"items_purged_floors":[],"is_endless":false,"potions_floor_spawned":[3,12,16,18,24],"killed_by":"Sentry and Sphere","ascension_level":20}