{"gold_per_floor":[12,25,25,1,20,51,51,71,121,121,154,170,188,198,198,300,300,313,22,22,35,51,63,63,63,63,63,90,108,141,152,152,257,257,267,277,0,0,55,55],"floor_reached":40,"playtime":2925,"items_purged":["Strike_R"],"score":465,"play_id":"4e4383d5-21a9-4b15-9307-b03c95c08c70","local_time":"20190220205628","is_ascension_mode":false,"campfire_choices":[{"data":"Armaments","floor":7,"key":"SMITH"},{"data":"Spot Weakness","floor":10,"key":"SMITH"},{"floor":15,"key":"REST"},{"floor":24,"key":"REST"},{"floor":32,"key":"REST"}],"neow_cost":"NO_GOLD","seed_source_timestamp":407540831126394,"circlet_count":0,"master_deck":["Strike_R","Strike_R","Strike_R","Defend_R","Defend_R","Defend_R","Defend_R","Bash","Flex","Armaments+1","Spot Weakness+1","Flex","Headbutt","Warcry+1","Apotheosis","Ghostly Armor","Flame Barrier+1","Searing Blow+1","Inflame","Heavy Blade","Shockwave+1","Barricade","Decay"],"relics":["Burning Blood","Kunai","Omamori","Red Skull","Sozu","MutagenicStrength","Mercury Hourglass","Anchor","Thread and Needle","Calling Bell","Bronze Scales","Shuriken","Bird Faced Urn","Red Mask","Peace Pipe"],"potions_floor_usage":[12,16,30],"damage_taken":[{"damage":2,"enemies":"Small Slimes","floor":1,"turns":5},{"damage":10,"enemies":"Cultist","floor":2,"turns":4},{"damage":11,"enemies":"Jaw Worm","floor":5,"turns":4},{"damage":48,"enemies":"Lagavulin","floor":6,"turns":8},{"damage":15,"enemies":"Looter","floor":8,"turns":3},{"damage":35,"enemies":"3 Sentries","floor":11,"turns":9},{"damage":4,"enemies":"Blue Slaver","floor":12,"turns":3},{"damage":3,"enemies":"Exordium Wildlife","floor":13,"turns":3},{"damage":10,"enemies":"Looter","floor":14,"turns":3},{"damage":27,"enemies":"Slime Boss","floor":16,"turns":11},{"damage":15,"enemies":"3 Byrds","floor":18,"turns":7},{"damage":37,"enemies":"Spheric Guardian","floor":21,"turns":6},{"damage":24,"enemies":"Cultist and Chosen","floor":22,"turns":5},{"damage":34,"enemies":"3 Cultists","floor":23,"turns":6},{"damage":27,"enemies":"Book of Stabbing","floor":28,"turns":6},{"damage":11,"enemies":"Sentry and Sphere","floor":29,"turns":7},{"damage":9,"enemies":"Slavers","floor":30,"turns":6},{"damage":0,"enemies":"Cultist and Chosen","floor":31,"turns":4},{"damage":35,"enemies":"Collector","floor":33,"turns":9},{"damage":1,"enemies":"3 Shapes","floor":35,"turns":5},{"damage":7,"enemies":"Orb Walker","floor":36,"turns":4},{"damage":53,"enemies":"2 Orb Walkers","floor":39,"turns":6},{"damage":72,"enemies":"Reptomancer","floor":40,"turns":2}],"seed_played":"1210264063303767558","potions_obtained":[{"floor":2,"key":"Weak Potion"},{"floor":6,"key":"AttackPotion"},{"floor":13,"key":"SpeedPotion"},{"floor":14,"key":"Ancient Potion"}],"is_trial":false,"path_per_floor":["M","M","?","$","M","E","R","M","T","R","E","M","M","M","R","B",null,"M","$","?","M","M","M","R","?","T","?","E","M","E","M","R","B",null,"M","M","?","?","?","E"],"character_chosen":"IRONCLAD","items_purchased":["Armaments","Apotheosis","Ghostly Armor"],"campfire_rested":3,"item_purchase_floors":[4,19,19],"current_hp_per_floor":[96,92,96,96,91,49,49,40,40,40,11,13,16,12,40,19,96,87,87,87,56,38,10,38,38,38,38,17,12,9,15,43,14,96,96,95,95,95,51,0],"gold":55,"neow_bonus":"TWENTY_PERCENT_HP_BONUS","is_prod":false,"is_daily":false,"chose_seed":false,"campfire_upgraded":2,"win_rate":0.0,"timestamp":1550714188,"path_taken":["M","M","?","?","M","E","R","M","T","R","E","M","M","M","R","BOSS","M","$","?","M","M","M","R","?","T","?","E","?","E","M","R","BOSS","M","M","?","?","?","E"],"build_version":"2019-01-23","purchased_purges":1,"victory":false,"max_hp_per_floor":[96,96,96,96,96,96,96,96,96,96,96,96,96,96,96,96,96,96,96,96,96,96,96,96,96,96,96,96,96,96,96,96,96,96,96,96,96,96,96,96],"card_choices":[{"not_picked":["Headbutt","Anger"],"picked":"Flex","floor":1},{"not_picked":["Pommel Strike","Sentinel","Anger"],"picked":"SKIP","floor":2},{"not_picked":["Headbutt","Cleave"],"picked":"Spot Weakness","floor":5},{"not_picked":["Thunderclap","Feel No Pain"],"picked":"Flex","floor":6},{"not_picked":["Evolve","Juggernaut"],"picked":"Headbutt","floor":8},{"not_picked":["Evolve","Clothesline","Body Slam"],"picked":"SKIP","floor":11},{"not_picked":["Pommel Strike","Wild Strike","Dual Wield"],"picked":"SKIP","floor":12},{"not_picked":["Sword Boomerang","Bloodletting","Clothesline"],"picked":"SKIP","floor":13},{"not_picked":["Shrug It Off","Twin Strike","Hemokinesis"],"picked":"SKIP","floor":14},{"not_picked":["Twin Strike","Perfected Strike"],"picked":"Warcry+1","floor":18},{"not_picked":["Cleave","True Grit","Reckless Charge+1"],"picked":"SKIP","floor":21},{"not_picked":["Burning Pact","Sword Boomerang"],"picked":"Flame Barrier+1","floor":22},{"not_picked":["True Grit","Pummel+1"],"picked":"Searing Blow+1","floor":23},{"not_picked":["Thunderclap+1","Entrench"],"picked":"Inflame","floor":28},{"not_picked":["Juggernaut","Iron Wave"],"picked":"Heavy Blade","floor":29},{"not_picked":["Sword Boomerang","Brutality","Cleave"],"picked":"SKIP","floor":30},{"not_picked":["Clash","Sever Soul+1"],"picked":"Shockwave+1","floor":31},{"not_picked":["Fiend Fire","Brutality"],"picked":"Barricade","floor":33},{"not_picked":["Hemokinesis","Pommel Strike","Clash+1"],"picked":"SKIP","floor":35},{"not_picked":["Armaments","Pommel Strike+1","Dropkick+1"],"picked":"SKIP","floor":36}],"player_experience":46230,"relics_obtained":[{"floor":6,"key":"Kunai"},{"floor":9,"key":"Omamori"},{"floor":11,"key":"Red Skull"},{"floor":26,"key":"Mercury Hourglass"},{"floor":28,"key":"Anchor"},{"floor":30,"key":"Thread and Needle"},{"floor":34,"key":"Bronze Scales"},{"floor":34,"key":"Shuriken"},{"floor":34,"key":"Bird Faced Urn"},{"floor":39,"key":"Peace Pipe"}],"event_choices":[{"damage_healed":4,"gold_gain":0,"player_choice":"Full Heal","damage_taken":0,"max_hp_gain":0,"max_hp_loss":0,"event_name":"Wheel of Change","floor":3,"gold_loss":0},{"cards_removed":["Strike_R"],"damage_healed":0,"gold_gain":0,"player_choice":"Elegance","damage_taken":0,"max_hp_gain":0,"max_hp_loss":0,"event_name":"Back to Basics","floor":20,"gold_loss":0},{"damage_healed":0,"gold_gain":0,"player_choice":"Inject Mutagens","damage_taken":0,"relics_obtained":["MutagenicStrength"],"max_hp_gain":0,"max_hp_loss":0,"event_name":"Drug Dealer","floor":25,"gold_loss":0},{"damage_healed":0,"gold_gain":0,"player_choice":"Ignored","damage_taken":0,"max_hp_gain":0,"max_hp_loss":0,"event_name":"Ghosts","floor":27,"gold_loss":0},{"damage_healed":0,"gold_gain":0,"player_choice":"Paid","damage_taken":0,"relics_obtained":["Red Mask"],"max_hp_gain":0,"max_hp_loss":0,"event_name":"Tomb of Lord Red Mask","floor":37,"gold_loss":277},{"damage_healed":0,"gold_gain":0,"player_choice":"Memory 1","damage_taken":0,"max_hp_gain":0,"max_hp_loss":0,"event_name":"SensoryStone","floor":38,"gold_loss":0},{"damage_healed":0,"gold_gain":0,"player_choice":"Fight","damage_taken":0,"max_hp_gain":0,"max_hp_loss":0,"event_name":"Mysterious Sphere","floor":39,"gold_loss":0}],"is_beta":false,"boss_relics":[{"not_picked":["Eternal Feather","Black Blood"],"picked":"Sozu"},{"not_picked":["Snecko Eye","Velvet Choker"],"picked":"Calling Bell"}],"items_purged_floors":[19],"is_endless":false,"potions_floor_spawned":[2,6,13,14,21,22,28,30,35],"killed_by":"Reptomancer","ascension_level":0}