{"gold_per_floor":[109,128,56,56,56,56,89,89,89,103,117,37,48,83,83,178,178,190,130,130],"floor_reached":20,"playtime":1670,"items_purged":[],"score":207,"play_id":"3c2ff788-b88e-4279-b962-ae9efc37faa4","local_time":"20190221160342","is_ascension_mode":false,"campfire_choices":[{"data":"Self Repair","floor":6,"key":"SMITH"},{"floor":8,"key":"REST"},{"data":"Loop","floor":15,"key":"SMITH"}],"neow_cost":"NONE","seed_source_timestamp":477631316409161,"circlet_count":0,"master_deck":["Strike_B","Defend_B","Defend_B","Defend_B","Defend_B","Zap","Dualcast","Cold Snap","FTL","Self Repair+1","Capacitor","Fusion","Go for the Eyes","Multi-Cast","Loop+1","Amplify","Barrage+1","Go for the Eyes+1","Barrage+1","Capacitor+1"],"relics":["Cracked Core","NeowsBlessing","Ginger","Dream Catcher","Pear","Orichalcum","Meat on the Bone","Astrolabe"],"potions_floor_usage":[],"damage_taken":[{"damage":0,"enemies":"Jaw Worm","floor":1,"turns":1},{"damage":0,"enemies":"Cultist","floor":2,"turns":1},{"damage":0,"enemies":"Lagavulin","floor":7,"turns":1},{"damage":2,"enemies":"Small Slimes","floor":10,"turns":3},{"damage":2,"enemies":"Exordium Thugs","floor":11,"turns":6},{"damage":8,"enemies":"Red Slaver","floor":13,"turns":3},{"damage":17,"enemies":"3 Sentries","floor":14,"turns":9},{"damage":63,"enemies":"The Guardian","floor":16,"turns":18},{"damage":20,"enemies":"Spheric Guardian","floor":18,"turns":4},{"damage":29,"enemies":"2 Thieves","floor":19,"turns":4},{"damage":54,"enemies":"Colosseum Slavers","floor":20,"turns":6},{"damage":25,"enemies":"Colosseum Nobs","floor":20,"turns":3}],"seed_played":"-5816441822599820701","potions_obtained":[{"floor":2,"key":"Energy Potion"},{"floor":7,"key":"PowerPotion"},{"floor":11,"key":"Explosive Potion"},{"floor":13,"key":"Block Potion"}],"is_trial":false,"path_per_floor":["M","M","$","?","?","R","E","R","T","M","M","$","M","E","R","B",null,"M","M","?"],"character_chosen":"DEFECT","items_purchased":["Self Repair","Multi-Cast"],"campfire_rested":1,"item_purchase_floors":[3,12],"current_hp_per_floor":[75,75,75,57,57,57,77,85,85,85,85,85,85,78,78,37,85,75,56,0],"gold":130,"neow_bonus":"THREE_ENEMY_KILL","is_prod":false,"is_daily":false,"chose_seed":false,"campfire_upgraded":2,"win_rate":0.0,"timestamp":1550783022,"path_taken":["M","M","$","?","?","R","E","R","T","?","M","?","M","E","R","BOSS","M","M","?"],"build_version":"2019-01-23","purchased_purges":0,"victory":false,"max_hp_per_floor":[75,75,75,75,75,75,85,85,85,85,85,85,85,85,85,85,85,85,85,85],"card_choices":[{"not_picked":["Melter","Coolheaded"],"picked":"Cold Snap","floor":1},{"not_picked":["Glacier","Cold Snap"],"picked":"FTL","floor":2},{"not_picked":["Fusion","Machine Learning"],"picked":"Capacitor","floor":7},{"not_picked":["Skim","Leap"],"picked":"Fusion","floor":8},{"not_picked":["Coolheaded","Beam Cell","Heatsinks"],"picked":"SKIP","floor":10},{"not_picked":["Cold Snap","Gash"],"picked":"Go for the Eyes","floor":11},{"not_picked":["Cold Snap","Leap"],"picked":"Loop","floor":13},{"not_picked":["Hologram","Thunder Strike","Streamline"],"picked":"SKIP","floor":14},{"not_picked":["Fission","Reboot"],"picked":"Amplify","floor":16},{"not_picked":["Beam Cell","Heatsinks"],"picked":"Capacitor+1","floor":18},{"not_picked":["Streamline","Steam","Compile Driver"],"picked":"SKIP","floor":19}],"player_experience":55905,"relics_obtained":[{"floor":7,"key":"Pear"},{"floor":9,"key":"Orichalcum"},{"floor":14,"key":"Meat on the Bone"}],"event_choices":[{"damage_healed":0,"gold_gain":0,"player_choice":"Success","damage_taken":18,"relics_obtained":["Ginger"],"max_hp_gain":0,"max_hp_loss":0,"event_name":"Scrap Ooze","floor":4,"gold_loss":0},{"damage_healed":0,"gold_gain":0,"player_choice":"Gave Potion","damage_taken":0,"relics_obtained":["Dream Catcher"],"max_hp_gain":0,"max_hp_loss":0,"event_name":"WeMeetAgain","floor":5,"gold_loss":0},{"damage_healed":0,"gold_gain":0,"player_choice":"Fight","damage_taken":0,"max_hp_gain":0,"max_hp_loss":0,"event_name":"Colosseum","floor":20,"gold_loss":0},{"damage_healed":0,"gold_gain":0,"player_choice":"Fought Nobs","damage_taken":0,"max_hp_gain":0,"max_hp_loss":0,"event_name":"Colosseum","floor":20,"gold_loss":0}],"is_beta":false,"boss_relics":[{"not_picked":["White Beast Statue","Cursed Key"],"picked":"Astrolabe"}],"items_purged_floors":[],"is_endless":false,"potions_floor_spawned":[2,7,11,13,16],"killed_by":"Colosseum Nobs","ascension_level":0}