{"gold_per_floor":[11,31,31,31,46,46,65,65,91,119,119,119,134,81,81,158,158,168,188,113,113],"floor_reached":21,"playtime":988,"items_purged":[],"score":358,"play_id":"48a7ccfb-4045-4503-b4ce-47a333360a03","local_time":"20190120175636","is_ascension_mode":true,"campfire_choices":[{"data":"Neutralize","floor":6,"key":"SMITH"},{"data":"All Out Attack","floor":8,"key":"SMITH"},{"data":"Burst","floor":11,"key":"SMITH"},{"data":"Backflip","floor":15,"key":"SMITH"}],"neow_cost":"NO_GOLD","seed_source_timestamp":7230106323757800,"circlet_count":0,"master_deck":["AscendersBane","Defend_G","Defend_G","Defend_G","Defend_G","Defend_G","Strike_G","Strike_G","Strike_G","Strike_G","Survivor","Neutralize+1","All Out Attack+1","Underhanded Strike","PiercingWail","Backstab","Burst+1","Backflip+1","A Thousand Cuts","Acrobatics+1","Blade Dance"],"relics":["Ring of the Snake","Dead Branch","Boot","Oddly Smooth Stone","Darkstone Periapt","Philosopher\u0027s Stone"],"potions_floor_usage":[16,16,19],"damage_taken":[{"damage":0,"enemies":"Cultist","floor":1,"turns":3},{"damage":9,"enemies":"2 Louse","floor":2,"turns":4},{"damage":3,"enemies":"Small Slimes","floor":5,"turns":3},{"damage":4,"enemies":"Exordium Wildlife","floor":7,"turns":6},{"damage":12,"enemies":"3 Sentries","floor":10,"turns":5},{"damage":0,"enemies":"2 Fungi Beasts","floor":13,"turns":3},{"damage":24,"enemies":"Hexaghost","floor":16,"turns":11},{"damage":27,"enemies":"Shell Parasite","floor":18,"turns":6},{"damage":15,"enemies":"Chosen","floor":19,"turns":4},{"damage":19,"enemies":"Snecko","floor":21,"turns":3}],"seed_played":"-1799691542552498062","potions_obtained":[{"floor":7,"key":"SpeedPotion"},{"floor":10,"key":"Dexterity Potion"},{"floor":16,"key":"AttackPotion"}],"is_trial":false,"path_per_floor":["M","M","$","$","M","R","M","R","T","E","R","?","M","?","R","B",null,"M","M","?","M"],"character_chosen":"THE_SILENT","items_purchased":[],"campfire_rested":0,"item_purchase_floors":[],"current_hp_per_floor":[59,50,50,50,47,47,43,43,43,31,31,26,26,26,26,2,50,23,8,8,0],"gold":113,"neow_bonus":"ONE_RARE_RELIC","is_prod":false,"is_daily":false,"chose_seed":false,"campfire_upgraded":4,"win_rate":0,"timestamp":1548035796,"path_taken":["M","M","?","$","M","R","M","R","T","E","R","?","M","?","R","BOSS","M","M","?","M"],"build_version":"2019-01-19","purchased_purges":0,"victory":false,"max_hp_per_floor":[66,66,66,66,66,66,66,66,66,66,66,66,66,66,66,66,66,66,66,66,66],"card_choices":[{"not_picked":["Backflip","Finisher"],"picked":"All Out Attack","floor":1},{"not_picked":["Flying Knee","Infinite Blades"],"picked":"Underhanded Strike","floor":2},{"not_picked":["Dagger Throw","Accuracy"],"picked":"PiercingWail","floor":5},{"not_picked":["Quick Slash","Terror"],"picked":"Backstab","floor":7},{"not_picked":["Terror","Crippling Poison"],"picked":"Burst","floor":10},{"not_picked":["Heel Hook","Dodge and Roll"],"picked":"Backflip","floor":13},{"not_picked":["Wraith Form v2","Night Terror"],"picked":"A Thousand Cuts","floor":16},{"not_picked":["Accuracy","Dagger Throw"],"picked":"Acrobatics+1","floor":18},{"not_picked":["Sucker Punch+1","PiercingWail+1"],"picked":"Blade Dance","floor":19}],"player_experience":3225642,"relics_obtained":[{"floor":9,"key":"Boot"},{"floor":10,"key":"Oddly Smooth Stone"}],"event_choices":[{"damage_healed":0,"gold_gain":0,"player_choice":"Success","damage_taken":5,"relics_obtained":["Darkstone Periapt"],"max_hp_gain":0,"max_hp_loss":0,"event_name":"Scrap Ooze","floor":12,"gold_loss":0},{"damage_healed":0,"gold_gain":0,"player_choice":"Left Gold","damage_taken":0,"max_hp_gain":0,"max_hp_loss":0,"event_name":"World of Goop","floor":14,"gold_loss":53},{"cards_removed":["Strike_G"],"damage_healed":0,"gold_gain":0,"player_choice":"Gave Gold","damage_taken":0,"max_hp_gain":0,"max_hp_loss":0,"event_name":"Beggar","floor":20,"gold_loss":75}],"is_beta":true,"boss_relics":[{"not_picked":["WristBlade","Orrery"],"picked":"Philosopher\u0027s Stone"}],"items_purged_floors":[],"is_endless":false,"potions_floor_spawned":[7,10,16],"killed_by":"Snecko","ascension_level":20}