{"gold_per_floor":[112,112,18,28,28,54,68,68,68,68,82,93,111,36,36,141,141,152,52,70,80,100,100,425,425,425,438,313,330,131,142,142,142],"floor_reached":33,"playtime":932,"items_purged":["Strike_G","Strike_G","Strike_G"],"score":285,"play_id":"482097fb-2216-46a0-86cc-9450e94e8ab1","local_time":"20190417174258","is_ascension_mode":true,"campfire_choices":[{"floor":8.0,"key":"REST"},{"data":"Glass Knife","floor":10.0,"key":"SMITH"},{"data":"All Out Attack","floor":15.0,"key":"SMITH"},{"floor":23.0,"key":"REST"},{"floor":25,"key":"REST"},{"floor":32,"key":"REST"}],"neow_cost":"NONE","seed_source_timestamp":0,"circlet_count":0,"master_deck":["Defend_G","Defend_G","Defend_G","Defend_G","Defend_G","Strike_G","Strike_G","Survivor","Neutralize","All Out Attack+1","Backflip","Poisoned Stab","Prepared","Glass Knife+1","All Out Attack+1","All Out Attack","Underhanded Strike","Glass Knife","Blade Dance","Blade Dance+1"],"special_seed":0,"relics":["Ring of the Snake","Tingsha","Sundial","Ninja Scroll","WristBlade","Old Coin","Orichalcum","Sling"],"potions_floor_usage":[],"damage_taken":[{"damage":0.0,"enemies":"Jaw Worm","floor":1.0,"turns":5.0},{"damage":1.0,"enemies":"Cultist","floor":4.0,"turns":3.0},{"damage":19.0,"enemies":"Lagavulin","floor":6.0,"turns":9.0},{"damage":0.0,"enemies":"2 Louse","floor":7.0,"turns":1.0},{"damage":0.0,"enemies":"Gremlin Gang","floor":11.0,"turns":2.0},{"damage":0.0,"enemies":"3 Louse","floor":12.0,"turns":1.0},{"damage":0.0,"enemies":"Large Slime","floor":13.0,"turns":3.0},{"damage":44.0,"enemies":"Hexaghost","floor":16.0,"turns":10.0},{"damage":10.0,"enemies":"2 Thieves","floor":18.0,"turns":2.0},{"damage":5.0,"enemies":"3 Byrds","floor":20.0,"turns":3.0},{"damage":3.0,"enemies":"Cultist and Chosen","floor":21.0,"turns":4.0},{"damage":19.0,"enemies":"Centurion and Healer","floor":22.0,"turns":3.0},{"damage":32,"enemies":"Slavers","floor":24,"turns":3},{"damage":4,"enemies":"Chosen and Byrds","floor":27,"turns":3},{"damage":17,"enemies":"Snake Plant","floor":29,"turns":3},{"damage":7,"enemies":"Centurion and Healer","floor":31,"turns":3},{"damage":54,"enemies":"Champ","floor":33,"turns":5}],"seed_played":"-9028510926416050687","potions_obtained":[{"floor":4.0,"key":"AttackPotion"},{"floor":7.0,"key":"SteroidPotion"},{"floor":12.0,"key":"SkillPotion"},{"floor":21.0,"key":"Poison Potion"}],"is_trial":false,"path_per_floor":["M","?","$","M","?","E","M","R","T","R","M","M","M","$","R","B",null,"M","$","M","M","M","R","E","R","T","M","$","M","$","M","R","B"],"character_chosen":"THE_SILENT","items_purchased":["Backflip","Poisoned Stab","Sling"],"campfire_rested":4,"item_purchase_floors":[3,3,30],"current_hp_per_floor":[77,70,70,69,69,50,50,73,73,73,73,73,73,73,73,29,77,67,67,62,59,40,63,31,54,54,50,50,33,33,26,49,0],"gold":142,"neow_bonus":"TEN_PERCENT_HP_BONUS","is_prod":false,"is_daily":false,"chose_seed":false,"campfire_upgraded":2,"win_rate":0,"timestamp":1555537378,"path_taken":["M","?","$","M","?","E","M","R","T","R","M","M","M","$","R","BOSS","M","?","M","M","?","R","E","R","T","M","$","M","$","M","R","BOSS"],"build_version":"2019-01-23","purchased_purges":3,"victory":false,"max_hp_per_floor":[77,77,77,77,77,77,77,77,77,77,77,77,77,77,77,77,77,77,77,77,77,77,77,77,77,77,77,77,77,77,77,77,77],"card_choices":[{"not_picked":["Bane","Well Laid Plans"],"picked":"All Out Attack","floor":1.0},{"not_picked":["Deflect","Underhanded Strike"],"picked":"Prepared","floor":4.0},{"not_picked":["Well Laid Plans","Blade Dance"],"picked":"Glass Knife","floor":6.0},{"not_picked":["Acrobatics","Footwork"],"picked":"All Out Attack","floor":7.0},{"not_picked":["Deflect","Reflex"],"picked":"All Out Attack","floor":11.0},{"not_picked":["Prepared","Dodge and Roll"],"picked":"Underhanded Strike","floor":12.0},{"not_picked":["Cloak And Dagger","Escape Plan","Terror"],"picked":"SKIP","floor":13.0},{"not_picked":["Doppelganger","After Image"],"picked":"Glass Knife","floor":16.0},{"not_picked":["Sucker Punch","Slice+1"],"picked":"Blade Dance","floor":18.0},{"not_picked":["Dagger Spray+1","PiercingWail"],"picked":"Blade Dance+1","floor":20.0},{"not_picked":["Blade Dance","Reflex","Dodge and Roll"],"picked":"SKIP","floor":21.0},{"not_picked":["Endless Agony","Skewer","Backflip+1"],"picked":"SKIP","floor":22.0},{"not_picked":["Acrobatics","Poisoned Stab+1","Catalyst"],"picked":"SKIP","floor":24},{"not_picked":["Blade Dance+1","Underhanded Strike","Noxious Fumes+1"],"picked":"SKIP","floor":27},{"not_picked":["Quick Slash","Blur","Predator"],"picked":"SKIP","floor":29},{"not_picked":["Flying Knee","Poisoned Stab+1","Choke"],"picked":"SKIP","floor":31}],"player_experience":486570,"relics_obtained":[{"floor":6.0,"key":"Sundial"},{"floor":9.0,"key":"Ninja Scroll"},{"floor":24,"key":"Old Coin"},{"floor":26,"key":"Orichalcum"}],"event_choices":[{"damage_healed":0.0,"max_hp_gain":0.0,"max_hp_loss":0.0,"gold_gain":0.0,"event_name":"Scrap Ooze","player_choice":"Success","floor":2.0,"gold_loss":0.0,"damage_taken":7.0,"relics_obtained":["Tingsha"]},{"damage_healed":0.0,"max_hp_gain":0.0,"max_hp_loss":0.0,"gold_gain":0.0,"event_name":"Upgrade Shrine","player_choice":"Upgraded","floor":5.0,"gold_loss":0.0,"damage_taken":0.0,"cards_upgraded":["All Out Attack"]}],"is_beta":false,"boss_relics":[{"not_picked":["Tiny House","Sozu"],"picked":"WristBlade"}],"items_purged_floors":[14,19,28],"is_endless":false,"potions_floor_spawned":[4,7,12,18,21,29,31],"killed_by":"Champ","ascension_level":1}