{"gold_per_floor":[13,31,181,181,207,207,227,227,227,227,99,128,191,214,214,305,305,323,348,548,567,590,590,590],"floor_reached":24,"playtime":626,"items_purged":["Doubt"],"score":372,"play_id":"68ebfe7e-14af-4a71-9bba-6ef4cd15239d","local_time":"20190316182037","is_ascension_mode":true,"campfire_choices":[{"data":"Bash","floor":6,"key":"SMITH"},{"data":"True Grit","floor":8,"key":"SMITH"},{"data":"Offering","floor":10,"key":"SMITH"},{"data":"Shockwave","floor":15,"key":"SMITH"},{"data":"Limit Break","floor":23,"key":"SMITH"}],"neow_cost":"NO_GOLD","seed_source_timestamp":72519016030612,"circlet_count":0,"master_deck":["AscendersBane","Strike_R","Strike_R","Strike_R","Strike_R","Defend_R","Defend_R","Defend_R","Bash+1","True Grit+1","Offering+1","Pommel Strike","Shockwave+1","Twin Strike","Flex","Limit Break+1","Flex","Twin Strike","Battle Trance"],"relics":["Burning Blood","Golden Idol","Vajra","Torii","Odd Mushroom","Orichalcum","Coffee Dripper"],"potions_floor_usage":[12,16,16,18,19,21],"damage_taken":[{"damage":9,"enemies":"Jaw Worm","floor":1,"turns":4},{"damage":6,"enemies":"2 Louse","floor":2,"turns":2},{"damage":1,"enemies":"Cultist","floor":7,"turns":4},{"damage":6,"enemies":"The Mushroom Lair","floor":12,"turns":4},{"damage":14,"enemies":"Gremlin Nob","floor":13,"turns":3},{"damage":0,"enemies":"Large Slime","floor":14,"turns":4},{"damage":37,"enemies":"The Guardian","floor":16,"turns":7},{"damage":15,"enemies":"2 Thieves","floor":18,"turns":3},{"damage":7,"enemies":"Shell Parasite","floor":19,"turns":2},{"damage":10,"enemies":"Centurion and Healer","floor":21,"turns":4},{"damage":18,"enemies":"Snake Plant","floor":22,"turns":3},{"damage":36,"enemies":"Slavers","floor":24,"turns":3}],"seed_played":"4172063855430031693","potions_obtained":[{"floor":1,"key":"Energy Potion"},{"floor":2,"key":"Block Potion"},{"floor":13,"key":"Block Potion"},{"floor":16,"key":"Explosive Potion"},{"floor":18,"key":"Ancient Potion"},{"floor":19,"key":"SteroidPotion"}],"is_trial":false,"path_per_floor":["M","M","?","?","T","R","M","R","T","R","$","?","?","M","R","B",null,"M","M","?","M","M","R","E"],"character_chosen":"IRONCLAD","items_purchased":["Pommel Strike"],"campfire_rested":0,"item_purchase_floors":[11],"current_hp_per_floor":[65,65,65,39,39,39,44,44,44,44,44,44,36,42,42,11,59,50,49,49,45,33,33,0],"gold":590,"neow_bonus":"REMOVE_TWO","is_prod":false,"is_daily":false,"chose_seed":false,"campfire_upgraded":5,"win_rate":0,"timestamp":1552746037,"path_taken":["M","M","?","?","?","R","?","R","T","R","$","?","?","M","R","BOSS","M","M","?","M","?","R","E"],"build_version":"2019-01-23","purchased_purges":1,"victory":false,"max_hp_per_floor":[75,75,75,75,75,75,75,75,75,75,75,75,75,75,75,75,75,75,75,75,75,75,75,75],"card_choices":[{"not_picked":["Bloodletting","Seeing Red"],"picked":"True Grit","floor":1},{"not_picked":["Second Wind","Warcry","Wild Strike"],"picked":"SKIP","floor":2},{"not_picked":["Burning Pact","Metallicize"],"picked":"Offering","floor":7},{"not_picked":["Armaments","Pommel Strike"],"picked":"Shockwave","floor":12},{"not_picked":["Body Slam","Cleave"],"picked":"Twin Strike","floor":13},{"not_picked":["True Grit","Iron Wave"],"picked":"Flex","floor":14},{"not_picked":["Double Tap","Impervious"],"picked":"Limit Break","floor":16},{"not_picked":["Armaments","Iron Wave"],"picked":"Flex","floor":18},{"not_picked":["True Grit","Iron Wave"],"picked":"Twin Strike","floor":19},{"not_picked":["Power Through+1","Flame Barrier"],"picked":"Battle Trance","floor":21},{"not_picked":["Blood for Blood","Battle Trance+1","Rage"],"picked":"SKIP","floor":22}],"player_experience":741954,"relics_obtained":[{"floor":5,"key":"Vajra"},{"floor":9,"key":"Torii"},{"floor":12,"key":"Odd Mushroom"},{"floor":13,"key":"Orichalcum"}],"event_choices":[{"damage_healed":0,"gold_gain":150,"player_choice":"AGREE","damage_taken":0,"max_hp_gain":0,"max_hp_loss":0,"event_name":"Liars Game","floor":3,"gold_loss":0,"cards_obtained":["Doubt"]},{"damage_healed":0,"gold_gain":0,"player_choice":"Take Damage","damage_taken":26,"relics_obtained":["Golden Idol"],"max_hp_gain":0,"max_hp_loss":0,"event_name":"Golden Idol","floor":4,"gold_loss":0},{"damage_healed":0,"gold_gain":0,"player_choice":"Fought Mushrooms","damage_taken":0,"max_hp_gain":0,"max_hp_loss":0,"event_name":"Mushrooms","floor":12,"gold_loss":0},{"damage_healed":0,"gold_gain":30,"player_choice":"Searched \u00273\u0027 times","damage_taken":0,"max_hp_gain":0,"max_hp_loss":0,"event_name":"Dead Adventurer","floor":13,"gold_loss":0},{"damage_healed":0,"gold_gain":200,"player_choice":"Gold","damage_taken":0,"max_hp_gain":0,"max_hp_loss":0,"event_name":"Wheel of Change","floor":20,"gold_loss":0}],"is_beta":false,"boss_relics":[{"not_picked":["Runic Pyramid","Runic Cube"],"picked":"Coffee Dripper"}],"items_purged_floors":[11],"is_endless":false,"potions_floor_spawned":[1,2,13,16,18,19],"killed_by":"Slavers","ascension_level":20}