{"gold_per_floor":[13,113,113,132,152,152,182,182,182,182,216,216,231,250,250,354,354,371,58,77,0,19,19,32,32,57,76,93,93,69,83,83,183,183,203,223,243,256,256,256,271,271,271,289,307,377,377],"floor_reached":47,"playtime":1667,"items_purged":["Strike_R"],"score":608,"play_id":"70c481ae-87a0-4c77-8c2c-33ac693d475b","local_time":"20180716192201","is_ascension_mode":false,"campfire_choices":[{"data":"Pommel Strike","floor":6,"key":"SMITH"},{"data":"Thunderclap","floor":8,"key":"SMITH"},{"data":"Shrug It Off","floor":10,"key":"SMITH"},{"floor":12,"key":"REST"},{"data":"Iron Wave","floor":15,"key":"SMITH"},{"floor":23,"key":"REST"},{"floor":25,"key":"REST"},{"floor":32,"key":"REST"},{"floor":40,"key":"REST"},{"floor":42,"key":"REST"}],"neow_cost":"NO_GOLD","seed_source_timestamp":73327719016102,"circlet_count":0,"master_deck":["Strike_R","Strike_R","Strike_R","Defend_R","Defend_R+1","Defend_R+1","Defend_R","Pommel Strike+1","Shrug It Off+1","Thunderclap+1","Iron Wave+1","Double Tap","Wild Strike","Carnage+1","Heavy Blade+1","Blood for Blood+1","Immolate+1","Heavy Blade+1","Perfected Strike+1","Wild Strike+1"],"relics":["Burning Blood","Shuriken","Tiny Chest","Anchor","Gremlin Horn","Fusion Hammer","Ornamental Fan","War Paint","Molten Egg 2","Empty Cage","Calipers","Oddly Smooth Stone","Singing Bowl"],"potions_floor_usage":[16,20,28,33,33,45],"damage_taken":[{"damage":4,"enemies":"Jaw Worm","floor":1,"turns":7},{"damage":5,"enemies":"Cultist","floor":4,"turns":4},{"damage":0,"enemies":"Small Slimes","floor":5,"turns":2},{"damage":28,"enemies":"Gremlin Nob","floor":11,"turns":4},{"damage":8,"enemies":"Exordium Thugs","floor":13,"turns":4},{"damage":0,"enemies":"Gremlin Gang","floor":14,"turns":2},{"damage":94,"enemies":"Hexaghost","floor":16,"turns":11},{"damage":6,"enemies":"Spheric Guardian","floor":18,"turns":4},{"damage":6,"enemies":"3 Byrds","floor":20,"turns":5},{"damage":12,"enemies":"Snake Plant","floor":22,"turns":4},{"damage":14,"enemies":"Snecko","floor":24,"turns":5},{"damage":9,"enemies":"Sentry and Sphere","floor":27,"turns":5},{"damage":9,"enemies":"Snake Plant","floor":28,"turns":4},{"damage":2,"enemies":"Cultist and Chosen","floor":31,"turns":5},{"damage":91,"enemies":"Champ","floor":33,"turns":11},{"damage":2,"enemies":"3 Shapes","floor":35,"turns":1},{"damage":18,"enemies":"Flame Bruiser 1 Orb","floor":36,"turns":3},{"damage":9,"enemies":"Spire Growth","floor":37,"turns":4},{"damage":0,"enemies":"3 Darklings","floor":38,"turns":1},{"damage":39,"floor":39,"turns":6},{"damage":9,"enemies":"4 Shapes","floor":41,"turns":3},{"damage":20,"enemies":"Spire Growth","floor":44,"turns":4},{"damage":85,"enemies":"Flame Bruiser 2 Orb","floor":45,"turns":4},{"damage":8,"enemies":"Maw","floor":47,"turns":4}],"seed_played":"-8362848748177687516","potions_obtained":[{"floor":4,"key":"EssenceOfSteel"},{"floor":5,"key":"FearPotion"},{"floor":11,"key":"Explosive Potion"},{"floor":16,"key":"Swift Potion"},{"floor":18,"key":"Fruit Juice"},{"floor":20,"key":"BloodPotion"},{"floor":36,"key":"Explosive Potion"},{"floor":37,"key":"Ancient Potion"},{"floor":41,"key":"Dexterity Potion"},{"floor":45,"key":"Explosive Potion"}],"is_trial":false,"path_per_floor":["M","?","T","M","M","R","?","R","T","R","E","R","M","M","R","B",null,"M","$","M","?","M","R","M","R","T","M","M","T","$","M","R","B",null,"M","M","M","M","?","R","M","R","T","M","M","T"],"character_chosen":"IRONCLAD","items_purchased":["Ornamental Fan","Heavy Blade+1"],"campfire_rested":6,"item_purchase_floors":[19,30],"current_hp_per_floor":[96,96,96,96,96,96,93,93,93,93,71,96,94,96,96,8,96,96,96,101,101,95,101,93,101,101,98,101,101,101,101,101,16,101,101,89,86,92,59,89,86,101,101,87,8,8,0],"gold":377,"neow_bonus":"TWENTY_PERCENT_HP_BONUS","is_prod":false,"is_daily":false,"chose_seed":false,"campfire_upgraded":4,"win_rate":0.0,"timestamp":1531783321,"path_taken":["M","?","?","M","?","R","?","R","T","R","E","R","M","M","R","BOSS","M","$","M","?","M","R","M","R","T","?","M","?","?","M","R","BOSS","M","M","M","M","?","R","M","R","T","M","M","?","M"],"build_version":"2018-07-12","purchased_purges":1,"victory":false,"max_hp_per_floor":[96,96,96,96,96,96,96,96,96,96,96,96,96,96,96,96,96,96,96,101,101,101,101,101,101,101,101,101,101,101,101,101,101,101,101,101,101,101,101,101,101,101,101,101,101,101,101],"card_choices":[{"not_picked":["Havoc","Evolve"],"picked":"Pommel Strike","floor":1},{"not_picked":["Armaments","Corruption"],"picked":"Shrug It Off","floor":4},{"not_picked":["Seeing Red","Pommel Strike"],"picked":"Thunderclap","floor":5},{"not_picked":["Impervious","Heavy Blade","Cleave"],"picked":"SKIP","floor":11},{"not_picked":["Evolve","Metallicize","Armaments"],"picked":"SKIP","floor":13},{"not_picked":["Intimidate","Sentinel"],"picked":"Iron Wave","floor":14},{"not_picked":["Reaper","Feed"],"picked":"Double Tap","floor":16},{"not_picked":["Armaments","Anger"],"picked":"Wild Strike","floor":18},{"not_picked":["Flex","Evolve","Warcry"],"picked":"SKIP","floor":20},{"not_picked":["Corruption+1","Entrench","Iron Wave"],"picked":"SKIP","floor":22},{"not_picked":["Burning Pact+1","Shockwave","Pommel Strike"],"picked":"SKIP","floor":24},{"not_picked":["Impervious","Clash+1","Uppercut"],"picked":"SKIP","floor":27},{"not_picked":["Second Wind","Havoc"],"picked":"Carnage+1","floor":28},{"not_picked":["Sword Boomerang+1","Armaments"],"picked":"Blood for Blood+1","floor":31},{"not_picked":["Reaper+1","Impervious"],"picked":"Immolate+1","floor":33},{"not_picked":["Rage+1","Thunderclap+1"],"picked":"Heavy Blade+1","floor":35},{"not_picked":["Flex","Armaments+1","Bloodletting"],"picked":"SKIP","floor":36},{"not_picked":["Shrug It Off","Rampage+1","Flex+1"],"picked":"SKIP","floor":37},{"not_picked":["Anger+1","Iron Wave+1"],"picked":"Perfected Strike+1","floor":38},{"not_picked":["Warcry","Entrench"],"picked":"Wild Strike+1","floor":39},{"not_picked":["Power Through+1","Clash+1","Flex"],"picked":"SKIP","floor":41},{"not_picked":["Rage+1","Heavy Blade+1","Corruption+1"],"picked":"SKIP","floor":44},{"not_picked":["Cleave+1","Havoc","Uppercut+1"],"picked":"SKIP","floor":45}],"player_experience":260482,"relics_obtained":[{"floor":3,"key":"Shuriken"},{"floor":9,"key":"Anchor"},{"floor":11,"key":"Gremlin Horn"},{"floor":26,"key":"War Paint"},{"floor":29,"key":"Molten Egg 2"},{"floor":39,"key":"Calipers"},{"floor":43,"key":"Oddly Smooth Stone"},{"floor":46,"key":"Singing Bowl"}],"event_choices":[{"event_name":"Golden Shrine","player_choice":"Pray","floor":2,"damage_taken":0},{"event_name":"Scrap Ooze","player_choice":"success","floor":7,"damage_taken":3},{"event_name":"Masked Bandits","player_choice":"Paid Bandits 77 gold","floor":21,"damage_taken":0},{"event_name":"MindBloom","player_choice":"Fight","floor":39,"damage_taken":0}],"boss_relics":[{"not_picked":["Calling Bell","Snecko Eye"],"picked":"Fusion Hammer"},{"not_picked":["Orrery","Cursed Key"],"picked":"Empty Cage"}],"items_purged_floors":[19],"is_endless":false,"potions_floor_spawned":[4,5,11,16,18,20,24,36,37,41,44,45],"killed_by":"Maw","ascension_level":0}