{"path_per_floor":["M","M","?","?","M","E","?","M","T","R","?","$","E","M","R"],"character_chosen":"THE_SILENT","items_purchased":["Trip+1","Deflect+1"],"gold_per_floor":[113,124,124,124,138,173,203,216,216,216,216,3,28,48,48,48],"floor_reached":16,"campfire_rested":2,"playtime":2531,"item_purchase_floors":[12,12],"current_hp_per_floor":[68,68,61,61,60,34,34,34,34,55,70,67,27,25,45,0],"items_purged":["Parasite"],"gold":48,"score":110,"play_id":"67d20a86-d4cf-4cc0-a836-ed2dae390e53","local_time":"20180616143529","is_prod":false,"is_daily":false,"chose_seed":false,"is_ascension_mode":false,"campfire_upgraded":0,"win_rate":0.0,"timestamp":1529174129,"campfire_choices":[{"floor":10,"key":"REST"},{"floor":15,"key":"REST"}],"path_taken":["M","M","?","?","M","E","?","M","T","R","?","$","E","?","R","BOSS"],"build_version":"2018-06-14v2","seed_source_timestamp":63351632323823,"purchased_purges":1,"victory":false,"master_deck":["Defend_G","Defend_G","Defend_G","Defend_G","Defend_G","Strike_G","Strike_G","Strike_G","Strike_G","Survivor","Neutralize","Outmaneuver","Dagger Throw","Expertise+1","Prepared+1","Outmaneuver+1","Calculated Gamble+1","Trip+1","Deflect+1","Bullet Time+1","Leg Sweep+1"],"max_hp_per_floor":[70,70,70,70,70,70,70,70,70,70,70,67,67,67,67,67],"relics":["Ring of the Snake","Toxic Egg 2","Sundial","Pen Nib","Torii","Meat on the Bone"],"card_choices":[{"not_picked":["PiercingWail","Poisoned Stab"],"picked":"Outmaneuver","floor":1},{"not_picked":["Backflip","Finisher"],"picked":"Dagger Throw","floor":2},{"not_picked":["Poisoned Stab","Underhanded Strike"],"picked":"Prepared+1","floor":5},{"not_picked":["Dagger Throw","Prepared+1"],"picked":"Outmaneuver+1","floor":6},{"not_picked":["Masterful Stab","Prepared+1"],"picked":"Calculated Gamble+1","floor":8},{"not_picked":["Dodge and Roll+1","Finisher"],"picked":"Bullet Time+1","floor":13},{"not_picked":["Escape Plan+1","Calculated Gamble+1"],"picked":"Leg Sweep+1","floor":14}],"player_experience":80883,"potions_floor_usage":[13,13,16],"damage_taken":[{"damage":2,"enemies":"Jaw Worm","floor":1,"turns":8},{"damage":0,"enemies":"Small Slimes","floor":2,"turns":5},{"damage":1,"enemies":"2 Louse","floor":5,"turns":3},{"damage":26,"enemies":"3 Sentries","floor":6,"turns":11},{"damage":0,"enemies":"Looter","floor":8,"turns":3},{"damage":40,"enemies":"Gremlin Nob","floor":13,"turns":5},{"damage":14,"enemies":"Exordium Thugs","floor":14,"turns":7},{"damage":63,"enemies":"The Guardian","floor":16,"turns":14}],"relics_obtained":[{"floor":6,"key":"Sundial"},{"floor":9,"key":"Torii"},{"floor":13,"key":"Meat on the Bone"}],"event_choices":[{"event_name":"Scrap Ooze","player_choice":"success","floor":3,"damage_taken":7},{"event_name":"Transmorgrifier","player_choice":"Transform","floor":4,"damage_taken":0},{"event_name":"Dead Adventurer","player_choice":"Searched \u00272\u0027 times","floor":7,"damage_taken":0},{"event_name":"Mushrooms","player_choice":"Healed and dodged fight","floor":11,"damage_taken":0}],"boss_relics":[],"items_purged_floors":[12],"is_endless":false,"potions_floor_spawned":[5,8,14],"seed_played":"-1210450073103719096","killed_by":"The Guardian","ascension_level":0,"potions_obtained":[{"floor":5,"key":"GhostInAJar"},{"floor":8,"key":"GamblersBrew"},{"floor":14,"key":"GamblersBrew"}],"is_trial":false}