{"gold_per_floor":[109,109,126,22,41,51,86,86,86,118,118,137,92,17,17,121,121,137,37,37,49,49,49,49],"floor_reached":24,"playtime":1055,"items_purged":["Strike_B","Strike_B"],"score":224,"play_id":"a37f5833-0e4d-4f60-a887-5f9dbf336b1c","local_time":"20190317113825","is_ascension_mode":true,"campfire_choices":[{"data":"Zap","floor":8,"key":"SMITH"},{"floor":15,"key":"REST"},{"data":"Self Repair","floor":23,"key":"SMITH"}],"neow_cost":"NONE","seed_source_timestamp":314315497370040,"circlet_count":0,"master_deck":["Strike_B","Defend_B","Defend_B","Defend_B","Defend_B","Zap+1","Dualcast+1","Redo","Scrape","Defragment","Go for the Eyes","Self Repair+1","Gash","Self Repair+1","Creative AI+1","Electrodynamics","Go for the Eyes+1"],"relics":["Cracked Core","NeowsBlessing","Kunai","Cables","Coffee Dripper"],"potions_floor_usage":[12,16],"damage_taken":[{"damage":0,"enemies":"Jaw Worm","floor":1,"turns":1},{"damage":0,"enemies":"Cultist","floor":3,"turns":1},{"damage":0,"enemies":"Small Slimes","floor":5,"turns":1},{"damage":5,"enemies":"Red Slaver","floor":6,"turns":3},{"damage":35,"enemies":"3 Sentries","floor":7,"turns":7},{"damage":38,"enemies":"Lagavulin","floor":10,"turns":6},{"damage":0,"enemies":"Large Slime","floor":12,"turns":4},{"damage":28,"enemies":"Hexaghost","floor":16,"turns":9},{"damage":31,"enemies":"2 Thieves","floor":18,"turns":3},{"damage":20,"enemies":"3 Byrds","floor":21,"turns":5},{"damage":59,"enemies":"Slavers","floor":24,"turns":3}],"seed_played":"5007061079296856524","potions_obtained":[{"floor":3,"key":"SteroidPotion"},{"floor":5,"key":"Energy Potion"},{"floor":10,"key":"EssenceOfSteel"},{"floor":12,"key":"SkillPotion"},{"floor":21,"key":"Ancient Potion"}],"is_trial":false,"path_per_floor":["M","?","M","$","M","M","E","R","T","E","?","M","?","$","R","B",null,"M","$","?","M","?","R","E"],"character_chosen":"DEFECT","items_purchased":["Defragment","Go for the Eyes"],"campfire_rested":1,"item_purchase_floors":[4,4],"current_hp_per_floor":[75,75,75,75,75,75,47,47,47,16,1,11,11,11,33,5,75,61,61,61,58,58,58,0],"gold":49,"neow_bonus":"THREE_ENEMY_KILL","is_prod":false,"is_daily":false,"chose_seed":false,"campfire_upgraded":2,"win_rate":0,"timestamp":1552837105,"path_taken":["M","?","M","$","M","?","E","R","T","E","?","M","?","$","R","BOSS","M","$","?","?","?","R","E"],"build_version":"2019-01-23","purchased_purges":2,"victory":false,"max_hp_per_floor":[75,75,75,75,75,75,75,75,75,75,75,75,75,75,75,75,75,75,75,75,75,75,75,75],"card_choices":[{"not_picked":["Rebound","Turbo"],"picked":"Redo","floor":1},{"not_picked":["Blizzard","Melter"],"picked":"Scrape","floor":3},{"not_picked":["Force Field","Leap"],"picked":"Self Repair","floor":5},{"not_picked":["Force Field","Heatsinks","Steam"],"picked":"SKIP","floor":6},{"not_picked":["Reprogram","Loop"],"picked":"Gash","floor":7},{"not_picked":["Barrage","Hologram"],"picked":"Self Repair","floor":10},{"not_picked":["Sweeping Beam","Streamline"],"picked":"Creative AI","floor":12},{"not_picked":["Rainbow","Amplify"],"picked":"Electrodynamics","floor":16},{"not_picked":["Barrage","Leap"],"picked":"Go for the Eyes+1","floor":18},{"not_picked":["Sweeping Beam+1","Stack","Recycle+1"],"picked":"SKIP","floor":21}],"player_experience":163579,"relics_obtained":[{"floor":7,"key":"Kunai"},{"floor":10,"key":"Cables"}],"event_choices":[{"cards_removed":["Strike_B"],"damage_healed":0,"gold_gain":0,"player_choice":"Offered Basic","damage_taken":0,"max_hp_gain":0,"max_hp_loss":0,"event_name":"Bonfire Elementals","floor":2,"gold_loss":0},{"damage_healed":0,"gold_gain":0,"player_choice":"Entered Light","damage_taken":15,"max_hp_gain":0,"max_hp_loss":0,"event_name":"Shining Light","floor":11,"gold_loss":0,"cards_upgraded":["Self Repair","Dualcast"]},{"damage_healed":0,"gold_gain":0,"player_choice":"Left Gold","damage_taken":0,"max_hp_gain":0,"max_hp_loss":0,"event_name":"World of Goop","floor":13,"gold_loss":45},{"damage_healed":0,"gold_gain":0,"player_choice":"Forge","damage_taken":0,"max_hp_gain":0,"max_hp_loss":0,"event_name":"Accursed Blacksmith","floor":20,"gold_loss":0,"cards_upgraded":["Creative AI"]},{"damage_healed":0,"gold_gain":0,"player_choice":"Ignored","damage_taken":0,"max_hp_gain":0,"max_hp_loss":0,"event_name":"Ghosts","floor":22,"gold_loss":0}],"is_beta":false,"boss_relics":[{"not_picked":["Ectoplasm","Runic Dome"],"picked":"Coffee Dripper"}],"items_purged_floors":[14,19],"is_endless":false,"potions_floor_spawned":[3,5,10,12,21],"killed_by":"Slavers","ascension_level":2}