{"gold_per_floor":[114,129,129,144,100,100,115,145,145,145,160,190,205,25,25,125,125,140,155,170,170,185,185,200,200,275,290,90,120,120,135,135,135],"floor_reached":33,"playtime":1075,"items_purged":["Defend_B","Strike_G"],"score":296,"play_id":"8fbdfb7c-d130-43e3-9bdf-5d9e3caf2891","local_time":"20190208232455","daily_mods":["Chimera","Uncertain Future","Binary"],"is_ascension_mode":false,"campfire_choices":[{"data":"Streamline","floor":6,"key":"SMITH"},{"data":"Zap","floor":10,"key":"SMITH"},{"floor":15,"key":"REST"},{"floor":23,"key":"REST"},{"floor":30,"key":"REST"},{"floor":32,"key":"REST"}],"neow_cost":"","seed_source_timestamp":0,"circlet_count":0,"master_deck":["Bash+1","Survivor","Zap+1","Strike_R","Defend_R","Defend_G","Gash+1","Streamline+1","Reboot","Ball Lightning+1","Gash+1"],"special_seed":17936,"relics":["Cracked Core","Omamori","The Courier","Whetstone","Nuclear Battery","CultistMask","Enchiridion","Gremlin Horn","Strawberry","Lantern"],"potions_floor_usage":[19,27,29,29,33,33],"damage_taken":[{"damage":0,"enemies":"Small Slimes","floor":1,"turns":3},{"damage":2,"enemies":"2 Louse","floor":2,"turns":3},{"damage":0,"enemies":"Cultist","floor":4,"turns":3},{"damage":6,"enemies":"2 Fungi Beasts","floor":7,"turns":3},{"damage":14,"enemies":"Gremlin Nob","floor":8,"turns":3},{"damage":5,"enemies":"Looter","floor":11,"turns":3},{"damage":6,"enemies":"Exordium Thugs","floor":13,"turns":4},{"damage":29,"enemies":"The Guardian","floor":16,"turns":7},{"damage":0,"enemies":"Chosen","floor":18,"turns":3},{"damage":12,"enemies":"3 Byrds","floor":19,"turns":3},{"damage":21,"enemies":"Sentry and Sphere","floor":20,"turns":4},{"damage":7,"enemies":"Cultist and Chosen","floor":22,"turns":4},{"damage":13,"enemies":"3 Cultists","floor":24,"turns":4},{"damage":16,"enemies":"Snake Plant","floor":27,"turns":2},{"damage":0,"enemies":"Book of Stabbing","floor":29,"turns":2},{"damage":5,"enemies":"Chosen and Byrds","floor":31,"turns":3},{"damage":74,"enemies":"Champ","floor":33,"turns":6}],"seed_played":"-7331181694979665872","potions_obtained":[{"floor":1,"key":"SneckoOil"},{"floor":2,"key":"Poison Potion"},{"floor":13,"key":"LiquidBronze"},{"floor":16,"key":"FocusPotion"},{"floor":24,"key":"SkillPotion"},{"floor":27,"key":"Energy Potion"},{"floor":29,"key":"AttackPotion"}],"is_trial":false,"path_per_floor":["M","M","?","M","?","R","M","E","T","R","M","?","M","$","R","B",null,"M","M","M","?","M","R","M","?","T","M","$","E","R","M","R","B"],"character_chosen":"DEFECT","items_purchased":["Whetstone","Strawberry"],"campfire_rested":4,"item_purchase_floors":[14,28],"current_hp_per_floor":[75,73,73,73,73,73,67,53,53,53,48,48,42,42,64,35,75,75,63,42,42,35,57,44,28,28,12,19,19,43,38,62,0],"gold":135,"neow_bonus":"","is_prod":false,"is_daily":true,"chose_seed":false,"campfire_upgraded":2,"win_rate":0,"timestamp":1549686295,"path_taken":["M","M","?","M","?","R","M","E","T","R","M","?","M","$","R","BOSS","M","M","M","?","?","R","M","?","T","M","$","E","R","M","R","BOSS"],"build_version":"2019-01-23","purchased_purges":2,"victory":false,"max_hp_per_floor":[75,75,75,75,75,75,75,75,75,75,75,75,75,75,75,75,75,75,75,75,75,75,75,75,75,75,75,82,82,82,82,82,82],"card_choices":[{"not_picked":["Melter"],"picked":"Gash","floor":1},{"not_picked":["Hello World","Tempest"],"picked":"SKIP","floor":2},{"not_picked":["Steam"],"picked":"Streamline","floor":4},{"not_picked":["Auto Shields","Coolheaded"],"picked":"SKIP","floor":7},{"not_picked":["Streamline","Scrape"],"picked":"SKIP","floor":8},{"not_picked":["Rebound","Gash"],"picked":"SKIP","floor":11},{"not_picked":["Skim","Beam Cell"],"picked":"SKIP","floor":13},{"not_picked":["Amplify"],"picked":"Reboot","floor":16},{"not_picked":["Tempest+1","Go for the Eyes"],"picked":"SKIP","floor":18},{"not_picked":["Steam"],"picked":"Ball Lightning+1","floor":19},{"not_picked":["Go for the Eyes","Conserve Battery"],"picked":"SKIP","floor":20},{"not_picked":["Undo","Stack"],"picked":"SKIP","floor":22},{"not_picked":["Coolheaded+1","Ball Lightning"],"picked":"SKIP","floor":24},{"not_picked":["FTL"],"picked":"Gash+1","floor":27},{"not_picked":["Compile Driver","Stack+1"],"picked":"SKIP","floor":29},{"not_picked":["Skim+1","Conserve Battery"],"picked":"SKIP","floor":31}],"player_experience":365234,"relics_obtained":[{"floor":8,"key":"Omamori"},{"floor":9,"key":"The Courier"},{"floor":25,"key":"Enchiridion"},{"floor":26,"key":"Gremlin Horn"},{"floor":29,"key":"Lantern"}],"event_choices":[{"cards_removed":["Strike_B"],"damage_healed":0,"gold_gain":0,"player_choice":"Forget","damage_taken":0,"max_hp_gain":0,"max_hp_loss":0,"event_name":"Living Wall","floor":3,"gold_loss":0},{"damage_healed":0,"gold_gain":0,"player_choice":"Left Gold","damage_taken":0,"max_hp_gain":0,"max_hp_loss":0,"event_name":"World of Goop","floor":5,"gold_loss":44},{"damage_healed":0,"gold_gain":30,"player_choice":"Searched \u00271\u0027 times","damage_taken":0,"max_hp_gain":0,"max_hp_loss":0,"event_name":"Dead Adventurer","floor":12,"gold_loss":0},{"damage_healed":0,"gold_gain":0,"player_choice":"Trade","damage_taken":0,"relics_obtained":["CultistMask"],"max_hp_gain":0,"max_hp_loss":0,"event_name":"FaceTrader","floor":21,"gold_loss":0},{"damage_healed":0,"gold_gain":0,"player_choice":"Obtained Book","damage_taken":16,"max_hp_gain":0,"max_hp_loss":0,"event_name":"Cursed Tome","floor":25,"gold_loss":0}],"is_beta":false,"boss_relics":[{"not_picked":["Philosopher\u0027s Stone","FrozenCore"],"picked":"Nuclear Battery"}],"items_purged_floors":[14,28],"is_endless":false,"potions_floor_spawned":[1,2,13,16,24,27,29],"killed_by":"Champ","ascension_level":0}