{"gold_per_floor":[119,134,4,19,33,33,60,80,80,8,8,8,46,59,59,155,155,178,192,3,3,23,23,47,47,47,66,66,0,0,24,24,24],"floor_reached":33,"playtime":2738,"items_purged":[],"score":498,"play_id":"e5cbd92d-8675-43da-84de-26ffd065e79b","local_time":"20190316155549","is_ascension_mode":true,"campfire_choices":[{"data":"Neutralize","floor":6.0,"key":"SMITH"},{"data":"Sucker Punch","floor":11.0,"key":"SMITH"},{"data":"Well Laid Plans","floor":15.0,"key":"SMITH"},{"data":"Adrenaline","floor":23.0,"key":"SMITH"},{"floor":25,"key":"REST"},{"data":"Blade Dance","floor":28,"key":"SMITH"},{"floor":32,"key":"REST"}],"neow_cost":"NONE","seed_source_timestamp":646494457953900,"circlet_count":0,"master_deck":["AscendersBane","Defend_G","Defend_G","Defend_G","Defend_G","Defend_G","Strike_G","Strike_G","Strike_G","Strike_G","Strike_G","Survivor","Neutralize+1","Deflect","Dagger Throw","Dodge and Roll","Flash of Steel","Sucker Punch+1","Well Laid Plans+1","Reflex","Quick Slash","Backflip","Heel Hook","Adrenaline+1","Quick Slash+1","Tactician","Blade Dance+1","Deflect","Well Laid Plans","Tactician","Cloak And Dagger+1","Dagger Spray+1","Shame"],"special_seed":0,"relics":["Ring of the Snake","NeowsBlessing","Bag of Marbles","Kunai","Golden Idol","Odd Mushroom","WristBlade","Sundial","Snake Skull"],"potions_floor_usage":[27,27,31],"damage_taken":[{"damage":0.0,"enemies":"2 Louse","floor":1.0,"turns":1.0},{"damage":0.0,"enemies":"Small Slimes","floor":2.0,"turns":1.0},{"damage":0.0,"enemies":"Cultist","floor":4.0,"turns":1.0},{"damage":7.0,"enemies":"Looter","floor":5.0,"turns":4.0},{"damage":4.0,"enemies":"3 Sentries","floor":7.0,"turns":9.0},{"damage":9.0,"enemies":"3 Louse","floor":8.0,"turns":6.0},{"damage":8.0,"enemies":"The Mushroom Lair","floor":13.0,"turns":5.0},{"damage":0.0,"enemies":"2 Fungi Beasts","floor":14.0,"turns":4.0},{"damage":21.0,"enemies":"Hexaghost","floor":16.0,"turns":19.0},{"damage":10.0,"enemies":"Shell Parasite","floor":18.0,"turns":7.0},{"damage":6.0,"enemies":"3 Byrds","floor":19.0,"turns":7.0},{"damage":24.0,"enemies":"Shelled Parasite and Fungi","floor":22.0,"turns":8.0},{"damage":10,"enemies":"Centurion and Healer","floor":24,"turns":8},{"damage":6,"enemies":"3 Cultists","floor":27,"turns":5},{"damage":17,"enemies":"Snecko","floor":31,"turns":8},{"damage":26,"enemies":"Automaton","floor":33,"turns":12}],"seed_played":"6209233577803511793","potions_obtained":[{"floor":1.0,"key":"Strength Potion"},{"floor":4.0,"key":"Dexterity Potion"},{"floor":13.0,"key":"SkillPotion"},{"floor":16.0,"key":"Regen Potion"},{"floor":22.0,"key":"Poison Potion"},{"floor":24,"key":"Weak Potion"},{"floor":27,"key":"Block Potion"}],"is_trial":false,"path_per_floor":["M","M","$","M","M","R","E","M","T","?","R","?","?","M","R","B",null,"M","M","$","?","M","R","M","R","T","M","R","?","?","M","R","B"],"character_chosen":"THE_SILENT","items_purchased":["Dodge and Roll","Flash of Steel","Blade Dance","Deflect","Well Laid Plans"],"campfire_rested":2,"item_purchase_floors":[3,3,20,20,20],"current_hp_per_floor":[59,59,59,59,52,52,48,39,39,39,39,39,31,31,31,10,48,53,47,47,47,23,23,13,31,31,25,25,25,25,8,26,0],"gold":24,"neow_bonus":"THREE_ENEMY_KILL","is_prod":false,"is_daily":false,"chose_seed":false,"campfire_upgraded":5,"win_rate":0,"timestamp":1552776949,"path_taken":["M","M","$","M","M","R","E","M","T","?","R","?","?","M","R","BOSS","M","M","$","?","M","R","M","R","T","?","R","?","?","M","R","BOSS"],"build_version":"2019-03-15","purchased_purges":0,"victory":false,"max_hp_per_floor":[66,66,66,66,66,66,66,66,66,66,66,60,60,60,60,60,60,60,60,60,60,60,60,60,60,60,60,60,60,60,60,60,60],"card_choices":[{"not_picked":["Flechettes","Eviscerate"],"picked":"Deflect","floor":1.0},{"not_picked":["Outmaneuver","Blade Dance"],"picked":"Dagger Throw","floor":2.0},{"not_picked":["Calculated Gamble","Prepared"],"picked":"Sucker Punch","floor":4.0},{"not_picked":["Bouncing Flask","Acrobatics"],"picked":"Well Laid Plans","floor":5.0},{"not_picked":["Calculated Gamble","Backflip"],"picked":"Reflex","floor":7.0},{"not_picked":["Accuracy","Outmaneuver"],"picked":"Quick Slash","floor":8.0},{"not_picked":["PiercingWail","Acrobatics"],"picked":"Backflip","floor":13.0},{"not_picked":["Slice","Catalyst"],"picked":"Heel Hook","floor":14.0},{"not_picked":["Venomology","Bullet Time"],"picked":"Adrenaline","floor":16.0},{"not_picked":["Catalyst","Dagger Throw"],"picked":"Quick Slash+1","floor":18.0},{"not_picked":["Distraction","Poisoned Stab"],"picked":"Tactician","floor":19.0},{"not_picked":["Cloak And Dagger","PiercingWail+1"],"picked":"Tactician","floor":22.0},{"not_picked":["Wraith Form v2","Deflect+1"],"picked":"Cloak And Dagger+1","floor":24},{"not_picked":["Poisoned Stab","Deadly Poison"],"picked":"Dagger Spray+1","floor":27},{"not_picked":["Poisoned Stab","PiercingWail","Setup"],"picked":"SKIP","floor":31}],"player_experience":3368743,"relics_obtained":[{"floor":7.0,"key":"Bag of Marbles"},{"floor":9.0,"key":"Kunai"},{"floor":13.0,"key":"Odd Mushroom"},{"floor":26,"key":"Sundial"}],"event_choices":[{"damage_healed":0.0,"max_hp_gain":0.0,"max_hp_loss":0.0,"gold_gain":0.0,"event_name":"World of Goop","player_choice":"Left Gold","floor":10.0,"gold_loss":72.0,"damage_taken":0.0},{"damage_healed":0.0,"max_hp_gain":0.0,"max_hp_loss":6.0,"gold_gain":0.0,"event_name":"Golden Idol","player_choice":"Lose Max HP","floor":12.0,"gold_loss":0.0,"damage_taken":0.0,"relics_obtained":["Golden Idol"]},{"damage_healed":0.0,"max_hp_gain":0.0,"max_hp_loss":0.0,"gold_gain":0.0,"event_name":"Mushrooms","player_choice":"Fought Mushrooms","floor":13.0,"gold_loss":0.0,"damage_taken":0.0},{"damage_healed":0.0,"max_hp_gain":0.0,"max_hp_loss":0.0,"gold_gain":0.0,"event_name":"WeMeetAgain","player_choice":"Ignored","floor":21.0,"gold_loss":0.0,"damage_taken":0.0},{"damage_healed":0,"gold_gain":0,"player_choice":"Paid Fearfully","damage_taken":0,"max_hp_gain":0,"max_hp_loss":0,"event_name":"Masked Bandits","floor":29,"gold_loss":66},{"damage_healed":0,"gold_gain":0,"player_choice":"Stole Relic","damage_taken":0,"relics_obtained":["Snake Skull"],"max_hp_gain":0,"max_hp_loss":0,"event_name":"Addict","floor":30,"gold_loss":0,"cards_obtained":["Shame"]}],"is_beta":true,"boss_relics":[{"not_picked":["Runic Dome","Ring of the Serpent"],"picked":"WristBlade"}],"items_purged_floors":[],"is_endless":false,"potions_floor_spawned":[1,4,5,13,16,22,24,27],"killed_by":"Automaton","ascension_level":20}