{"gold_per_floor":[119,133,146,71,71,101,101,178,230,250,250,260,111,286,286,389,389,400,410,441,68,78,78,92,107,134,145,145,156,156,175,175,274,274,291,304,314,314,394,394,406,406,406,18,29,29,29,44,44,44],"floor_reached":51,"playtime":1324,"items_purged":["Strike_R","Strike_R","Doubt","Parasite"],"score":678,"play_id":"313b4fa0-2e5c-4408-bc1e-ef32bd3e9a85","local_time":"20190411171124","is_ascension_mode":false,"campfire_choices":[{"data":"Searing Blow+1","floor":7,"key":"SMITH"},{"data":"Searing Blow+2","floor":11,"key":"SMITH"},{"data":"Searing Blow+3","floor":15,"key":"SMITH"},{"data":"Searing Blow+4","floor":23,"key":"SMITH"},{"data":"Searing Blow+5","floor":30,"key":"SMITH"},{"data":"Searing Blow+6","floor":32,"key":"SMITH"},{"data":"Searing Blow+7","floor":40,"key":"SMITH"},{"data":"Pain","floor":47,"key":"PURGE"},{"floor":49,"key":"REST"}],"neow_cost":"TEN_PERCENT_HP_LOSS","seed_source_timestamp":5518326352022,"circlet_count":0,"master_deck":["Strike_R","Defend_R","Defend_R","Defend_R","Defend_R","Bash","Headbutt","Searing Blow+8","Havoc","Corruption","Shrug It Off","Thunderclap","Battle Trance","Armaments","Double Tap","Ghostly Armor+1","Good Instincts","Whirlwind+1","Double Tap","Havoc+1","Immolate","Shockwave+1","Shrug It Off+1"],"relics":["Burning Blood","Oddly Smooth Stone","Paper Frog","PreservedInsect","Philosopher\u0027s Stone","Red Mask","Vajra","Strawberry","Prayer Wheel","Cursed Key","Self Forming Clay","Bottled Tornado","Shuriken","Peace Pipe"],"potions_floor_usage":[6,6,16,20,27,31,33,45,50,50],"damage_taken":[{"damage":5,"enemies":"Cultist","floor":1,"turns":4},{"damage":0,"enemies":"2 Louse","floor":2,"turns":3},{"damage":3,"enemies":"Jaw Worm","floor":3,"turns":4},{"damage":16,"enemies":"Lagavulin","floor":6,"turns":8},{"damage":11,"enemies":"Lots of Slimes","floor":10,"turns":5},{"damage":0,"enemies":"Red Slaver","floor":12,"turns":2},{"damage":66,"enemies":"The Guardian","floor":16,"turns":9},{"damage":8,"enemies":"3 Byrds","floor":18,"turns":4},{"damage":11,"enemies":"Shell Parasite","floor":19,"turns":2},{"damage":35,"enemies":"Masked Bandits","floor":20,"turns":4},{"damage":29,"enemies":"Sentry and Sphere","floor":22,"turns":5},{"damage":12,"enemies":"Shelled Parasite and Fungi","floor":24,"turns":4},{"damage":0,"enemies":"Centurion and Healer","floor":25,"turns":3},{"damage":1,"enemies":"Cultist and Chosen","floor":27,"turns":4},{"damage":0,"enemies":"Snecko","floor":29,"turns":3},{"damage":0,"enemies":"Snake Plant","floor":31,"turns":2},{"damage":6,"enemies":"Collector","floor":33,"turns":4},{"damage":0,"enemies":"Orb Walker","floor":35,"turns":1},{"damage":27,"enemies":"3 Darklings","floor":36,"turns":4},{"damage":18,"enemies":"Jaw Worm Horde","floor":37,"turns":3},{"damage":21,"enemies":"Maw","floor":41,"turns":5},{"damage":11,"enemies":"3 Darklings","floor":45,"turns":2},{"damage":6,"enemies":"Spire Growth","floor":48,"turns":3},{"damage":17,"enemies":"Awakened One","floor":50,"turns":5}],"seed_played":"-842882196344863116","potions_obtained":[{"floor":1,"key":"EssenceOfSteel"},{"floor":2,"key":"EssenceOfSteel"},{"floor":3,"key":"BloodPotion"},{"floor":18,"key":"Poison Potion"},{"floor":20,"key":"Block Potion"},{"floor":27,"key":"Swift Potion"},{"floor":29,"key":"Dexterity Potion"},{"floor":37,"key":"Energy Potion"},{"floor":45,"key":"SteroidPotion"},{"floor":48,"key":"Explosive Potion"}],"is_trial":false,"path_per_floor":["M","M","M","$","?","E","R","T","T","M","R","M","$","?","R","B",null,"M","M","?","$","M","R","M","M","T","M","T","M","R","M","R","B",null,"M","M","M","?","T","R","M","?","T","$","M","T","R","M","R","B",null],"character_chosen":"IRONCLAD","items_purchased":["Armaments","Vajra","Good Instincts","Shuriken"],"campfire_rested":1,"item_purchase_floors":[13,21,21,44],"current_hp_per_floor":[72,72,72,72,72,62,62,62,62,57,57,63,63,63,63,10,72,70,65,36,36,13,13,7,13,20,25,25,31,31,37,37,37,79,79,58,46,46,46,46,31,31,31,31,26,26,26,26,48,37],"gold":44,"neow_bonus":"TRANSFORM_TWO_CARDS","is_prod":false,"is_daily":false,"chose_seed":false,"campfire_upgraded":7,"win_rate":0,"timestamp":1555024284,"path_taken":["M","?","M","?","?","E","R","?","T","?","R","M","$","?","R","BOSS","M","M","?","$","M","R","M","M","T","M","?","?","R","M","R","BOSS","M","M","M","?","?","R","M","?","T","$","?","?","R","M","R","BOSS"],"build_version":"2019-01-23","purchased_purges":4,"victory":true,"max_hp_per_floor":[72,72,72,72,72,72,72,72,72,72,72,72,72,72,72,72,72,72,72,72,72,72,72,72,72,79,79,79,79,79,79,79,79,79,79,79,79,79,79,79,79,79,79,76,76,76,76,76,76,76],"card_choices":[{"not_picked":["Body Slam","Bloodletting"],"picked":"Havoc","floor":1},{"not_picked":["Havoc","Pommel Strike"],"picked":"Corruption","floor":2},{"not_picked":["Feel No Pain","Headbutt"],"picked":"Shrug It Off","floor":3},{"not_picked":["Havoc","Searing Blow"],"picked":"Thunderclap","floor":6},{"not_picked":["Cleave","Perfected Strike"],"picked":"Battle Trance","floor":10},{"not_picked":["Spot Weakness","Clash","Havoc"],"picked":"SKIP","floor":12},{"not_picked":["Juggernaut","Exhume"],"picked":"Double Tap","floor":16},{"not_picked":["True Grit","Body Slam"],"picked":"Ghostly Armor+1","floor":18},{"not_picked":["Blood for Blood","Searing Blow","Power Through"],"picked":"SKIP","floor":19},{"not_picked":["Body Slam","Clothesline","Anger"],"picked":"SKIP","floor":22},{"not_picked":["Heavy Blade","Pummel+1","Impervious"],"picked":"SKIP","floor":24},{"not_picked":["Armaments","Body Slam","Cleave"],"picked":"SKIP","floor":25},{"not_picked":["Perfected Strike","Wild Strike","Ghostly Armor"],"picked":"SKIP","floor":27},{"not_picked":["Combust","Flame Barrier+1"],"picked":"Whirlwind+1","floor":29},{"not_picked":["Dropkick","Pommel Strike","Thunderclap"],"picked":"SKIP","floor":29},{"not_picked":["Fiend Fire","Iron Wave"],"picked":"Intimidate+1","floor":31},{"not_picked":["Pommel Strike","Heavy Blade","Perfected Strike"],"picked":"SKIP","floor":31},{"not_picked":["Fiend Fire","Feed"],"picked":"Double Tap","floor":33},{"not_picked":["Infernal Blade","Clothesline","Twin Strike"],"picked":"SKIP","floor":35},{"not_picked":["Flex","Ghostly Armor+1","Pommel Strike"],"picked":"SKIP","floor":35},{"not_picked":["Anger+1","Cleave"],"picked":"Havoc+1","floor":36},{"not_picked":["Bloodletting","Shrug It Off+1","Clothesline"],"picked":"SKIP","floor":36},{"not_picked":["Warcry","Second Wind","Wild Strike+1"],"picked":"SKIP","floor":37},{"not_picked":["Intimidate","Pommel Strike","Body Slam"],"picked":"SKIP","floor":37},{"not_picked":["Seeing Red","Bloodletting"],"picked":"Immolate","floor":41},{"not_picked":["Twin Strike+1","Pummel","Combust"],"picked":"SKIP","floor":41},{"not_picked":["Wild Strike+1","Thunderclap"],"picked":"Shockwave+1","floor":45},{"not_picked":["Bloodletting+1","Evolve+1","Thunderclap+1"],"picked":"SKIP","floor":45},{"not_picked":["Clothesline+1","Cleave"],"picked":"Shrug It Off+1","floor":48},{"not_picked":["Pommel Strike","True Grit+1","Warcry"],"picked":"SKIP","floor":48}],"player_experience":1194154,"relics_obtained":[{"floor":6,"key":"Oddly Smooth Stone"},{"floor":8,"key":"Paper Frog"},{"floor":9,"key":"PreservedInsect"},{"floor":20,"key":"Red Mask"},{"floor":26,"key":"Strawberry"},{"floor":28,"key":"Prayer Wheel"},{"floor":39,"key":"Self Forming Clay"},{"floor":43,"key":"Bottled Tornado"},{"floor":46,"key":"Peace Pipe"}],"event_choices":[{"damage_healed":0,"gold_gain":0,"player_choice":"Grow","damage_taken":0,"max_hp_gain":0,"max_hp_loss":0,"event_name":"Living Wall","floor":5,"gold_loss":0,"cards_upgraded":["Searing Blow"]},{"damage_healed":0,"gold_gain":175,"player_choice":"AGREE","damage_taken":0,"max_hp_gain":0,"max_hp_loss":0,"event_name":"Liars Game","floor":14,"gold_loss":0,"cards_obtained":["Doubt"]},{"damage_healed":0,"gold_gain":0,"player_choice":"Fought Bandits","damage_taken":0,"max_hp_gain":0,"max_hp_loss":0,"event_name":"Masked Bandits","floor":20,"gold_loss":0},{"cards_removed":["Intimidate"],"damage_healed":0,"gold_gain":0,"player_choice":"Removed Skill","damage_taken":0,"max_hp_gain":0,"max_hp_loss":0,"event_name":"Falling","floor":38,"gold_loss":0},{"cards_removed":["Injury"],"damage_healed":0,"gold_gain":0,"player_choice":"Removed Curses","damage_taken":0,"max_hp_gain":0,"max_hp_loss":0,"event_name":"Fountain of Cleansing","floor":42,"gold_loss":0}],"is_beta":false,"boss_relics":[{"not_picked":["Coffee Dripper","Pandora\u0027s Box"],"picked":"Philosopher\u0027s Stone"},{"not_picked":["Black Blood","Black Star"],"picked":"Cursed Key"}],"items_purged_floors":[4,13,21,44],"is_endless":false,"potions_floor_spawned":[1,2,3,18,20,27,29,37,45,48],"ascension_level":0}