{"gold_per_floor":[118,118,43,43,59,59,103,103,103,103,118,18,45,65,65,186,186,204,3,16,29,44,44,69,92,143,143,163,163,194,105,105,105],"floor_reached":33,"playtime":886,"items_purged":["Strike_B","Strike_B"],"score":305,"play_id":"4f491796-cfe3-414d-8636-1783ead0620f","local_time":"20190408181003","is_ascension_mode":true,"campfire_choices":[{"floor":6,"key":"REST"},{"floor":10,"key":"REST"},{"data":"Defragment","floor":15,"key":"SMITH"},{"floor":23,"key":"REST"},{"floor":27,"key":"REST"},{"floor":29,"key":"REST"},{"floor":32,"key":"REST"}],"neow_cost":"NONE","seed_source_timestamp":22521050752628,"circlet_count":0,"master_deck":["Strike_B","Strike_B","Defend_B","Defend_B","Defend_B","Defend_B","Zap","Dualcast","Cold Snap","Conserve Battery","Defragment+1","Ball Lightning","Static Discharge","Thunder Strike","Ball Lightning","Chaos","Gash","Ball Lightning","Defragment+1","Steam+1","Ball Lightning+1","White Noise+1","Dramatic Entrance"],"relics":["Cracked Core","Golden Idol","Dream Catcher","Meat on the Bone","Bronze Scales","Orrery","DollysMirror","Ancient Tea Set","Regal Pillow"],"potions_floor_usage":[33,33,33],"damage_taken":[{"damage":8,"enemies":"2 Louse","floor":1,"turns":3},{"damage":11,"enemies":"Jaw Worm","floor":5,"turns":3},{"damage":43,"enemies":"Lagavulin","floor":7,"turns":7},{"damage":0,"enemies":"Small Slimes","floor":11,"turns":3},{"damage":0,"enemies":"Blue Slaver","floor":14,"turns":3},{"damage":23,"enemies":"Hexaghost","floor":16,"turns":8},{"damage":5,"enemies":"3 Byrds","floor":18,"turns":2},{"damage":10,"enemies":"Spheric Guardian","floor":20,"turns":4},{"damage":13,"enemies":"Shelled Parasite and Fungi","floor":21,"turns":4},{"damage":30,"enemies":"Cultist and Chosen","floor":22,"turns":5},{"damage":26,"enemies":"Centurion and Healer","floor":24,"turns":4},{"damage":30,"enemies":"Snake Plant","floor":25,"turns":3},{"damage":28,"enemies":"Sentry and Sphere","floor":28,"turns":5},{"damage":27,"enemies":"Slavers","floor":30,"turns":2},{"damage":106,"enemies":"Champ","floor":33,"turns":8}],"seed_played":"4255936528853925210","potions_obtained":[{"floor":5,"key":"SkillPotion"},{"floor":11,"key":"Fire Potion"},{"floor":16,"key":"SkillPotion"},{"floor":25,"key":"FairyPotion"},{"floor":30,"key":"EntropicBrew"}],"is_trial":false,"path_per_floor":["M","?","$","?","M","R","E","?","T","R","M","$","T","M","R","B",null,"M","$","M","M","M","R","M","M","T","R","M","R","E","$","R","B"],"character_chosen":"DEFECT","items_purchased":["DollysMirror","Dramatic Entrance"],"campfire_rested":6,"item_purchase_floors":[19,31],"current_hp_per_floor":[74,54,54,54,43,67,24,51,51,75,75,75,75,75,75,52,82,77,77,67,54,36,60,46,28,28,52,36,60,45,45,82,0],"gold":105,"neow_bonus":"TEN_PERCENT_HP_BONUS","is_prod":false,"is_daily":false,"chose_seed":false,"campfire_upgraded":1,"win_rate":0,"timestamp":1554761403,"path_taken":["M","?","$","?","M","R","E","?","T","R","M","?","?","M","R","BOSS","M","$","M","M","M","R","M","M","T","R","M","R","E","$","R","BOSS"],"build_version":"2019-01-23","purchased_purges":2,"victory":false,"max_hp_per_floor":[82,82,82,82,82,82,82,82,82,82,82,82,82,82,82,82,82,82,82,82,82,82,82,82,82,82,82,82,82,82,82,82,82],"card_choices":[{"not_picked":["Stack","Cold Snap","Beam Cell"],"picked":"SKIP","floor":1},{"not_picked":["Doom and Gloom","Compile Driver"],"picked":"Cold Snap","floor":5},{"not_picked":["Barrage","Turbo"],"picked":"Conserve Battery","floor":7},{"not_picked":["Consume","Go for the Eyes"],"picked":"Defragment","floor":10},{"not_picked":["Go for the Eyes","Fusion"],"picked":"Ball Lightning","floor":11},{"not_picked":["Sweeping Beam","Fission"],"picked":"Static Discharge","floor":14},{"not_picked":["Amplify","Reboot"],"picked":"Thunder Strike","floor":16},{"not_picked":["Loop","Redo"],"picked":"Ball Lightning","floor":17},{"not_picked":["Melter","Redo"],"picked":"Chaos","floor":17},{"not_picked":["Heatsinks","BootSequence"],"picked":"Gash","floor":17},{"not_picked":["FTL","Beam Cell"],"picked":"Ball Lightning","floor":17},{"not_picked":["Streamline","Buffer","Beam Cell+1"],"picked":"SKIP","floor":18},{"not_picked":["Beam Cell","Steam+1","Hologram"],"picked":"SKIP","floor":20},{"not_picked":["Rebound","Double Energy"],"picked":"Steam+1","floor":21},{"not_picked":["Chill","Coolheaded+1","Sweeping Beam+1"],"picked":"SKIP","floor":22},{"not_picked":["Buffer","Recycle"],"picked":"Ball Lightning+1","floor":23},{"not_picked":["Cold Snap+1","Stack","Loop"],"picked":"SKIP","floor":24},{"not_picked":["Cold Snap","Barrage","Doom and Gloom+1"],"picked":"SKIP","floor":25},{"not_picked":["Fusion","Rebound"],"picked":"White Noise+1","floor":27},{"not_picked":["Chaos","Streamline","Static Discharge"],"picked":"SKIP","floor":28},{"not_picked":["Steam Power","Reprogram","Skim"],"picked":"SKIP","floor":30}],"player_experience":468815,"relics_obtained":[{"floor":7,"key":"Dream Catcher"},{"floor":9,"key":"Meat on the Bone"},{"floor":13,"key":"Bronze Scales"},{"floor":26,"key":"Ancient Tea Set"},{"floor":30,"key":"Regal Pillow"}],"event_choices":[{"damage_healed":0,"gold_gain":0,"player_choice":"Take Damage","damage_taken":20,"relics_obtained":["Golden Idol"],"max_hp_gain":0,"max_hp_loss":0,"event_name":"Golden Idol","floor":2,"gold_loss":0},{"damage_healed":0,"gold_gain":0,"player_choice":"Ignored","damage_taken":0,"max_hp_gain":0,"max_hp_loss":0,"event_name":"Liars Game","floor":4,"gold_loss":0},{"damage_healed":27,"gold_gain":0,"player_choice":"Banana","damage_taken":0,"max_hp_gain":0,"max_hp_loss":0,"event_name":"Big Fish","floor":8,"gold_loss":0}],"is_beta":false,"boss_relics":[{"not_picked":["Coffee Dripper","Snecko Eye"],"picked":"Orrery"}],"items_purged_floors":[3,12],"is_endless":false,"potions_floor_spawned":[5,11,16,18,25,28,30],"killed_by":"Champ","ascension_level":1}