{"gold_per_floor":[114,126,136,136,151,151,162,172,172,195,195,215,235,200,200,200],"floor_reached":16,"playtime":574,"items_purged":[],"score":96,"play_id":"a7968e73-9d9c-42de-9d29-65f8496005e7","local_time":"20180716164930","is_ascension_mode":false,"campfire_choices":[{"floor":6,"key":"REST"},{"floor":15,"key":"REST"}],"neow_cost":"NONE","seed_source_timestamp":65271010785636,"circlet_count":0,"master_deck":["Defend_G","Defend_G","Defend_G","Defend_G","Defend_G","Strike_G","Strike_G","Strike_G","Strike_G","Strike_G","Survivor","Neutralize","Noxious Fumes","Catalyst","Skewer","Dash","Dagger Throw"],"relics":["White Beast Statue","Bottled Tornado","Art of War","Dodecahedron"],"potions_floor_usage":[5,16],"damage_taken":[{"damage":1,"enemies":"Jaw Worm","floor":1,"turns":5},{"damage":1,"enemies":"Cultist","floor":2,"turns":4},{"damage":0,"enemies":"Small Slimes","floor":3,"turns":4},{"damage":13,"enemies":"Exordium Wildlife","floor":5,"turns":5},{"damage":7,"enemies":"Looter","floor":7,"turns":4},{"damage":18,"enemies":"Lots of Slimes","floor":8,"turns":4},{"damage":7,"enemies":"Large Slime","floor":12,"turns":6},{"damage":5,"enemies":"Looter","floor":13,"turns":3},{"damage":63,"enemies":"Hexaghost","floor":16,"turns":10}],"seed_played":"6141658522827965747","potions_obtained":[{"floor":1,"key":"FearPotion"},{"floor":2,"key":"Ancient Potion"},{"floor":3,"key":"Weak Potion"},{"floor":5,"key":"Explosive Potion"}],"is_trial":false,"path_per_floor":["M","M","M","?","M","R","M","M","T","T","?","M","M","?","R"],"character_chosen":"THE_SILENT","items_purchased":[],"campfire_rested":2,"item_purchase_floors":[],"current_hp_per_floor":[69,68,68,68,55,70,63,45,45,45,33,26,21,38,59,0],"gold":200,"neow_bonus":"BOSS_RELIC","is_prod":false,"is_daily":false,"chose_seed":false,"campfire_upgraded":0,"win_rate":0,"timestamp":1531774170,"path_taken":["M","M","M","?","M","R","M","M","T","?","?","M","M","?","R","BOSS"],"build_version":"2018-07-12","purchased_purges":0,"victory":false,"max_hp_per_floor":[70,70,70,70,70,70,70,70,70,70,70,70,70,70,70,70],"card_choices":[{"not_picked":["Masterful Stab","Backstab"],"picked":"Noxious Fumes","floor":1},{"not_picked":["Caltrops","Choke"],"picked":"Catalyst","floor":2},{"not_picked":["Prepared","Well Laid Plans","Dagger Spray"],"picked":"SKIP","floor":3},{"not_picked":["Accuracy","Escape Plan","Flechettes"],"picked":"SKIP","floor":5},{"not_picked":["Deadly Poison","Deflect"],"picked":"Dash","floor":7},{"not_picked":["Accuracy","Setup"],"picked":"Dagger Throw","floor":8},{"not_picked":["Backflip","Distraction","All Out Attack"],"picked":"SKIP","floor":12},{"not_picked":["Catalyst","Backflip","PiercingWail"],"picked":"SKIP","floor":13}],"player_experience":257987,"relics_obtained":[{"floor":9,"key":"Bottled Tornado"},{"floor":10,"key":"Art of War"}],"event_choices":[{"event_name":"Match and Keep!","player_choice":"1 cards matched","floor":4,"damage_taken":0},{"event_name":"Scrap Ooze","player_choice":"success","floor":11,"damage_taken":12},{"event_name":"The Cleric","player_choice":"Healed","floor":14,"damage_taken":0}],"boss_relics":[],"items_purged_floors":[],"is_endless":false,"potions_floor_spawned":[1,2,3,5,7,8,12,13],"killed_by":"Hexaghost","ascension_level":0}