{"gold_per_floor":[114,124,144,154,79,79,79,79,79,108,108,127,153,78,78,154,154,154,114,114,114,114,114,114,114,114,114,114,29,29,29,29,29,29,29,29,29,29,29,29,29,29,29,29,29,29],"floor_reached":46,"playtime":1126,"items_purged":["Strike_R"],"score":960,"play_id":"07e1b352-03ec-40dd-be0a-e3fda2432a2d","local_time":"20190316132656","is_ascension_mode":true,"campfire_choices":[{"data":"Cleave","floor":6,"key":"SMITH"},{"data":"Headbutt","floor":8,"key":"SMITH"},{"data":"Thunderclap","floor":15,"key":"SMITH"},{"data":"Spot Weakness","floor":23,"key":"SMITH"},{"floor":27,"key":"REST"},{"floor":32,"key":"REST"},{"data":"Limit Break","floor":40,"key":"SMITH"},{"data":"Flex","floor":42,"key":"SMITH"},{"floor":44,"key":"REST"}],"neow_cost":"NONE","seed_source_timestamp":54396497425406,"circlet_count":0,"master_deck":["AscendersBane","Strike_R","Strike_R","Strike_R","Defend_R","Defend_R","Defend_R","Defend_R","Bash+1","Thunderclap+1","Cleave+1","Headbutt+1","Rampage+1","Clash","Fiend Fire","Flex+1","Twin Strike","Clash","Spot Weakness+1","Pummel+1","Limit Break+1","Pommel Strike","Pommel Strike+1"],"relics":["Burning Blood","Bag of Marbles","Vajra","Sundial","Anchor","Ectoplasm","Strawberry","Kunai","Omamori","Tiny House","Red Skull","Singing Bowl","Question Card"],"potions_floor_usage":[10,13,20,21,33,35,39],"damage_taken":[{"damage":2,"enemies":"Cultist","floor":1,"turns":4},{"damage":11,"enemies":"Jaw Worm","floor":2,"turns":4},{"damage":19,"enemies":"Small Slimes","floor":3,"turns":3},{"damage":12,"enemies":"Looter","floor":4,"turns":3},{"damage":0,"enemies":"Gremlin Nob","floor":10,"turns":2},{"damage":5,"enemies":"Gremlin Gang","floor":12,"turns":3},{"damage":5,"enemies":"3 Sentries","floor":13,"turns":3},{"damage":50,"enemies":"Hexaghost","floor":16,"turns":7},{"damage":0,"enemies":"Chosen","floor":18,"turns":3},{"damage":7,"enemies":"2 Thieves","floor":19,"turns":3},{"damage":18,"enemies":"Snecko","floor":20,"turns":3},{"damage":4,"enemies":"Centurion and Healer","floor":21,"turns":4},{"damage":30,"enemies":"Sentry and Sphere","floor":22,"turns":5},{"damage":0,"enemies":"Snake Plant","floor":25,"turns":2},{"damage":20,"enemies":"Snecko","floor":28,"turns":4},{"damage":16,"enemies":"Book of Stabbing","floor":31,"turns":3},{"damage":85,"enemies":"Collector","floor":33,"turns":8},{"damage":58,"enemies":"3 Darklings","floor":35,"turns":5},{"damage":9,"enemies":"3 Shapes","floor":39,"turns":3},{"damage":41,"enemies":"Nemesis","floor":41,"turns":5},{"damage":27,"enemies":"Sphere and 2 Shapes","floor":45,"turns":4},{"damage":47,"enemies":"Giant Head","floor":46,"turns":4}],"seed_played":"5322399454916858961","potions_obtained":[{"floor":4,"key":"AttackPotion"},{"floor":10,"key":"Dexterity Potion"},{"floor":12,"key":"Energy Potion"},{"floor":18,"key":"FearPotion"},{"floor":19,"key":"BloodPotion"},{"floor":25,"key":"Explosive Potion"},{"floor":28,"key":"Fire Potion"},{"floor":31,"key":"Regen Potion"},{"floor":34,"key":"PowerPotion"}],"is_trial":false,"path_per_floor":["M","M","M","M","?","R","T","R","T","E","?","M","E","$","R","B",null,"M","M","M","M","M","R","?","M","T","R","M","?","$","E","R","B",null,"M","?","?","T","M","R","E","R","T","R","M","E"],"character_chosen":"IRONCLAD","items_purchased":[],"campfire_rested":3,"item_purchase_floors":[],"current_hp_per_floor":[72,67,54,48,48,48,48,48,48,54,54,55,56,56,56,12,59,65,64,52,61,37,37,37,43,50,74,60,60,60,50,74,9,69,17,71,67,67,64,64,31,31,31,51,32,0],"gold":29,"neow_bonus":"UPGRADE_CARD","is_prod":false,"is_daily":false,"chose_seed":false,"campfire_upgraded":6,"win_rate":0,"timestamp":1552728416,"path_taken":["M","?","M","M","?","R","?","R","T","E","?","M","E","?","R","BOSS","M","?","M","?","M","R","?","M","T","R","M","?","$","E","R","BOSS","M","?","?","?","M","R","E","R","T","R","M","E"],"build_version":"2019-01-23","purchased_purges":1,"victory":false,"max_hp_per_floor":[75,75,75,75,75,75,75,75,75,75,75,75,75,75,75,75,75,75,75,75,75,75,75,75,75,82,82,82,82,82,82,82,82,87,87,71,67,67,67,67,69,69,69,69,71,71],"card_choices":[{"not_picked":["Flex","Wild Strike"],"picked":"Thunderclap","floor":1},{"not_picked":["Iron Wave","Combust"],"picked":"Cleave","floor":2},{"not_picked":["Reckless Charge","Brutality"],"picked":"Headbutt","floor":3},{"not_picked":["Power Through","Thunderclap","Flex"],"picked":"SKIP","floor":4},{"not_picked":["Armaments","Shockwave"],"picked":"Rampage","floor":10},{"not_picked":["Warcry","Corruption"],"picked":"Clash","floor":12},{"not_picked":["Fire Breathing","Corruption","Havoc"],"picked":"SKIP","floor":13},{"not_picked":["Demon Form","Impervious"],"picked":"Fiend Fire","floor":16},{"not_picked":["Heavy Blade","Flame Barrier","Headbutt"],"picked":"SKIP","floor":18},{"not_picked":["Perfected Strike","Wild Strike+1"],"picked":"Flex","floor":19},{"not_picked":["Iron Wave","True Grit"],"picked":"Twin Strike","floor":20},{"not_picked":["Cleave","Corruption"],"picked":"Clash","floor":21},{"not_picked":["Seeing Red","Rupture"],"picked":"Spot Weakness","floor":22},{"not_picked":["Seeing Red","Carnage","Intimidate"],"picked":"SKIP","floor":25},{"not_picked":["Evolve","Clash"],"picked":"Pummel","floor":28},{"not_picked":["Carnage","Body Slam+1","Anger"],"picked":"SKIP","floor":31},{"not_picked":["Immolate","Impervious"],"picked":"Limit Break","floor":33},{"not_picked":["Entrench","Sword Boomerang"],"picked":"Pommel Strike","floor":35},{"not_picked":["Second Wind","Clothesline"],"picked":"Pommel Strike+1","floor":39},{"not_picked":["Headbutt","Anger+1","Impervious"],"picked":"Singing Bowl","floor":41},{"not_picked":["Flex","Thunderclap","Twin Strike+1","Bloodletting+1"],"picked":"Singing Bowl","floor":45}],"player_experience":732199,"relics_obtained":[{"floor":7,"key":"Bag of Marbles"},{"floor":9,"key":"Vajra"},{"floor":10,"key":"Sundial"},{"floor":13,"key":"Anchor"},{"floor":26,"key":"Strawberry"},{"floor":31,"key":"Omamori"},{"floor":38,"key":"Red Skull"},{"floor":41,"key":"Singing Bowl"},{"floor":43,"key":"Question Card"}],"event_choices":[{"cards_removed":["Strike_R"],"damage_healed":0,"gold_gain":0,"player_choice":"Card Removal","damage_taken":0,"max_hp_gain":0,"max_hp_loss":0,"event_name":"The Cleric","floor":5,"gold_loss":75},{"damage_healed":0,"gold_gain":0,"player_choice":"Grow","damage_taken":0,"max_hp_gain":0,"max_hp_loss":0,"event_name":"Living Wall","floor":11,"gold_loss":0,"cards_upgraded":["Rampage"]},{"damage_healed":0,"gold_gain":50,"player_choice":"Stole From Cult","damage_taken":0,"max_hp_gain":0,"max_hp_loss":0,"event_name":"Nest","floor":24,"gold_loss":0},{"damage_healed":0,"gold_gain":0,"player_choice":"Obtained Relic","damage_taken":0,"relics_obtained":["Kunai"],"max_hp_gain":0,"max_hp_loss":0,"event_name":"Addict","floor":29,"gold_loss":85},{"damage_healed":71,"gold_gain":0,"player_choice":"Heal","damage_taken":0,"max_hp_gain":0,"max_hp_loss":16,"event_name":"The Moai Head","floor":36,"gold_loss":0},{"damage_healed":0,"gold_gain":0,"player_choice":"Max HP","damage_taken":0,"max_hp_gain":0,"max_hp_loss":4,"event_name":"Winding Halls","floor":37,"gold_loss":0}],"is_beta":false,"boss_relics":[{"not_picked":["Orrery","Calling Bell"],"picked":"Ectoplasm"},{"not_picked":["Snecko Eye","Runic Dome"],"picked":"Tiny House"}],"items_purged_floors":[14],"is_endless":false,"potions_floor_spawned":[4,10,12,18,19,25,28,31],"killed_by":"Giant Head","ascension_level":18}