{"gold_per_floor":[12,25,43,43,43,43,5,31,85,120,142,154,18,43,43,171,171,189,213,226,270,270,270,289,289,312,330,330,33,33,47,47,47],"floor_reached":33,"playtime":1076,"items_purged":["Strike_G","Strike_G"],"score":270,"play_id":"f4caa7bd-badd-43d5-8200-0bc3ac0c8617","local_time":"20190410234517","is_ascension_mode":true,"campfire_choices":[{"data":"Corpse Explosion","floor":6,"key":"SMITH"},{"data":"All Out Attack","floor":15,"key":"SMITH"},{"floor":23,"key":"REST"},{"floor":28,"key":"REST"},{"floor":30,"key":"REST"},{"data":"Corpse Explosion","floor":32,"key":"SMITH"}],"neow_cost":"NO_GOLD","seed_source_timestamp":88542172559011,"circlet_count":0,"master_deck":["Defend_G","Defend_G","Defend_G","Defend_G","Defend_G","Strike_G","Survivor","Neutralize","Dodge and Roll","Dash","Corpse Explosion+1","Noxious Fumes","Flying Knee","Crippling Poison","All Out Attack+1","Storm of Steel","Bouncing Flask","Bane","Outmaneuver+1","Bane","Corpse Explosion+1"],"relics":["Ring of the Snake","Centennial Puzzle","Strawberry","MawBank","Bloody Idol","Empty Cage","Red Mask","Sundial","Bag of Preparation","Lantern"],"potions_floor_usage":[2,21,33],"damage_taken":[{"damage":1,"enemies":"2 Louse","floor":1,"turns":3},{"damage":1,"enemies":"Jaw Worm","floor":2,"turns":7},{"damage":0,"enemies":"Small Slimes","floor":3,"turns":5},{"damage":14,"enemies":"Lagavulin","floor":8,"turns":8},{"damage":17,"enemies":"3 Sentries","floor":10,"turns":5},{"damage":4,"enemies":"Blue Slaver","floor":11,"turns":4},{"damage":13,"enemies":"2 Fungi Beasts","floor":14,"turns":3},{"damage":21,"enemies":"The Guardian","floor":16,"turns":9},{"damage":0,"enemies":"3 Byrds","floor":18,"turns":2},{"damage":26,"enemies":"Shell Parasite","floor":19,"turns":5},{"damage":17,"enemies":"Snecko","floor":20,"turns":4},{"damage":6,"enemies":"Masked Bandits","floor":21,"turns":2},{"damage":21,"enemies":"Sentry and Sphere","floor":24,"turns":5},{"damage":22,"enemies":"Snake Plant","floor":27,"turns":4},{"damage":4,"enemies":"3 Cultists","floor":31,"turns":3},{"damage":79,"enemies":"Champ","floor":33,"turns":10}],"seed_played":"-8138666659466345641","potions_obtained":[{"floor":1,"key":"Weak Potion"},{"floor":14,"key":"SpeedPotion"},{"floor":16,"key":"Poison Potion"},{"floor":20,"key":"SneckoOil"},{"floor":27,"key":"Poison Potion"}],"is_trial":false,"path_per_floor":["M","M","M","$","?","R","$","E","T","E","M","?","$","M","R","B",null,"M","M","M","?","T","R","M","?","T","M","R","$","R","M","R","B"],"character_chosen":"THE_SILENT","items_purchased":["Noxious Fumes","All Out Attack","Lantern","Bane"],"campfire_rested":3,"item_purchase_floors":[7,13,29,29],"current_hp_per_floor":[83,82,82,82,82,82,82,68,75,58,54,54,54,41,41,20,84,84,58,41,35,35,60,39,39,44,27,52,52,77,78,78,0],"gold":47,"neow_bonus":"TWENTY_PERCENT_HP_BONUS","is_prod":false,"is_daily":false,"chose_seed":false,"campfire_upgraded":3,"win_rate":0,"timestamp":1554954317,"path_taken":["M","M","M","$","?","R","$","E","T","E","M","?","$","M","R","BOSS","M","M","M","?","?","R","M","?","T","M","R","?","R","M","R","BOSS"],"build_version":"2019-01-23","purchased_purges":2,"victory":false,"max_hp_per_floor":[84,84,84,84,84,84,84,84,91,91,91,84,84,84,84,84,84,84,84,84,84,84,84,84,84,84,84,84,84,84,84,84,84],"card_choices":[{"not_picked":["Finisher","Dagger Spray"],"picked":"Dodge and Roll","floor":1},{"not_picked":["Slice","Prepared"],"picked":"Dash","floor":2},{"not_picked":["Distraction","Dodge and Roll"],"picked":"Corpse Explosion","floor":3},{"not_picked":["Prepared","Dagger Throw","Eviscerate"],"picked":"SKIP","floor":8},{"not_picked":["Outmaneuver","Footwork"],"picked":"Flying Knee","floor":10},{"not_picked":["Flying Knee","Dagger Spray"],"picked":"Crippling Poison","floor":11},{"not_picked":["Backflip","Malaise","Dagger Spray"],"picked":"SKIP","floor":14},{"not_picked":["Malaise","Burst"],"picked":"Storm of Steel","floor":16},{"not_picked":["Flying Knee","Acrobatics"],"picked":"Bouncing Flask","floor":18},{"not_picked":["Prepared","PiercingWail+1"],"picked":"Bane","floor":19},{"not_picked":["Skewer","Footwork","Prepared"],"picked":"SKIP","floor":20},{"not_picked":["Eviscerate+1","Dagger Throw"],"picked":"Outmaneuver+1","floor":21},{"not_picked":["Acrobatics","Poisoned Stab","PiercingWail"],"picked":"SKIP","floor":24},{"not_picked":["Crippling Poison","Leg Sweep","Deflect"],"picked":"SKIP","floor":27},{"not_picked":["Infinite Blades+1","Dodge and Roll"],"picked":"Corpse Explosion","floor":31}],"player_experience":474794,"relics_obtained":[{"floor":8,"key":"Centennial Puzzle"},{"floor":9,"key":"Strawberry"},{"floor":10,"key":"MawBank"},{"floor":21,"key":"Red Mask"},{"floor":22,"key":"Sundial"},{"floor":26,"key":"Bag of Preparation"}],"event_choices":[{"damage_healed":0,"gold_gain":0,"player_choice":"Ignored","damage_taken":0,"max_hp_gain":0,"max_hp_loss":0,"event_name":"Liars Game","floor":5,"gold_loss":0},{"damage_healed":0,"gold_gain":0,"player_choice":"Lose Max HP","damage_taken":0,"relics_obtained":["Golden Idol"],"max_hp_gain":0,"max_hp_loss":7,"event_name":"Golden Idol","floor":12,"gold_loss":0},{"damage_healed":0,"gold_gain":0,"player_choice":"Fought Bandits","damage_taken":0,"max_hp_gain":0,"max_hp_loss":0,"event_name":"Masked Bandits","floor":21,"gold_loss":0},{"damage_healed":0,"gold_gain":0,"player_choice":"Gave Idol","damage_taken":0,"relics_obtained":["Bloody Idol"],"max_hp_gain":0,"max_hp_loss":0,"event_name":"Forgotten Altar","floor":25,"relics_lost":["Golden Idol"],"gold_loss":0}],"is_beta":false,"boss_relics":[{"not_picked":["WristBlade","Runic Dome"],"picked":"Empty Cage"}],"items_purged_floors":[13,29],"is_endless":false,"potions_floor_spawned":[1,14,16,20,27,31],"killed_by":"Champ","ascension_level":1}