{"gold_per_floor":[114,45,57,71,71,71,97,97,177,189,189,204,204,4,4,106,106,31,31,31],"floor_reached":20,"playtime":683,"items_purged":[],"score":196,"play_id":"1ac4922e-3046-4729-8c08-8a91fb9e8f38","local_time":"20190415232916","is_ascension_mode":true,"campfire_choices":[{"data":"Sunder","floor":6,"key":"SMITH"},{"floor":8,"key":"REST"},{"data":"Consume","floor":13,"key":"SMITH"},{"data":"Loop","floor":15,"key":"SMITH"}],"neow_cost":"NONE","seed_source_timestamp":346616296403640,"circlet_count":0,"master_deck":["Strike_B","Strike_B","Strike_B","Strike_B","Defend_B","Defend_B","Defend_B","Defend_B","Zap","Dualcast","Leap","Sunder+1","Loop+1","Consume+1","Leap","Hologram+1","All For One","Panacea+1","Creative AI","Go for the Eyes"],"relics":["Cracked Core","NeowsBlessing","Lantern","Toxic Egg 2","Sling","Black Star"],"potions_floor_usage":[16],"damage_taken":[{"damage":0,"enemies":"2 Louse","floor":1,"turns":1},{"damage":0,"enemies":"Cultist","floor":3,"turns":1},{"damage":0,"enemies":"Jaw Worm","floor":4,"turns":1},{"damage":32,"enemies":"Gremlin Nob","floor":7,"turns":4},{"damage":0,"enemies":"Red Slaver","floor":10,"turns":4},{"damage":0,"enemies":"2 Fungi Beasts","floor":12,"turns":1},{"damage":44,"enemies":"Slime Boss","floor":16,"turns":11},{"damage":48,"enemies":"2 Thieves","floor":18,"turns":5},{"damage":36,"enemies":"3 Byrds","floor":20,"turns":2}],"seed_played":"-1523933407133666380","potions_obtained":[{"floor":4,"key":"Swift Potion"},{"floor":5,"key":"Dexterity Potion"},{"floor":5,"key":"Explosive Potion"},{"floor":7,"key":"AttackPotion"},{"floor":10,"key":"FearPotion"}],"is_trial":false,"path_per_floor":["M","$","M","M","?","R","E","R","T","M","?","M","R","$","R","B",null,"M","$","M"],"character_chosen":"DEFECT","items_purchased":["Sunder","Sling"],"campfire_rested":1,"item_purchase_floors":[2,14],"current_hp_per_floor":[75,75,75,75,75,75,43,65,65,65,65,65,65,65,65,21,75,27,27,0],"gold":31,"neow_bonus":"THREE_ENEMY_KILL","is_prod":false,"is_daily":false,"chose_seed":false,"campfire_upgraded":3,"win_rate":0,"timestamp":1555385356,"path_taken":["M","$","M","M","?","R","E","R","T","?","?","M","R","$","R","BOSS","M","$","M"],"build_version":"2019-01-23","purchased_purges":0,"victory":false,"max_hp_per_floor":[75,75,75,75,75,75,75,75,75,75,75,75,75,75,75,75,75,75,75,75],"card_choices":[{"not_picked":["Turbo","Beam Cell"],"picked":"Leap","floor":1},{"not_picked":["Go for the Eyes","Doom and Gloom"],"picked":"Loop","floor":3},{"not_picked":["Compile Driver","Rebound"],"picked":"Consume","floor":4},{"not_picked":["Reinforced Body","Stack"],"picked":"Leap","floor":7},{"not_picked":["Sweeping Beam","Compile Driver"],"picked":"Hologram+1","floor":10},{"not_picked":["Consume+1","Recycle+1","Barrage"],"picked":"SKIP","floor":12},{"not_picked":["Reboot+1","Seek+1"],"picked":"Creative AI","floor":16},{"not_picked":["Blizzard","Turbo+1"],"picked":"Go for the Eyes","floor":18}],"player_experience":266048,"relics_obtained":[{"floor":7,"key":"Lantern"},{"floor":9,"key":"Toxic Egg 2"}],"event_choices":[{"damage_healed":0,"gold_gain":0,"player_choice":"Got Potions","damage_taken":0,"max_hp_gain":0,"max_hp_loss":0,"event_name":"Lab","floor":5,"gold_loss":0},{"damage_healed":0,"gold_gain":0,"player_choice":"2 cards matched","damage_taken":0,"max_hp_gain":0,"max_hp_loss":0,"event_name":"Match and Keep!","floor":11,"gold_loss":0,"cards_obtained":["All For One","Panacea"]}],"is_beta":false,"boss_relics":[{"not_picked":["Astrolabe","Tiny House"],"picked":"Black Star"}],"items_purged_floors":[],"is_endless":false,"potions_floor_spawned":[4,7,10],"killed_by":"3 Byrds","ascension_level":3}