{"gold_per_floor":[18,35,35,54,70,70,104,104,153,153,153,164,164,175,175,272,272,241,241,257,257,277,277,51,51,51,51,51,51,69,80,80,176,176,189,89,89,102,120,120,135,151,177,52,52,52,52,52,52,52],"floor_reached":51,"playtime":1503,"items_purged":["Writhe","Strike_R+1","Writhe"],"score":722,"play_id":"6ecbdc3e-ede0-4a73-875b-30a9189b66c2","local_time":"20190413010843","is_ascension_mode":false,"campfire_choices":[{"data":"Feed","floor":6,"key":"SMITH"},{"data":"Metallicize","floor":8,"key":"SMITH"},{"data":"Clothesline","floor":11,"key":"SMITH"},{"data":"Bash","floor":13,"key":"SMITH"},{"data":"Metallicize","floor":15,"key":"SMITH"},{"data":"Demon Form","floor":23,"key":"SMITH"},{"data":"Rampage","floor":25,"key":"SMITH"},{"data":"Flame Barrier","floor":28,"key":"SMITH"},{"data":"Battle Trance","floor":32,"key":"SMITH"},{"data":"Demon Form","floor":40,"key":"SMITH"},{"data":"Ghostly Armor","floor":45,"key":"SMITH"},{"data":"Seeing Red","floor":47,"key":"SMITH"},{"floor":49,"key":"REST"}],"neow_cost":"NO_GOLD","seed_source_timestamp":34887139215993,"circlet_count":0,"master_deck":["Strike_R+1","Defend_R+1","Bash+1","Ghostly Armor+1","Metallicize+1","Clothesline+1","Metallicize+1","Feed+1","Battle Trance+1","Demon Form+1","Flex+1","Flame Barrier+1","Clash+1","Sword Boomerang+1","Rampage+1","Disarm+1","Carnage+1","Demon Form+1","Flame Barrier+1","Seeing Red+1","Rampage+1","Parasite","Headbutt+1","Heavy Blade+1"],"relics":["Burning Blood","Kunai","Ancient Tea Set","Regal Pillow","Runic Dome","Charon\u0027s Ashes","Lantern","Pen Nib","Cursed Key","Whetstone"],"potions_floor_usage":[31,50],"damage_taken":[{"damage":0,"enemies":"Cultist","floor":1,"turns":5},{"damage":0,"enemies":"Small Slimes","floor":2,"turns":4},{"damage":0,"enemies":"2 Louse","floor":4,"turns":4},{"damage":0,"enemies":"Blue Slaver","floor":5,"turns":8},{"damage":13,"enemies":"Lagavulin","floor":7,"turns":13},{"damage":14,"enemies":"Gremlin Gang","floor":12,"turns":6},{"damage":3,"enemies":"Large Slime","floor":14,"turns":10},{"damage":40,"enemies":"Slime Boss","floor":16,"turns":22},{"damage":5,"enemies":"2 Thieves","floor":18,"turns":5},{"damage":9,"enemies":"Spheric Guardian","floor":20,"turns":5},{"damage":10,"enemies":"Centurion and Healer","floor":22,"turns":5},{"damage":7,"enemies":"Snecko","floor":30,"turns":4},{"damage":8,"enemies":"3 Cultists","floor":31,"turns":7},{"damage":18,"enemies":"Automaton","floor":33,"turns":7},{"damage":16,"enemies":"3 Darklings","floor":35,"turns":7},{"damage":15,"enemies":"Orb Walker","floor":38,"turns":2},{"damage":12,"enemies":"Writhing Mass","floor":39,"turns":4},{"damage":30,"enemies":"Jaw Worm Horde","floor":41,"turns":4},{"damage":4,"enemies":"Transient","floor":42,"turns":5},{"damage":44,"enemies":"Time Eater","floor":50,"turns":7}],"seed_played":"-7987274546493718088","potions_obtained":[{"floor":1,"key":"Regen Potion"},{"floor":5,"key":"FairyPotion"},{"floor":12,"key":"FairyPotion"},{"floor":31,"key":"Ancient Potion"},{"floor":33,"key":"Block Potion"},{"floor":38,"key":"Dexterity Potion"}],"is_trial":false,"path_per_floor":["M","M","?","M","M","R","E","R","T","?","R","M","R","M","R","B",null,"M","?","M","?","M","R","$","R","T","?","R","?","M","M","R","B",null,"M","$","?","M","M","R","M","M","T","$","R","$","R","?","R","B",null],"character_chosen":"IRONCLAD","items_purchased":["Lantern"],"campfire_rested":1,"item_purchase_floors":[24],"current_hp_per_floor":[80,80,77,80,80,80,77,77,77,77,77,73,73,80,80,50,96,100,100,101,101,97,97,97,97,97,97,97,97,100,112,112,100,112,106,106,106,101,95,95,71,73,73,73,73,73,73,73,114,76],"gold":52,"neow_bonus":"TRANSFORM_TWO_CARDS","is_prod":false,"is_daily":false,"chose_seed":false,"campfire_upgraded":12,"win_rate":0,"timestamp":1555139323,"path_taken":["M","M","?","M","M","R","E","R","T","?","R","M","R","M","R","BOSS","M","?","M","?","M","R","$","R","T","?","R","?","?","M","R","BOSS","M","$","?","M","?","R","M","M","T","$","R","$","R","?","R","BOSS"],"build_version":"2019-01-23","purchased_purges":3,"victory":true,"max_hp_per_floor":[80,80,80,80,80,80,84,84,84,84,84,88,88,92,92,96,96,100,100,104,104,104,104,104,104,104,104,104,104,108,112,112,112,112,116,116,116,120,120,120,120,120,120,120,120,120,120,114,114,114],"card_choices":[{"not_picked":["Iron Wave","Pommel Strike"],"picked":"Clothesline","floor":1},{"not_picked":["Shrug It Off","Heavy Blade"],"picked":"Metallicize","floor":2},{"not_picked":["True Grit","Anger","Sentinel"],"picked":"SKIP","floor":4},{"not_picked":["Corruption","Flame Barrier"],"picked":"Feed","floor":5},{"not_picked":["Body Slam","Bloodletting","Second Wind"],"picked":"SKIP","floor":7},{"not_picked":["Perfected Strike","Shrug It Off"],"picked":"Battle Trance","floor":12},{"not_picked":["Sword Boomerang","Sentinel","Corruption"],"picked":"SKIP","floor":14},{"not_picked":["Immolate","Bludgeon"],"picked":"Demon Form","floor":16},{"not_picked":["Blood for Blood","Iron Wave"],"picked":"Flex+1","floor":18},{"not_picked":["Ghostly Armor","Power Through"],"picked":"Sword Boomerang","floor":20},{"not_picked":["Body Slam","Rage"],"picked":"Rampage","floor":22},{"not_picked":["Second Wind+1","Cleave"],"picked":"Disarm+1","floor":30},{"not_picked":["Shrug It Off","Anger+1"],"picked":"Carnage+1","floor":31},{"not_picked":["Juggernaut","Barricade"],"picked":"Demon Form","floor":33},{"not_picked":["Pummel","Sword Boomerang+1"],"picked":"Flame Barrier+1","floor":35},{"not_picked":["Headbutt","Seeing Red+1"],"picked":"Rampage+1","floor":38},{"not_picked":["Flex","Anger+1"],"picked":"Headbutt+1","floor":39},{"not_picked":["Anger+1","Reckless Charge","Sever Soul+1"],"picked":"SKIP","floor":41},{"not_picked":["Twin Strike","Iron Wave+1"],"picked":"Heavy Blade+1","floor":42}],"player_experience":1205491,"relics_obtained":[{"floor":7,"key":"Ancient Tea Set"},{"floor":9,"key":"Regal Pillow"},{"floor":26,"key":"Pen Nib"},{"floor":43,"key":"Whetstone"}],"event_choices":[{"damage_healed":0,"gold_gain":0,"player_choice":"Success","damage_taken":3,"relics_obtained":["Kunai"],"max_hp_gain":0,"max_hp_loss":0,"event_name":"Scrap Ooze","floor":3,"gold_loss":0},{"cards_removed":["Defend_R"],"damage_healed":0,"gold_gain":0,"player_choice":"Purged","damage_taken":0,"max_hp_gain":0,"max_hp_loss":0,"event_name":"Purifier","floor":10,"gold_loss":0},{"damage_healed":0,"gold_gain":0,"cards_transformed":["Strike_R","Defend_R"],"player_choice":"Became Test Subject","damage_taken":0,"max_hp_gain":0,"max_hp_loss":0,"event_name":"Drug Dealer","floor":19,"gold_loss":0,"cards_obtained":["Flame Barrier","Clash"]},{"damage_healed":0,"gold_gain":0,"player_choice":"Opened","damage_taken":0,"relics_obtained":["Charon\u0027s Ashes"],"max_hp_gain":0,"max_hp_loss":0,"event_name":"The Mausoleum","floor":21,"gold_loss":0,"cards_obtained":["Writhe"]},{"damage_healed":0,"gold_gain":0,"player_choice":"Simplicity","damage_taken":0,"max_hp_gain":0,"max_hp_loss":0,"event_name":"Back to Basics","floor":27,"gold_loss":0,"cards_upgraded":["Strike_R","Strike_R","Defend_R","Defend_R"]},{"damage_healed":0,"gold_gain":0,"player_choice":"Ignored","damage_taken":0,"max_hp_gain":0,"max_hp_loss":0,"event_name":"Ghosts","floor":29,"gold_loss":0},{"damage_healed":0,"gold_gain":0,"cards_transformed":["Defend_R"],"player_choice":"Transformed","damage_taken":0,"max_hp_gain":0,"max_hp_loss":0,"event_name":"Transmorgrifier","floor":37,"gold_loss":0,"cards_obtained":["Seeing Red"]},{"damage_healed":0,"gold_gain":0,"player_choice":"Max HP","damage_taken":0,"max_hp_gain":0,"max_hp_loss":6,"event_name":"Winding Halls","floor":48,"gold_loss":0}],"is_beta":false,"boss_relics":[{"not_picked":["Runic Pyramid","Calling Bell"],"picked":"Runic Dome"},{"not_picked":["Black Blood","Pandora\u0027s Box"],"picked":"Cursed Key"}],"items_purged_floors":[24,36,44],"is_endless":false,"potions_floor_spawned":[1,5,12,18,22,31,33,38,42],"ascension_level":0}