{"gold_per_floor":[114,114,129,144,44,44,59,59,84,34,64,164,164,194,194,294,294,309,309],"floor_reached":19,"playtime":700,"items_purged":["Strike_B"],"score":175,"play_id":"443f66f9-89ab-4237-b8ca-70311b09ee47","local_time":"20190202205155","daily_mods":["Allstar","Green Cards","Lethality"],"is_ascension_mode":false,"campfire_choices":[{"data":"Metamorphosis","floor":6.0,"key":"SMITH"},{"floor":13.0,"key":"REST"},{"floor":15.0,"key":"REST"}],"neow_cost":"","seed_source_timestamp":0,"circlet_count":0,"master_deck":["Strike_B","Strike_B","Defend_B","Defend_B","Defend_B","Defend_B","Zap","Dualcast","Metamorphosis+1","Bandage Up","PanicButton","Deep Breath","Enlightenment","All Out Attack","Streamline","Poisoned Stab","Conserve Battery","Bullet Time","Writhe"],"special_seed":17930,"relics":["Cracked Core","DataDisk","Omamori","Bag of Marbles","Calling Bell","Mercury Hourglass","Mango","Smiling Mask"],"potions_floor_usage":[],"damage_taken":[{"damage":6.0,"enemies":"2 Louse","floor":1.0,"turns":3.0},{"damage":4.0,"enemies":"Cultist","floor":3.0,"turns":3.0},{"damage":14.0,"enemies":"Jaw Worm","floor":4.0,"turns":2.0},{"damage":21.0,"enemies":"Looter","floor":7.0,"turns":3.0},{"damage":15.0,"enemies":"Lagavulin","floor":11.0,"turns":4.0},{"damage":21.0,"enemies":"3 Sentries","floor":14.0,"turns":5.0},{"damage":57.0,"enemies":"The Guardian","floor":16.0,"turns":8.0},{"damage":9,"enemies":"Chosen","floor":18,"turns":3},{"damage":97,"enemies":"3 Byrds","floor":19,"turns":3}],"seed_played":"8747077811986150983","potions_obtained":[{"floor":1.0,"key":"Poison Potion"},{"floor":11.0,"key":"FearPotion"}],"is_trial":false,"path_per_floor":["M","?","M","M","$","R","M","?","T","$","E","?","R","E","R","B",null,"M","M"],"character_chosen":"DEFECT","items_purchased":["Poisoned Stab","Conserve Battery"],"campfire_rested":2,"item_purchase_floors":[5,10],"current_hp_per_floor":[73,73,71,61,61,61,44,44,44,44,29,29,51,34,56,3,89,84,0],"gold":309,"neow_bonus":"","is_prod":false,"is_daily":true,"chose_seed":false,"campfire_upgraded":1,"win_rate":0,"timestamp":1549158715,"path_taken":["M","?","M","M","$","R","?","?","T","?","E","?","R","E","R","BOSS","M","?"],"build_version":"2019-01-23","purchased_purges":1,"victory":false,"max_hp_per_floor":[75,75,75,75,75,75,75,75,75,75,75,75,75,75,75,75,89,89,89],"card_choices":[{"not_picked":["Coolheaded","Steam"],"picked":"All Out Attack","floor":1.0},{"not_picked":["Slice","Footwork"],"picked":"Streamline","floor":3.0},{"not_picked":["Reprogram","Turbo","Finisher"],"picked":"SKIP","floor":4.0},{"not_picked":["Calculated Gamble","Prepared","Reflex"],"picked":"SKIP","floor":7.0},{"not_picked":["Slice","Outmaneuver","Flechettes"],"picked":"SKIP","floor":11.0},{"not_picked":["Force Field","Footwork","Sucker Punch"],"picked":"SKIP","floor":14.0},{"not_picked":["Echo Form","All For One"],"picked":"Bullet Time","floor":16.0},{"not_picked":["Outmaneuver","Flechettes","Deflect"],"picked":"SKIP","floor":18}],"player_experience":330724,"relics_obtained":[{"floor":9.0,"key":"DataDisk"},{"floor":11.0,"key":"Omamori"},{"floor":14.0,"key":"Bag of Marbles"},{"floor":17,"key":"Mercury Hourglass"},{"floor":17,"key":"Mango"},{"floor":17,"key":"Smiling Mask"}],"event_choices":[{"damage_healed":0.0,"max_hp_gain":0.0,"max_hp_loss":0.0,"gold_gain":0.0,"event_name":"The Woman in Blue","player_choice":"Bought 0 Potions","floor":2.0,"gold_loss":0.0,"damage_taken":0.0},{"cards_removed":["Strike_B"],"damage_healed":0.0,"max_hp_gain":0.0,"max_hp_loss":0.0,"gold_gain":0.0,"event_name":"Living Wall","player_choice":"Forget","floor":8.0,"gold_loss":0.0,"damage_taken":0.0},{"damage_healed":0.0,"max_hp_gain":0.0,"max_hp_loss":0.0,"gold_gain":100.0,"event_name":"Golden Shrine","player_choice":"Pray","floor":12.0,"gold_loss":0.0,"damage_taken":0.0}],"is_beta":false,"boss_relics":[{"not_picked":["Orrery","Pandora\u0027s Box"],"picked":"Calling Bell"}],"items_purged_floors":[5],"is_endless":false,"potions_floor_spawned":[1,11],"killed_by":"3 Byrds","ascension_level":0}