{"gold_per_floor":[211,228,71,91,105,134,134,56,56,56,56,82,94,113,113,212,212,225,240,260,273,273],"floor_reached":22,"playtime":2348,"items_purged":[],"score":200,"play_id":"674bcab6-9440-42f0-89be-dca19219effb","local_time":"20190218142453","is_ascension_mode":false,"campfire_choices":[{"floor":7,"key":"REST"},{"data":"Warcry","floor":10,"key":"SMITH"},{"data":"Pommel Strike","floor":15,"key":"SMITH"}],"neow_cost":"NONE","seed_source_timestamp":211818607769657,"circlet_count":0,"master_deck":["Strike_R","Strike_R","Strike_R","Strike_R","Defend_R","Defend_R","Defend_R","Defend_R","Bash","Pummel","Whirlwind","Reaper","Burning Pact","Anger","Flex","Pommel Strike+1","Warcry+1","Flame Barrier","True Grit","Second Wind","Barricade","Entrench","Inflame","Anger"],"relics":["Burning Blood","Vajra","Boot","Paper Frog","Fusion Hammer"],"potions_floor_usage":[16,16,16],"damage_taken":[{"damage":8,"enemies":"2 Louse","floor":1,"turns":5},{"damage":3,"enemies":"Cultist","floor":2,"turns":6},{"damage":4,"enemies":"Small Slimes","floor":4,"turns":4},{"damage":12,"enemies":"2 Fungi Beasts","floor":5,"turns":7},{"damage":58,"enemies":"Lagavulin","floor":6,"turns":9},{"damage":31,"enemies":"3 Sentries","floor":12,"turns":6},{"damage":12,"enemies":"Blue Slaver","floor":13,"turns":3},{"damage":0,"enemies":"Looter","floor":14,"turns":3},{"damage":43,"enemies":"Hexaghost","floor":16,"turns":9},{"damage":15,"enemies":"Shell Parasite","floor":18,"turns":5},{"damage":6,"enemies":"3 Byrds","floor":19,"turns":4},{"damage":52,"enemies":"3 Cultists","floor":20,"turns":5},{"damage":14,"enemies":"Centurion and Healer","floor":21,"turns":8},{"damage":77,"enemies":"Masked Bandits","floor":22,"turns":5}],"seed_played":"5524616847171176888","potions_obtained":[{"floor":1,"key":"AttackPotion"},{"floor":2,"key":"Swift Potion"},{"floor":6,"key":"PowerPotion"},{"floor":12,"key":"Strength Potion"},{"floor":20,"key":"Energy Potion"}],"is_trial":false,"path_per_floor":["M","M","$","M","M","E","R","$","T","R","?","E","M","M","R","B",null,"M","M","M","M","?"],"character_chosen":"IRONCLAD","items_purchased":["Reaper","Pommel Strike","Warcry"],"campfire_rested":1,"item_purchase_floors":[3,8,8],"current_hp_per_floor":[78,80,80,80,80,31,55,55,55,55,55,45,47,53,53,16,80,71,71,40,51,0],"gold":273,"neow_bonus":"HUNDRED_GOLD","is_prod":false,"is_daily":false,"chose_seed":false,"campfire_upgraded":2,"win_rate":0.0,"timestamp":1550517893,"path_taken":["M","M","$","M","M","E","R","$","T","R","?","E","?","M","R","BOSS","M","M","?","M","?"],"build_version":"2019-01-23","purchased_purges":0,"victory":false,"max_hp_per_floor":[80,80,80,80,80,80,80,80,80,80,80,80,80,80,80,80,80,80,80,80,80,80],"card_choices":[{"not_picked":["Power Through","Uppercut"],"picked":"Pummel","floor":1},{"not_picked":["Heavy Blade","Bloodletting"],"picked":"Whirlwind","floor":2},{"not_picked":["Perfected Strike","Sever Soul"],"picked":"Burning Pact","floor":4},{"not_picked":["Twin Strike","Sword Boomerang"],"picked":"Anger","floor":5},{"not_picked":["Blood for Blood","Sword Boomerang"],"picked":"Flex","floor":6},{"not_picked":["Rage","Fire Breathing"],"picked":"Flame Barrier","floor":12},{"not_picked":["Heavy Blade","Anger"],"picked":"True Grit","floor":13},{"not_picked":["Cleave","Anger"],"picked":"Second Wind","floor":14},{"not_picked":["Offering","Fiend Fire"],"picked":"Barricade","floor":16},{"not_picked":["Perfected Strike","Dual Wield","Corruption"],"picked":"SKIP","floor":18},{"not_picked":["Cleave","Clothesline"],"picked":"Entrench","floor":19},{"not_picked":["Thunderclap","True Grit"],"picked":"Inflame","floor":20},{"not_picked":["Cleave+1","Intimidate+1"],"picked":"Anger","floor":21}],"player_experience":10379,"relics_obtained":[{"floor":6,"key":"Vajra"},{"floor":9,"key":"Boot"},{"floor":12,"key":"Paper Frog"}],"event_choices":[{"cards_removed":["Strike_R"],"damage_healed":0,"gold_gain":0,"player_choice":"Purged","damage_taken":0,"max_hp_gain":0,"max_hp_loss":0,"event_name":"Purifier","floor":11,"gold_loss":0},{"damage_healed":0,"gold_gain":0,"player_choice":"Fought Bandits","damage_taken":0,"max_hp_gain":0,"max_hp_loss":0,"event_name":"Masked Bandits","floor":22,"gold_loss":0}],"is_beta":false,"boss_relics":[{"not_picked":["Snecko Eye","Lizard Tail"],"picked":"Fusion Hammer"}],"items_purged_floors":[],"is_endless":false,"potions_floor_spawned":[1,2,6,12,20],"killed_by":"Masked Bandits","ascension_level":0}