{"gold_per_floor":[118,393,405,37,37,71,71,71,71,146,71,88,63,63],"floor_reached":14,"playtime":327,"items_purged":["Regret"],"score":222,"play_id":"d2c90dc5-b73e-45cc-b7cb-da0a6fed3650","local_time":"20190317140525","is_ascension_mode":true,"campfire_choices":[{"data":"Shockwave","floor":7,"key":"SMITH"}],"neow_cost":"NONE","seed_source_timestamp":143908953761384,"circlet_count":0,"master_deck":["AscendersBane","Strike_R","Strike_R","Strike_R","Strike_R","Defend_R","Defend_R","Defend_R","Defend_R","Bash","Flame Barrier","Thunderclap","Flame Barrier","Shockwave+1","True Grit","Shrug It Off+1"],"relics":["Burning Blood","NeowsBlessing","Bronze Scales","Centennial Puzzle","Toxic Egg 2","Matryoshka"],"potions_floor_usage":[14],"damage_taken":[{"damage":0,"enemies":"Small Slimes","floor":1,"turns":1},{"damage":0,"enemies":"Cultist","floor":3,"turns":1},{"damage":0,"enemies":"Lagavulin","floor":6,"turns":1},{"damage":4,"enemies":"Jaw Worm","floor":12,"turns":5},{"damage":14,"enemies":"3 Sentries","floor":14,"turns":5}],"seed_played":"6047048968635067025","potions_obtained":[{"floor":3,"key":"Poison Potion"},{"floor":12,"key":"Energy Potion"}],"is_trial":false,"path_per_floor":["M","?","M","$","?","E","R","T","T","?","?","M","$","E"],"character_chosen":"IRONCLAD","items_purchased":["Bronze Scales","Flame Barrier","Shockwave","Shrug It Off+1"],"campfire_rested":0,"item_purchase_floors":[4,4,4,13],"current_hp_per_floor":[74,74,75,75,80,80,80,80,80,69,69,71,71,57],"gold":63,"neow_bonus":"THREE_ENEMY_KILL","is_prod":false,"is_daily":false,"chose_seed":false,"campfire_upgraded":1,"win_rate":0,"timestamp":1552817125,"path_taken":["M","?","?","$","?","E","R","?","T","?","?","M","?","E"],"build_version":"2019-01-23","purchased_purges":1,"victory":false,"max_hp_per_floor":[75,75,75,75,80,80,80,80,80,80,80,80,80,80],"card_choices":[{"not_picked":["Clash","Iron Wave"],"picked":"Flame Barrier","floor":1},{"not_picked":["Entrench","Body Slam"],"picked":"Thunderclap","floor":3},{"not_picked":["Sever Soul","Twin Strike"],"picked":"True Grit","floor":6},{"not_picked":["Hemokinesis","Headbutt","Second Wind+1"],"picked":"SKIP","floor":12}],"player_experience":756848,"relics_obtained":[{"floor":6,"key":"Centennial Puzzle"},{"floor":8,"key":"Toxic Egg 2"},{"floor":9,"key":"Matryoshka"}],"event_choices":[{"damage_healed":0,"gold_gain":275,"player_choice":"Desecrate","damage_taken":0,"max_hp_gain":0,"max_hp_loss":0,"event_name":"Golden Shrine","floor":2,"gold_loss":0,"cards_obtained":["Regret"]},{"damage_healed":0,"gold_gain":0,"player_choice":"Donut","damage_taken":0,"max_hp_gain":5,"max_hp_loss":0,"event_name":"Big Fish","floor":5,"gold_loss":0},{"damage_healed":0,"gold_gain":75,"player_choice":"Gather Gold","damage_taken":11,"max_hp_gain":0,"max_hp_loss":0,"event_name":"World of Goop","floor":10,"gold_loss":0},{"cards_removed":["Strike_R"],"damage_healed":0,"gold_gain":0,"player_choice":"Card Removal","damage_taken":0,"max_hp_gain":0,"max_hp_loss":0,"event_name":"The Cleric","floor":11,"gold_loss":75}],"is_beta":false,"boss_relics":[],"items_purged_floors":[4],"is_endless":false,"potions_floor_spawned":[3,12],"killed_by":"3 Sentries","ascension_level":20}