{"gold_per_floor":[114,114,128,21,40,40,75,92,162,174,192,205,205,205,205,205],"floor_reached":16,"playtime":2042,"items_purged":[],"score":208,"play_id":"2b457828-723f-4af7-a09b-28cfc5f80f2c","local_time":"20190220234525","is_ascension_mode":true,"campfire_choices":[{"data":"Fire Breathing","floor":6.0,"key":"SMITH"},{"data":"Perfected Strike","floor":13,"key":"SMITH"},{"data":"True Grit","floor":15,"key":"SMITH"}],"neow_cost":"TEN_PERCENT_HP_LOSS","seed_source_timestamp":383540511932700,"circlet_count":0,"master_deck":["AscendersBane","Strike_R","Strike_R","Strike_R","Strike_R","Defend_R","Defend_R","Defend_R","Bash","Twin Strike","Fire Breathing+1","Twin Strike","Wild Strike","Evolve","Pommel Strike","Feed","True Grit+1","Armaments+1","Rage","Shrug It Off","Perfected Strike+1"],"special_seed":0,"relics":["Burning Blood","GremlinMask","Du-Vu Doll","Bottled Lightning"],"potions_floor_usage":[10,11,12],"damage_taken":[{"damage":7.0,"enemies":"Small Slimes","floor":1.0,"turns":3.0},{"damage":6.0,"enemies":"Cultist","floor":3.0,"turns":3.0},{"damage":3.0,"enemies":"2 Louse","floor":5.0,"turns":2.0},{"damage":32.0,"enemies":"Gremlin Nob","floor":7.0,"turns":4.0},{"damage":30.0,"enemies":"Exordium Thugs","floor":8.0,"turns":4.0},{"damage":8,"enemies":"Large Slime","floor":10,"turns":3},{"damage":4,"enemies":"Blue Slaver","floor":11,"turns":6},{"damage":15,"enemies":"Exordium Thugs","floor":12,"turns":5},{"damage":37,"enemies":"Slime Boss","floor":16,"turns":6}],"seed_played":"-2992405767766505240","potions_obtained":[{"floor":3.0,"key":"SkillPotion"},{"floor":8.0,"key":"Weak Potion"},{"floor":10,"key":"Regen Potion"},{"floor":11,"key":"Fire Potion"}],"is_trial":false,"path_per_floor":["M","?","M","$","M","R","E","M","T","M","M","M","R","?","R","B"],"character_chosen":"IRONCLAD","items_purchased":["Evolve","Pommel Strike"],"campfire_rested":0,"item_purchase_floors":[4,4],"current_hp_per_floor":[67,67,67,67,68,68,42,21,21,19,36,30,30,30,30,0],"gold":205,"neow_bonus":"TRANSFORM_TWO_CARDS","is_prod":false,"is_daily":false,"chose_seed":false,"campfire_upgraded":3,"win_rate":0,"timestamp":1550735125,"path_taken":["M","?","?","$","M","R","E","M","T","M","?","M","R","?","R","BOSS"],"build_version":"2019-02-06","purchased_purges":0,"victory":false,"max_hp_per_floor":[68,68,68,68,68,68,68,71,71,71,71,74,74,74,74,74],"card_choices":[{"not_picked":["True Grit","Body Slam"],"picked":"Twin Strike","floor":1.0},{"not_picked":["Reckless Charge","Thunderclap"],"picked":"Wild Strike","floor":3.0},{"not_picked":["Armaments","Seeing Red"],"picked":"Feed","floor":5.0},{"not_picked":["Heavy Blade","Seeing Red"],"picked":"True Grit","floor":7.0},{"not_picked":["Havoc","Anger"],"picked":"Armaments","floor":8.0},{"not_picked":["Body Slam","Rampage"],"picked":"Rage","floor":10},{"not_picked":["Headbutt","Searing Blow"],"picked":"Shrug It Off","floor":11},{"not_picked":["Combust","Wild Strike"],"picked":"Perfected Strike","floor":12}],"player_experience":3294046,"relics_obtained":[{"floor":7.0,"key":"Du-Vu Doll"},{"floor":9.0,"key":"Bottled Lightning"}],"event_choices":[{"damage_healed":0.0,"max_hp_gain":0.0,"max_hp_loss":0.0,"gold_gain":0.0,"event_name":"FaceTrader","player_choice":"Trade","floor":2.0,"gold_loss":0.0,"damage_taken":0.0,"relics_obtained":["GremlinMask"]},{"damage_healed":0,"gold_gain":0,"player_choice":"Grow","damage_taken":0,"max_hp_gain":0,"max_hp_loss":0,"event_name":"Living Wall","floor":14,"gold_loss":0,"cards_upgraded":["Armaments"]}],"is_beta":true,"boss_relics":[],"items_purged_floors":[],"is_endless":false,"potions_floor_spawned":[3,8,10,11],"killed_by":"Slime Boss","ascension_level":20}