{"gold_per_floor":[363,378,35,0,12,12,39,39,86,96,96,96,111,124,124,201,201,221,239,239,258,40,40,40],"floor_reached":24,"playtime":1068,"items_purged":["Strike_G"],"score":496,"play_id":"5b8cce6d-9726-4447-b354-15f0d28e29bc","local_time":"20190203175202","is_ascension_mode":true,"campfire_choices":[{"data":"Catalyst","floor":6,"key":"SMITH"},{"data":"Deadly Poison","floor":8,"key":"SMITH"},{"floor":12,"key":"REST"},{"data":"Deadly Poison","floor":15,"key":"SMITH"},{"data":"Malaise","floor":23,"key":"SMITH"}],"neow_cost":"TEN_PERCENT_HP_LOSS","seed_source_timestamp":793801184111500,"circlet_count":0,"master_deck":["AscendersBane","Defend_G","Defend_G","Defend_G","Defend_G","Defend_G","Strike_G","Strike_G","Strike_G","Strike_G","Survivor","Neutralize","Deadly Poison+1","PiercingWail","Deadly Poison+1","Backstab","Catalyst+1","Malaise+1","Backflip","Dodge and Roll","Escape Plan","Malaise","Deadly Poison","Footwork","Quick Slash+1","Deflect"],"relics":["Ring of the Snake","Omamori","Art of War","Juzu Bracelet","Vajra","Sozu","Ancient Tea Set"],"potions_floor_usage":[7,16],"damage_taken":[{"damage":3,"enemies":"Cultist","floor":1,"turns":4},{"damage":1,"enemies":"Small Slimes","floor":2,"turns":4},{"damage":1,"enemies":"Jaw Worm","floor":5,"turns":3},{"damage":20,"enemies":"3 Sentries","floor":7,"turns":8},{"damage":13,"enemies":"Large Slime","floor":10,"turns":5},{"damage":9,"enemies":"Red Slaver","floor":13,"turns":4},{"damage":2,"enemies":"Looter","floor":14,"turns":3},{"damage":0,"enemies":"The Guardian","floor":16,"turns":6},{"damage":6,"enemies":"Shell Parasite","floor":18,"turns":4},{"damage":14,"enemies":"3 Byrds","floor":19,"turns":8},{"damage":0,"enemies":"Snake Plant","floor":21,"turns":5},{"damage":40,"enemies":"Gremlin Leader","floor":24,"turns":4}],"seed_played":"-8512392525600381392","potions_obtained":[{"floor":5,"key":"Poison Potion"},{"floor":14,"key":"Dexterity Potion"},{"floor":16,"key":"EssenceOfSteel"}],"is_trial":false,"path_per_floor":["M","M","$","?","M","R","E","R","T","M","?","R","M","M","R","B",null,"M","M","?","M","$","R","E"],"character_chosen":"THE_SILENT","items_purchased":["Deadly Poison","Omamori","Backstab","Ancient Tea Set","Deflect"],"campfire_rested":1,"item_purchase_floors":[3,3,3,22,22],"current_hp_per_floor":[56,55,55,55,54,54,34,34,34,21,21,39,30,28,28,28,52,46,32,32,32,32,32,0],"gold":40,"neow_bonus":"TWO_FIFTY_GOLD","is_prod":false,"is_daily":false,"chose_seed":false,"campfire_upgraded":4,"win_rate":0,"timestamp":1549245122,"path_taken":["M","?","$","?","M","R","E","R","T","M","?","R","M","M","R","BOSS","M","M","?","M","$","R","E"],"build_version":"2019-01-23","purchased_purges":1,"victory":false,"max_hp_per_floor":[60,60,60,60,60,60,60,60,60,60,60,60,60,60,60,60,60,60,60,60,60,60,60,60],"card_choices":[{"not_picked":["Cloak And Dagger","Sucker Punch"],"picked":"Deadly Poison","floor":1},{"not_picked":["Slice","Reflex"],"picked":"PiercingWail","floor":2},{"not_picked":["Deflect","Dagger Throw"],"picked":"Catalyst","floor":5},{"not_picked":["Riddle With Holes","Sucker Punch"],"picked":"Malaise","floor":7},{"not_picked":["Terror","Masterful Stab"],"picked":"Backflip","floor":10},{"not_picked":["Calculated Gamble","Prepared"],"picked":"Dodge and Roll","floor":13},{"not_picked":["Prepared","Cloak And Dagger"],"picked":"Escape Plan","floor":14},{"not_picked":["Glass Knife","Storm of Steel"],"picked":"Malaise","floor":16},{"not_picked":["Accuracy","Choke","Finisher+1"],"picked":"SKIP","floor":18},{"not_picked":["Finisher","Calculated Gamble"],"picked":"Deadly Poison","floor":19},{"not_picked":["Terror","Outmaneuver"],"picked":"Quick Slash+1","floor":21}],"player_experience":3235651,"relics_obtained":[{"floor":7,"key":"Art of War"},{"floor":9,"key":"Juzu Bracelet"}],"event_choices":[{"damage_healed":0,"gold_gain":0,"player_choice":"Left Gold","damage_taken":0,"max_hp_gain":0,"max_hp_loss":0,"event_name":"World of Goop","floor":4,"gold_loss":35},{"damage_healed":0,"gold_gain":0,"player_choice":"Box","damage_taken":0,"relics_obtained":["Vajra"],"max_hp_gain":0,"max_hp_loss":0,"event_name":"Big Fish","floor":11,"gold_loss":0,"cards_obtained":["Regret"]},{"damage_healed":0,"gold_gain":0,"player_choice":"Read","damage_taken":0,"max_hp_gain":0,"max_hp_loss":0,"event_name":"The Library","floor":20,"gold_loss":0,"cards_obtained":["Footwork"]}],"is_beta":true,"boss_relics":[{"not_picked":["Busted Crown","Astrolabe"],"picked":"Sozu"}],"items_purged_floors":[3],"is_endless":false,"potions_floor_spawned":[5,14,16,18],"killed_by":"Gremlin Leader","ascension_level":20}