{"gold_per_floor":[116,135,38,48,61,61,61,104,178,178,178,199,212,232,232,353,353,342,78,102,63,76,76,76],"floor_reached":24,"playtime":1047,"items_purged":["Strike_G","Bane"],"score":200,"play_id":"a01b7427-403c-41e7-98af-5782aedd4d11","local_time":"20190405202917","is_ascension_mode":false,"campfire_choices":[{"floor":6,"key":"REST"},{"floor":10,"key":"REST"},{"floor":15,"key":"REST"},{"floor":23,"key":"REST"}],"neow_cost":"TEN_PERCENT_HP_LOSS","seed_source_timestamp":30215140792981,"circlet_count":0,"master_deck":["Defend_G","Defend_G","Defend_G","Defend_G","Defend_G","Strike_G","Strike_G","Strike_G","Survivor","Neutralize","Poisoned Stab","Quick Slash","Blur","Blade Dance","Infinite Blades","Bullet Time","Adrenaline","Endless Agony","Blur","Infinite Blades","Cloak And Dagger","Night Terror","Blade Dance","Accuracy","Blade Dance+1"],"relics":["Ring of the Snake","Bird Faced Urn","Golden Idol","Gambling Chip","Kunai","Orrery"],"potions_floor_usage":[8,22],"damage_taken":[{"damage":0,"enemies":"Cultist","floor":1,"turns":4},{"damage":4,"enemies":"2 Louse","floor":2,"turns":2},{"damage":8,"enemies":"Jaw Worm","floor":4,"turns":2},{"damage":4,"enemies":"Blue Slaver","floor":5,"turns":5},{"damage":22,"enemies":"Lagavulin","floor":8,"turns":6},{"damage":1,"enemies":"2 Fungi Beasts","floor":12,"turns":3},{"damage":11,"enemies":"Looter","floor":13,"turns":3},{"damage":3,"enemies":"Exordium Wildlife","floor":14,"turns":3},{"damage":32,"enemies":"Hexaghost","floor":16,"turns":15},{"damage":10,"enemies":"2 Thieves","floor":18,"turns":4},{"damage":26,"enemies":"3 Byrds","floor":20,"turns":6},{"damage":18,"enemies":"Centurion and Healer","floor":22,"turns":5},{"damage":39,"enemies":"Gremlin Leader","floor":24,"turns":3}],"seed_played":"4308601787065090564","potions_obtained":[{"floor":2,"key":"PowerPotion"},{"floor":5,"key":"GamblersBrew"},{"floor":12,"key":"PowerPotion"},{"floor":13,"key":"Poison Potion"}],"is_trial":false,"path_per_floor":["M","M","$","M","M","R","?","E","T","R","?","M","M","M","R","B",null,"M","$","M","$","M","R","E"],"character_chosen":"THE_SILENT","items_purchased":["Quick Slash","Night Terror","Accuracy"],"campfire_rested":4,"item_purchase_floors":[3,19,21],"current_hp_per_floor":[63,59,59,51,47,63,48,26,26,44,37,36,27,24,42,12,63,53,53,27,27,15,33,0],"gold":76,"neow_bonus":"ONE_RARE_RELIC","is_prod":false,"is_daily":false,"chose_seed":false,"campfire_upgraded":0,"win_rate":0,"timestamp":1554510557,"path_taken":["M","M","$","?","M","R","?","E","T","R","?","M","M","M","R","BOSS","M","$","M","$","M","R","E"],"build_version":"2019-01-23","purchased_purges":2,"victory":false,"max_hp_per_floor":[63,63,63,63,63,63,63,63,63,63,63,63,63,63,63,63,63,63,63,63,63,63,63,63],"card_choices":[{"not_picked":["Deflect","Well Laid Plans"],"picked":"Bane","floor":1},{"not_picked":["Slice","Reflex"],"picked":"Poisoned Stab","floor":2},{"not_picked":["Skewer","Deflect"],"picked":"Blur","floor":4},{"not_picked":["Predator","Expertise","Setup"],"picked":"SKIP","floor":5},{"not_picked":["Tactician","PiercingWail"],"picked":"Blade Dance","floor":8},{"not_picked":["Quick Slash","Distraction","Infinite Blades"],"picked":"SKIP","floor":12},{"not_picked":["Quick Slash","Distraction"],"picked":"Infinite Blades","floor":12},{"not_picked":["Flying Knee","PiercingWail","Tactician"],"picked":"SKIP","floor":13},{"not_picked":["Underhanded Strike","Slice"],"picked":"Bullet Time","floor":14},{"not_picked":["Doppelganger","Burst"],"picked":"Adrenaline","floor":16},{"not_picked":["Sucker Punch","Quick Slash"],"picked":"Endless Agony","floor":17},{"not_picked":["Acrobatics","Backflip"],"picked":"Blur","floor":17},{"not_picked":["Quick Slash","PiercingWail"],"picked":"Infinite Blades","floor":17},{"not_picked":["Expertise","Sucker Punch"],"picked":"Cloak And Dagger","floor":17},{"not_picked":["Deadly Poison+1","Prepared","Terror+1"],"picked":"SKIP","floor":18},{"not_picked":["Leg Sweep","Bane"],"picked":"Blade Dance","floor":20},{"not_picked":["Blur","Adrenaline"],"picked":"Blade Dance+1","floor":22}],"player_experience":452947,"relics_obtained":[{"floor":8,"key":"Gambling Chip"},{"floor":9,"key":"Kunai"}],"event_choices":[{"damage_healed":0,"gold_gain":0,"player_choice":"Take Damage","damage_taken":15,"relics_obtained":["Golden Idol"],"max_hp_gain":0,"max_hp_loss":0,"event_name":"Golden Idol","floor":7,"gold_loss":0},{"cards_removed":["Strike_G"],"damage_healed":0,"gold_gain":0,"player_choice":"Card Removal","damage_taken":7,"max_hp_gain":0,"max_hp_loss":0,"event_name":"Golden Wing","floor":11,"gold_loss":0}],"is_beta":false,"boss_relics":[{"not_picked":["Ectoplasm","Sozu"],"picked":"Orrery"}],"items_purged_floors":[3,19],"is_endless":false,"potions_floor_spawned":[2,5,12,13],"killed_by":"Gremlin Leader","ascension_level":0}