{"gold_per_floor":[14,0,100,119,138,168,168,203,203,203,236,236,255,266,266,343,343,361,311,56,68,78,78,128,128,128,139,139,164,0,14,14,85,85,105,105,30,50,64,64,82,82,82,82,82,151,0,16,16,16,16],"floor_reached":51,"playtime":1380,"items_purged":["Defend_R"],"score":1270,"play_id":"06f2c2ef-bf06-4c83-8d4b-40e7a9164959","local_time":"20190317125927","is_ascension_mode":true,"campfire_choices":[{"data":"Perfected Strike","floor":7,"key":"SMITH"},{"floor":10,"key":"REST"},{"data":"Uppercut","floor":12,"key":"SMITH"},{"data":"Pommel Strike","floor":15,"key":"SMITH"},{"data":"Perfected Strike","floor":23,"key":"SMITH"},{"data":"Inflame","floor":25,"key":"SMITH"},{"floor":32,"key":"REST"},{"floor":40,"key":"REST"},{"data":"Pommel Strike","floor":42,"key":"SMITH"},{"data":"Offering","floor":44,"key":"SMITH"},{"floor":49,"key":"REST"}],"neow_cost":"NO_GOLD","seed_source_timestamp":138895446259812,"circlet_count":0,"master_deck":["AscendersBane","Strike_R","Strike_R","Strike_R","Strike_R+1","Strike_R","Defend_R","Defend_R","Defend_R+1","Bash+1","Clothesline","Perfected Strike+1","Pommel Strike+1","Uppercut+1","Twin Strike","Shrug It Off+1","Offering+1","Dropkick","Flash of Steel","Inflame+1","Perfected Strike+1","Perfected Strike+1","Pommel Strike+1","Shrug It Off+1"],"relics":["Burning Blood","Champion Belt","Orichalcum","Matryoshka","Dream Catcher","Centennial Puzzle","StoneCalendar","Busted Crown","Bronze Scales","Pear","Boot","War Paint","Velvet Choker","Sundial","Letter Opener","Red Mask"],"potions_floor_usage":[8,11,14,22,27,38],"damage_taken":[{"damage":6,"enemies":"Jaw Worm","floor":1,"turns":4},{"damage":5,"enemies":"Small Slimes","floor":4,"turns":3},{"damage":1,"enemies":"Cultist","floor":5,"turns":3},{"damage":26,"enemies":"Gremlin Nob","floor":6,"turns":4},{"damage":28,"enemies":"Lagavulin","floor":8,"turns":4},{"damage":10,"enemies":"3 Sentries","floor":11,"turns":5},{"damage":4,"enemies":"3 Louse","floor":13,"turns":3},{"damage":10,"enemies":"Exordium Thugs","floor":14,"turns":3},{"damage":19,"enemies":"Slime Boss","floor":16,"turns":7},{"damage":7,"enemies":"Spheric Guardian","floor":18,"turns":3},{"damage":0,"enemies":"Chosen","floor":21,"turns":2},{"damage":6,"enemies":"Snecko","floor":22,"turns":2},{"damage":12,"enemies":"Sentry and Sphere","floor":27,"turns":2},{"damage":21,"enemies":"Book of Stabbing","floor":29,"turns":3},{"damage":23,"enemies":"Centurion and Healer","floor":31,"turns":5},{"damage":52,"enemies":"Collector","floor":33,"turns":7},{"damage":1,"enemies":"Orb Walker","floor":35,"turns":2},{"damage":14,"enemies":"3 Darklings","floor":38,"turns":3},{"damage":30,"enemies":"Spire Growth","floor":39,"turns":3},{"damage":6,"enemies":"Transient","floor":41,"turns":6},{"damage":8,"enemies":"4 Shapes","floor":48,"turns":5},{"damage":65,"enemies":"Time Eater","floor":50,"turns":6},{"damage":24,"enemies":"Awakened One","floor":51,"turns":3}],"seed_played":"4281875306044959445","potions_obtained":[{"floor":6,"key":"AttackPotion"},{"floor":8,"key":"SkillPotion"},{"floor":13,"key":"Energy Potion"},{"floor":18,"key":"SkillPotion"},{"floor":21,"key":"Explosive Potion"},{"floor":35,"key":"PowerPotion"}],"is_trial":false,"path_per_floor":["M","?","?","M","M","E","R","E","T","R","E","R","M","M","R","B",null,"M","?","$","M","M","R","?","R","T","M","?","E","$","M","R","B",null,"M","?","$","M","M","R","M","R","T","R","?","T","?","M","R","B","B"],"character_chosen":"IRONCLAD","items_purchased":["Dropkick","Flash of Steel","Inflame","War Paint"],"campfire_rested":4,"item_purchase_floors":[20,20,20,30],"current_hp_per_floor":[68,68,68,69,74,54,54,32,32,54,50,50,52,48,48,35,65,64,64,64,70,70,70,70,70,80,74,74,59,59,42,67,21,69,74,74,74,66,42,67,67,67,67,67,67,67,67,65,81,22,0],"gold":16,"neow_bonus":"ONE_RARE_RELIC","is_prod":false,"is_daily":false,"chose_seed":false,"campfire_upgraded":7,"win_rate":0,"timestamp":1552813167,"path_taken":["M","?","?","M","?","E","R","E","T","R","E","R","M","M","R","BOSS","M","?","$","?","M","R","?","R","T","M","?","E","?","M","R","BOSS","M","?","$","M","M","R","?","R","T","R","?","?","?","M","R","BOSS","BOSS"],"build_version":"2019-01-23","purchased_purges":1,"victory":false,"max_hp_per_floor":[75,75,75,75,75,75,75,75,75,75,75,75,75,75,75,75,75,75,75,75,75,75,75,75,75,85,85,85,85,85,85,85,85,85,85,85,85,85,85,85,85,85,85,85,81,81,81,81,81,81,81],"card_choices":[{"not_picked":["Flex","Armaments"],"picked":"Clothesline","floor":1},{"not_picked":["Reckless Charge","Havoc"],"picked":"Perfected Strike","floor":4},{"not_picked":["Body Slam","Sword Boomerang","Flex"],"picked":"SKIP","floor":5},{"not_picked":["Impervious","Thunderclap"],"picked":"Pommel Strike","floor":6},{"not_picked":["Anger","Cleave"],"picked":"Uppercut","floor":8},{"not_picked":["Rampage","Clothesline"],"picked":"Twin Strike","floor":11},{"not_picked":["Sword Boomerang","Iron Wave","Anger"],"picked":"SKIP","floor":13},{"not_picked":["Disarm","Uppercut"],"picked":"Shrug It Off","floor":14},{"not_picked":["Dark Embrace","Bludgeon"],"picked":"Offering","floor":16},{"not_picked":["Rampage"],"picked":"SKIP","floor":18},{"not_picked":[],"picked":"Perfected Strike","floor":21},{"not_picked":["Sword Boomerang"],"picked":"SKIP","floor":22},{"not_picked":["Sword Boomerang"],"picked":"SKIP","floor":27},{"not_picked":["Warcry"],"picked":"SKIP","floor":29},{"not_picked":["Havoc"],"picked":"SKIP","floor":31},{"not_picked":["Sword Boomerang"],"picked":"SKIP","floor":35},{"not_picked":["Sever Soul"],"picked":"SKIP","floor":38},{"not_picked":[],"picked":"Pommel Strike","floor":39},{"not_picked":["Rage"],"picked":"SKIP","floor":41},{"not_picked":["Iron Wave+1"],"picked":"SKIP","floor":48},{"not_picked":[],"picked":"Shrug It Off+1","floor":49}],"player_experience":755217,"relics_obtained":[{"floor":6,"key":"Orichalcum"},{"floor":8,"key":"Matryoshka"},{"floor":9,"key":"Dream Catcher"},{"floor":9,"key":"Centennial Puzzle"},{"floor":11,"key":"StoneCalendar"},{"floor":26,"key":"Bronze Scales"},{"floor":26,"key":"Pear"},{"floor":29,"key":"Boot"},{"floor":43,"key":"Sundial"},{"floor":46,"key":"Letter Opener"}],"event_choices":[{"damage_healed":0,"gold_gain":0,"player_choice":"Left Gold","damage_taken":0,"max_hp_gain":0,"max_hp_loss":0,"event_name":"World of Goop","floor":2,"gold_loss":14},{"damage_healed":0,"gold_gain":100,"player_choice":"Gold","damage_taken":0,"max_hp_gain":0,"max_hp_loss":0,"event_name":"Wheel of Change","floor":3,"gold_loss":0},{"damage_healed":0,"gold_gain":0,"player_choice":"Upgraded Two","damage_taken":0,"max_hp_gain":0,"max_hp_loss":0,"event_name":"Designer","floor":19,"gold_loss":50,"cards_upgraded":["Bash","Strike_R"]},{"damage_healed":0,"gold_gain":50,"player_choice":"Stole From Cult","damage_taken":0,"max_hp_gain":0,"max_hp_loss":0,"event_name":"Nest","floor":24,"gold_loss":0},{"damage_healed":0,"gold_gain":0,"player_choice":"Ignored","damage_taken":0,"max_hp_gain":0,"max_hp_loss":0,"event_name":"Ghosts","floor":28,"gold_loss":0},{"damage_healed":0,"gold_gain":0,"player_choice":"Copied","damage_taken":0,"max_hp_gain":0,"max_hp_loss":0,"event_name":"Duplicator","floor":36,"gold_loss":0,"cards_obtained":["Perfected Strike"]},{"damage_healed":0,"gold_gain":0,"player_choice":"Max HP","damage_taken":0,"max_hp_gain":0,"max_hp_loss":4,"event_name":"Winding Halls","floor":45,"gold_loss":0},{"damage_healed":0,"gold_gain":0,"player_choice":"Paid","damage_taken":0,"relics_obtained":["Red Mask"],"max_hp_gain":0,"max_hp_loss":0,"event_name":"Tomb of Lord Red Mask","floor":47,"gold_loss":151}],"is_beta":false,"boss_relics":[{"not_picked":["Runic Cube","Empty Cage"],"picked":"Busted Crown"},{"not_picked":["Pandora\u0027s Box","White Beast Statue"],"picked":"Velvet Choker"}],"items_purged_floors":[37],"is_endless":false,"potions_floor_spawned":[6,8,13,18,21,35],"killed_by":"Awakened One","ascension_level":20}