{"gold_per_floor":[110,110,71,87,97,107,132,152,202,222,147,173,173,189,189,294,294,312,330,330,342,342,342,55,55,55,55,70,70],"floor_reached":29,"playtime":1405,"items_purged":["Strike_R"],"score":237,"play_id":"cde96449-3f68-44fe-92b3-42cee8bdc6e1","local_time":"20190405222750","is_ascension_mode":false,"campfire_choices":[{"floor":13,"key":"REST"},{"data":"Spot Weakness","floor":15,"key":"SMITH"},{"floor":23,"key":"REST"},{"data":"Immolate","floor":25,"key":"SMITH"}],"neow_cost":"NONE","seed_source_timestamp":36969118252050,"circlet_count":0,"master_deck":["Strike_R","Defend_R","Defend_R","Defend_R","Defend_R","Bash","Cleave","Sever Soul","Spot Weakness+1","Headbutt","Armaments","Infernal Blade","Immolate+1","Spot Weakness+1","Rampage+1","Disarm+1"],"relics":["Burning Blood","Strawberry","Anchor","Gremlin Horn","Boot","Dream Catcher","Astrolabe","MutagenicStrength","Ice Cream","Sundial"],"potions_floor_usage":[6,7,16,29,29],"damage_taken":[{"damage":1,"enemies":"Cultist","floor":1,"turns":4},{"damage":0,"enemies":"2 Louse","floor":4,"turns":2},{"damage":0,"enemies":"Small Slimes","floor":5,"turns":2},{"damage":5,"enemies":"Exordium Thugs","floor":6,"turns":3},{"damage":18,"enemies":"Gremlin Nob","floor":7,"turns":4},{"damage":0,"enemies":"Looter","floor":8,"turns":2},{"damage":0,"enemies":"3 Louse","floor":10,"turns":1},{"damage":17,"enemies":"3 Sentries","floor":12,"turns":5},{"damage":2,"enemies":"Blue Slaver","floor":14,"turns":3},{"damage":51,"enemies":"Slime Boss","floor":16,"turns":9},{"damage":0,"enemies":"Chosen","floor":18,"turns":3},{"damage":51,"enemies":"3 Byrds","floor":19,"turns":5},{"damage":24,"enemies":"Centurion and Healer","floor":21,"turns":5},{"damage":36,"enemies":"Snake Plant","floor":28,"turns":4},{"damage":60,"enemies":"Book of Stabbing","floor":29,"turns":5}],"seed_played":"8888475175943113777","potions_obtained":[{"floor":4,"key":"Fire Potion"},{"floor":5,"key":"Weak Potion"},{"floor":7,"key":"AttackPotion"},{"floor":10,"key":"Dexterity Potion"},{"floor":16,"key":"SkillPotion"},{"floor":18,"key":"Dexterity Potion"}],"is_trial":false,"path_per_floor":["M","?","$","M","M","M","E","M","T","M","$","E","R","M","R","B",null,"M","M","?","M","?","R","$","R","T","?","M","E"],"character_chosen":"IRONCLAD","items_purchased":["Sever Soul","Ice Cream"],"campfire_rested":2,"item_purchase_floors":[3,24],"current_hp_per_floor":[87,62,62,68,74,75,63,69,69,75,75,64,87,87,87,42,87,87,42,71,53,53,79,79,79,79,79,49,0],"gold":70,"neow_bonus":"RANDOM_COMMON_RELIC","is_prod":false,"is_daily":false,"chose_seed":false,"campfire_upgraded":2,"win_rate":0,"timestamp":1554517670,"path_taken":["M","?","$","M","M","M","E","M","T","M","$","E","R","M","R","BOSS","M","M","?","M","?","R","$","R","T","?","M","E"],"build_version":"2019-01-23","purchased_purges":1,"victory":false,"max_hp_per_floor":[87,87,87,87,87,87,87,87,87,87,87,87,87,87,87,87,87,87,87,87,87,87,87,87,87,87,87,87,87],"card_choices":[{"not_picked":["Carnage","Thunderclap"],"picked":"Cleave","floor":1},{"not_picked":["Anger","Fire Breathing"],"picked":"Spot Weakness","floor":4},{"not_picked":["Burning Pact","Sword Boomerang","Twin Strike"],"picked":"SKIP","floor":5},{"not_picked":["Reaper","Flame Barrier"],"picked":"Headbutt","floor":6},{"not_picked":["Bloodletting","Iron Wave"],"picked":"Armaments","floor":7},{"not_picked":["Sword Boomerang","True Grit","Thunderclap"],"picked":"SKIP","floor":8},{"not_picked":["Hemokinesis","Wild Strike","Body Slam"],"picked":"SKIP","floor":10},{"not_picked":["Sever Soul","Anger","Power Through"],"picked":"SKIP","floor":12},{"not_picked":["Offering","Armaments"],"picked":"Infernal Blade","floor":13},{"not_picked":["Bloodletting","True Grit","Evolve"],"picked":"SKIP","floor":14},{"not_picked":["Reaper","Demon Form"],"picked":"Immolate","floor":16},{"not_picked":["Sever Soul","Dual Wield","Twin Strike"],"picked":"SKIP","floor":18},{"not_picked":["Flex","Clash","Iron Wave"],"picked":"SKIP","floor":19},{"not_picked":["Shrug It Off","Fire Breathing","Heavy Blade"],"picked":"SKIP","floor":21},{"not_picked":["Feel No Pain","Uppercut","Twin Strike+1"],"picked":"SKIP","floor":28}],"player_experience":453994,"relics_obtained":[{"floor":7,"key":"Gremlin Horn"},{"floor":9,"key":"Boot"},{"floor":12,"key":"Dream Catcher"},{"floor":26,"key":"Sundial"}],"event_choices":[{"damage_healed":0,"gold_gain":0,"player_choice":"Success","damage_taken":25,"relics_obtained":["Anchor"],"max_hp_gain":0,"max_hp_loss":0,"event_name":"Scrap Ooze","floor":2,"gold_loss":0},{"damage_healed":29,"gold_gain":0,"player_choice":"Heal","damage_taken":0,"max_hp_gain":0,"max_hp_loss":0,"event_name":"The Library","floor":20,"gold_loss":0},{"damage_healed":0,"gold_gain":0,"player_choice":"Inject Mutagens","damage_taken":0,"relics_obtained":["MutagenicStrength"],"max_hp_gain":0,"max_hp_loss":0,"event_name":"Drug Dealer","floor":22,"gold_loss":0},{"damage_healed":0,"gold_gain":0,"player_choice":"Ignored","damage_taken":0,"max_hp_gain":0,"max_hp_loss":0,"event_name":"Vampires","floor":27,"gold_loss":0}],"is_beta":false,"boss_relics":[{"not_picked":["Busted Crown","Runic Pyramid"],"picked":"Astrolabe"}],"items_purged_floors":[11],"is_endless":false,"potions_floor_spawned":[4,5,7,10,16,18,21],"killed_by":"Book of Stabbing","ascension_level":0}