{"gold_per_floor":[10,10,26,26,26,60,72,72,99,72,85,117,132,164,164,261,261,276,36,36,55,73,106,106,34,58,77,10,23,23],"floor_reached":30,"playtime":2690,"items_purged":["Strike_G","Pain"],"score":295,"play_id":"b0eda2c3-232d-4b31-9dc6-734d3289530f","local_time":"20190221145119","is_ascension_mode":false,"campfire_choices":[{"floor":15,"key":"REST"},{"floor":24,"key":"REST"}],"neow_cost":"NO_GOLD","seed_source_timestamp":472268565439879,"circlet_count":0,"master_deck":["Defend_G+1","Defend_G","Defend_G+1","Defend_G","Defend_G","Strike_G","Strike_G","Survivor","Neutralize","Poisoned Stab","Backstab","Deadly Poison","Deadly Poison","After Image","Noxious Fumes","Backstab","Envenom","Corpse Explosion","Terror","Bouncing Flask","Bouncing Flask"],"relics":["Ring of the Snake","Pocketwatch","Dream Catcher","Bag of Preparation","Kunai","Ice Cream","Lizard Tail","Membership Card","WarpedTongs","Tingsha","Snake Skull","Strawberry"],"potions_floor_usage":[16,23,29,30,30],"damage_taken":[{"damage":0,"enemies":"Small Slimes","floor":1,"turns":5},{"damage":1,"enemies":"Cultist","floor":3,"turns":5},{"damage":10,"enemies":"3 Sentries","floor":6,"turns":10},{"damage":0,"enemies":"2 Louse","floor":7,"turns":2},{"damage":6,"enemies":"2 Fungi Beasts","floor":11,"turns":3},{"damage":10,"enemies":"Gremlin Nob","floor":12,"turns":4},{"damage":13,"enemies":"Lots of Slimes","floor":13,"turns":5},{"damage":1,"enemies":"Lagavulin","floor":14,"turns":6},{"damage":15,"enemies":"Slime Boss","floor":16,"turns":12},{"damage":1,"enemies":"3 Byrds","floor":18,"turns":2},{"damage":14,"enemies":"2 Thieves","floor":21,"turns":2},{"damage":17,"enemies":"Snake Plant","floor":22,"turns":4},{"damage":55,"enemies":"Gremlin Leader","floor":23,"turns":6},{"damage":21,"enemies":"Centurion and Healer","floor":27,"turns":4},{"damage":23,"enemies":"Shelled Parasite and Fungi","floor":29,"turns":5},{"damage":11,"enemies":"Book of Stabbing","floor":30,"turns":4}],"seed_played":"-5896996240483901074","potions_obtained":[{"floor":2,"key":"FearPotion"},{"floor":2,"key":"Ancient Potion"},{"floor":2,"key":"SpeedPotion"},{"floor":3,"key":"SkillPotion"},{"floor":11,"key":"AttackPotion"},{"floor":14,"key":"Weak Potion"},{"floor":16,"key":"GamblersBrew"},{"floor":23,"key":"Fire Potion"},{"floor":27,"key":"Swift Potion"}],"is_trial":false,"path_per_floor":["M","?","M","?","?","E","M","?","T","$","M","E","M","E","R","B",null,"M","$","?","M","M","E","R","$","T","M","$","M","E"],"character_chosen":"THE_SILENT","items_purchased":["Deadly Poison","Membership Card","Snake Skull","Bouncing Flask"],"campfire_rested":2,"item_purchase_floors":[10,19,25,28],"current_hp_per_floor":[70,70,69,55,55,45,45,45,45,45,39,29,16,15,36,21,70,69,69,69,55,38,25,46,46,53,32,32,9,0],"gold":23,"neow_bonus":"ONE_RARE_RELIC","is_prod":false,"is_daily":false,"chose_seed":false,"campfire_upgraded":0,"win_rate":0.0,"timestamp":1550778679,"path_taken":["M","?","?","?","?","E","?","?","T","$","M","E","M","E","R","BOSS","M","$","?","?","M","E","R","$","T","M","$","M","E"],"build_version":"2019-01-23","purchased_purges":2,"victory":false,"max_hp_per_floor":[70,70,70,70,70,70,70,70,70,70,70,70,70,70,70,70,70,70,70,70,70,70,70,70,70,77,77,77,77,77],"card_choices":[{"not_picked":["Outmaneuver","Reflex","Prepared"],"picked":"SKIP","floor":1},{"not_picked":["Prepared","Backflip"],"picked":"Poisoned Stab","floor":3},{"not_picked":["Well Laid Plans","Flying Knee","All Out Attack"],"picked":"SKIP","floor":6},{"not_picked":["Predator","Tactician"],"picked":"Deadly Poison","floor":7},{"not_picked":["Blur","Expertise"],"picked":"After Image","floor":11},{"not_picked":["Flying Knee","Bane"],"picked":"Noxious Fumes","floor":12},{"not_picked":["Eviscerate","Flying Knee"],"picked":"Backstab","floor":13},{"not_picked":["Quick Slash","Deadly Poison"],"picked":"Envenom","floor":14},{"not_picked":["Envenom","Doppelganger"],"picked":"Corpse Explosion","floor":16},{"not_picked":["Dagger Spray","Underhanded Strike"],"picked":"Terror","floor":18},{"not_picked":["Blur","Dagger Spray","PiercingWail"],"picked":"SKIP","floor":21},{"not_picked":["Sucker Punch","Skewer","PiercingWail"],"picked":"SKIP","floor":22},{"not_picked":["Flechettes","Backflip","Wraith Form v2"],"picked":"SKIP","floor":23},{"not_picked":["Slice","Choke","Well Laid Plans"],"picked":"SKIP","floor":27},{"not_picked":["Finisher","Escape Plan"],"picked":"Bouncing Flask","floor":29}],"player_experience":50876,"relics_obtained":[{"floor":6,"key":"Dream Catcher"},{"floor":9,"key":"Bag of Preparation"},{"floor":12,"key":"Kunai"},{"floor":14,"key":"Ice Cream"},{"floor":23,"key":"Tingsha"},{"floor":26,"key":"Strawberry"}],"event_choices":[{"damage_healed":0,"gold_gain":0,"player_choice":"Got Potions","damage_taken":0,"max_hp_gain":0,"max_hp_loss":0,"event_name":"Lab","floor":2,"gold_loss":0},{"damage_healed":0,"gold_gain":0,"player_choice":"Entered Light","damage_taken":14,"max_hp_gain":0,"max_hp_loss":0,"event_name":"Shining Light","floor":4,"gold_loss":0,"cards_upgraded":["Defend_G","Defend_G"]},{"damage_healed":0,"gold_gain":0,"cards_transformed":["Strike_G"],"player_choice":"Transformed","damage_taken":0,"max_hp_gain":0,"max_hp_loss":0,"event_name":"Transmorgrifier","floor":5,"gold_loss":0,"cards_obtained":["Backstab"]},{"cards_removed":["Strike_G"],"damage_healed":0,"gold_gain":0,"player_choice":"Forget","damage_taken":0,"max_hp_gain":0,"max_hp_loss":0,"event_name":"Living Wall","floor":8,"gold_loss":0},{"damage_healed":0,"gold_gain":0,"player_choice":"Rummage","damage_taken":0,"relics_obtained":["WarpedTongs"],"max_hp_gain":0,"max_hp_loss":0,"event_name":"Accursed Blacksmith","floor":20,"gold_loss":0,"cards_obtained":["Pain"]}],"is_beta":false,"boss_relics":[{"not_picked":["Coffee Dripper","Orrery"],"picked":"Lizard Tail"}],"items_purged_floors":[19,28],"is_endless":false,"potions_floor_spawned":[3,11,14,16,23,27],"killed_by":"Book of Stabbing","ascension_level":0}