{"gold_per_floor":[119,44,64,83,13,13,13,32,32,32,32,59,74,86,86,182,182,198,98,110,140,140,140,158,158,158,177,191,216,226,239,239,335,335,346,346,446,248,248,248,264,264,288,304,323,337,337,559,559,659,659,677,677,694,694,694,694,694,714,714,729,729,233,183,203,203,332,332,350,350,363,377,391,391,407,432,476,164,164,178,178,3,3,126,126,139,139,160,160,175,175,175,175,218,18,43,64,64,82,82,207,207,225,250,250,268,43,43,43,43,82,103,128,148,169,169,169,295,295,320,280,89,110,133,148,148,163,202,202,127,163,183,202,202,327,327,341,341,365,115,448,464,464,260,289,300,300,0,19,19,19,120,120,133,133,133,133,148,148,168,168,207,307,328,53,78,103,103,228,228,244,244,265,265,278,278,278,278,311,311,323,353,389,421,433,445],"floor_reached":186,"playtime":6917,"items_purged":["Strike_B","Strike_B","Defend_B","Parasite","Go for the Eyes","Defend_B","Dualcast+1","Pain","Writhe"],"score":5054,"play_id":"6308dbb6-cf52-46da-b012-905ea1dadc21","local_time":"20190405144036","daily_mods":["Heirloom","Time Dilation"],"is_ascension_mode":false,"campfire_choices":[{"data":"Zap","floor":7.0,"key":"SMITH"},{"floor":11.0,"key":"REST"},{"data":"Hyperbeam","floor":15.0,"key":"SMITH"},{"data":"Dualcast","floor":23.0,"key":"SMITH"},{"data":"Streamline","floor":25.0,"key":"SMITH"},{"floor":32.0,"key":"REST"},{"data":"Conserve Battery","floor":40.0,"key":"SMITH"},{"data":"Scrape","floor":49.0,"key":"SMITH"},{"floor":57.0,"key":"REST"},{"floor":62.0,"key":"DIG"},{"floor":66.0,"key":"DIG"},{"floor":74.0,"key":"DIG"},{"floor":79.0,"key":"DIG"},{"floor":81.0,"key":"DIG"},{"floor":83.0,"key":"REST"},{"floor":93.0,"key":"REST"},{"floor":98.0,"key":"REST"},{"floor":100.0,"key":"REST"},{"floor":108.0,"key":"DIG"},{"floor":110.0,"key":"DIG"},{"floor":117.0,"key":"DIG"},{"floor":126.0,"key":"DIG"},{"floor":134.0,"key":"REST"},{"floor":143.0,"key":"REST"},{"floor":147.0,"key":"DIG"},{"floor":151.0,"key":"REST"},{"floor":159,"key":"DIG"},{"floor":161,"key":"DIG"},{"floor":168,"key":"DIG"},{"floor":176,"key":"REST"},{"floor":178,"key":"DIG"},{"floor":180,"key":"DIG"},{"floor":185,"key":"REST"}],"neow_cost":"","seed_source_timestamp":0,"circlet_count":0,"master_deck":["Zap+1","Beam Cell+1","Gash+1","Scrape+1","Streamline+1","Hyperbeam+1","Conserve Battery+1","Gash+1","Meteor Strike+1","All For One+1","Hyperbeam","Reboot+1","Gash+1","Hyperbeam+1","Gash+1","Gash+1"],"special_seed":0,"relics":["Cracked Core","Thread and Needle","Oddly Smooth Stone","Bottled Lightning","Busted Crown","Red Mask","Unceasing Top","Blood Vial","Empty Cage","Bird Faced Urn","Pen Nib","Fusion Hammer","Frozen Egg 2","Shovel","Ice Cream","PreservedInsect","Runic Capacitor","Sundial","White Beast Statue","Matryoshka","Strawberry","Mango","Gremlin Horn","Anchor","Eternal Feather","Lizard Tail","Odd Mushroom","Question Card","Lantern","Omamori","Dodecahedron","DollysMirror","Emotion Chip","Calling Bell","Boot","Molten Egg 2","Calipers","Lee\u0027s Waffle","Torii","Bronze Scales","Whetstone","Runic Pyramid","Golden Idol","Centennial Puzzle","Cables","Smiling Mask","The Courier","MawBank"],"potions_floor_usage":[181,186,186,186],"damage_taken":[{"damage":0.0,"enemies":"Small Slimes","floor":1.0,"turns":3.0},{"damage":2.0,"enemies":"2 Louse","floor":3.0,"turns":3.0},{"damage":0.0,"enemies":"Cultist","floor":4.0,"turns":3.0},{"damage":10.0,"enemies":"3 Louse","floor":8.0,"turns":3.0},{"damage":0.0,"enemies":"Gremlin Nob","floor":12.0,"turns":3.0},{"damage":0.0,"enemies":"Looter","floor":13.0,"turns":2.0},{"damage":5.0,"enemies":"2 Fungi Beasts","floor":14.0,"turns":2.0},{"damage":11.0,"enemies":"Slime Boss","floor":16.0,"turns":4.0},{"damage":0.0,"enemies":"2 Thieves","floor":18.0,"turns":3.0},{"damage":8.0,"enemies":"Spheric Guardian","floor":20.0,"turns":4.0},{"damage":7.0,"enemies":"Masked Bandits","floor":21.0,"turns":3.0},{"damage":0.0,"enemies":"Shelled Parasite and Fungi","floor":24.0,"turns":1.0},{"damage":12.0,"enemies":"Sentry and Sphere","floor":27.0,"turns":4.0},{"damage":0.0,"enemies":"Cultist and Chosen","floor":28.0,"turns":1.0},{"damage":20.0,"enemies":"Slavers","floor":29.0,"turns":4.0},{"damage":12.0,"enemies":"Snecko","floor":30.0,"turns":4.0},{"damage":0.0,"enemies":"Shelled Parasite and Fungi","floor":31.0,"turns":2.0},{"damage":41.0,"enemies":"Champ","floor":33.0,"turns":7.0},{"damage":0.0,"enemies":"3 Shapes","floor":35.0,"turns":2.0},{"damage":6.0,"enemies":"Mind Bloom Boss Battle","floor":37.0,"turns":5.0},{"damage":0.0,"enemies":"Orb Walker","floor":41.0,"turns":1.0},{"damage":0.0,"enemies":"3 Darklings","floor":44.0,"turns":1.0},{"damage":0.0,"enemies":"Transient","floor":45.0,"turns":5.0},{"damage":0.0,"enemies":"Writhing Mass","floor":46.0,"turns":3.0},{"damage":76.0,"enemies":"Time Eater","floor":50.0,"turns":8.0},{"damage":0.0,"enemies":"2 Louse","floor":52.0,"turns":1.0},{"damage":0.0,"enemies":"Small Slimes","floor":54.0,"turns":1.0},{"damage":0.0,"enemies":"Cultist","floor":59.0,"turns":1.0},{"damage":0.0,"enemies":"Exordium Thugs","floor":61.0,"turns":2.0},{"damage":0.0,"enemies":"Large Slime","floor":65.0,"turns":1.0},{"damage":21.0,"enemies":"The Guardian","floor":67.0,"turns":2.0},{"damage":11.0,"enemies":"Shell Parasite","floor":69.0,"turns":2.0},{"damage":0.0,"enemies":"Spheric Guardian","floor":71.0,"turns":2.0},{"damage":0.0,"enemies":"Centurion and Healer","floor":72.0,"turns":2.0},{"damage":0.0,"enemies":"Snecko","floor":73.0,"turns":2.0},{"damage":0.0,"enemies":"Chosen and Byrds","floor":75.0,"turns":2.0},{"damage":23.0,"enemies":"Shelled Parasite and Fungi","floor":76.0,"turns":2.0},{"damage":6.0,"enemies":"Gremlin Leader","floor":77.0,"turns":2.0},{"damage":0.0,"enemies":"3 Cultists","floor":80.0,"turns":1.0},{"damage":32.0,"enemies":"Champ","floor":84.0,"turns":4.0},{"damage":0.0,"enemies":"3 Shapes","floor":86.0,"turns":1.0},{"damage":13.0,"enemies":"3 Darklings","floor":88.0,"turns":2.0},{"damage":0.0,"enemies":"Maw","floor":90.0,"turns":3.0},{"damage":81.0,"enemies":"Nemesis","floor":94.0,"turns":4.0},{"damage":0.0,"enemies":"Transient","floor":96.0,"turns":5.0},{"damage":0.0,"enemies":"Writhing Mass","floor":97.0,"turns":2.0},{"damage":0.0,"enemies":"Maw","floor":99.0,"turns":2.0},{"damage":0.0,"enemies":"Awakened One","floor":101.0,"turns":3.0},{"damage":0.0,"enemies":"2 Louse","floor":103.0,"turns":1.0},{"damage":0.0,"enemies":"The Mushroom Lair","floor":104.0,"turns":1.0},{"damage":0.0,"enemies":"Small Slimes","floor":106.0,"turns":1.0},{"damage":0.0,"enemies":"Lagavulin","floor":111.0,"turns":2.0},{"damage":8.0,"enemies":"Jaw Worm","floor":112.0,"turns":2.0},{"damage":0.0,"enemies":"3 Louse","floor":113.0,"turns":1.0},{"damage":0.0,"enemies":"2 Fungi Beasts","floor":114.0,"turns":1.0},{"damage":1.0,"enemies":"Red Slaver","floor":115.0,"turns":2.0},{"damage":56.0,"enemies":"The Guardian","floor":118.0,"turns":3.0},{"damage":6.0,"enemies":"Chosen","floor":120.0,"turns":2.0},{"damage":6.0,"enemies":"Shell Parasite","floor":123.0,"turns":2.0},{"damage":18.0,"enemies":"Shelled Parasite and Fungi","floor":124.0,"turns":2.0},{"damage":0.0,"enemies":"Snake Plant","floor":125.0,"turns":1.0},{"damage":0.0,"enemies":"Cultist and Chosen","floor":127.0,"turns":2.0},{"damage":0.0,"enemies":"Gremlin Leader","floor":128.0,"turns":1.0},{"damage":15.0,"enemies":"Slavers","floor":131.0,"turns":2.0},{"damage":0.0,"enemies":"Sentry and Sphere","floor":132.0,"turns":2.0},{"damage":15.0,"enemies":"Centurion and Healer","floor":133.0,"turns":2.0},{"damage":34.0,"enemies":"Automaton","floor":135.0,"turns":3.0},{"damage":36.0,"enemies":"3 Darklings","floor":137.0,"turns":2.0},{"damage":0.0,"enemies":"Orb Walker","floor":139.0,"turns":1.0},{"damage":39.0,"enemies":"Maw","floor":142.0,"turns":3.0},{"damage":12.0,"enemies":"Giant Head","floor":145.0,"turns":3.0},{"damage":27.0,"enemies":"Writhing Mass","floor":146.0,"turns":3.0},{"damage":1.0,"enemies":"Sphere and 2 Shapes","floor":149.0,"turns":2.0},{"damage":213.0,"enemies":"Donu and Deca","floor":152.0,"turns":6.0},{"damage":0,"enemies":"2 Louse","floor":154,"turns":1},{"damage":0,"enemies":"Cultist","floor":158,"turns":2},{"damage":0,"enemies":"Small Slimes","floor":160,"turns":2},{"damage":0,"enemies":"3 Sentries","floor":162,"turns":2},{"damage":12,"enemies":"Looter","floor":164,"turns":2},{"damage":0,"enemies":"3 Louse","floor":166,"turns":1},{"damage":0,"enemies":"2 Fungi Beasts","floor":167,"turns":1},{"damage":0,"enemies":"Hexaghost","floor":169,"turns":2},{"damage":0,"enemies":"3 Byrds","floor":171,"turns":2},{"damage":16,"enemies":"Shell Parasite","floor":173,"turns":2},{"damage":18,"enemies":"Snake Plant","floor":175,"turns":2},{"damage":0,"enemies":"Gremlin Leader","floor":179,"turns":2},{"damage":0,"enemies":"Shelled Parasite and Fungi","floor":181,"turns":1},{"damage":12,"enemies":"Chosen and Byrds","floor":182,"turns":2},{"damage":38,"enemies":"Centurion and Healer","floor":183,"turns":2},{"damage":0,"enemies":"Snake Plant","floor":184,"turns":1},{"damage":107,"enemies":"Collector","floor":186,"turns":2}],"seed_played":"7756089971839502467","potions_obtained":[{"floor":4.0,"key":"SpeedPotion"},{"floor":8.0,"key":"Energy Potion"},{"floor":14.0,"key":"Regen Potion"},{"floor":24.0,"key":"SpeedPotion"},{"floor":27.0,"key":"Regen Potion"},{"floor":29.0,"key":"Poison Potion"},{"floor":33.0,"key":"Swift Potion"},{"floor":37.0,"key":"LiquidBronze"},{"floor":50.0,"key":"Swift Potion"},{"floor":58.0,"key":"Fruit Juice"},{"floor":58.0,"key":"Fruit Juice"},{"floor":61.0,"key":"Block Potion"},{"floor":65.0,"key":"EssenceOfSteel"},{"floor":69.0,"key":"Ancient Potion"},{"floor":101.0,"key":"Poison Potion"},{"floor":103.0,"key":"Explosive Potion"},{"floor":104.0,"key":"Strength Potion"},{"floor":106.0,"key":"Regen Potion"},{"floor":112.0,"key":"Strength Potion"},{"floor":131.0,"key":"Weak Potion"},{"floor":142.0,"key":"Regen Potion"},{"floor":154,"key":"Swift Potion"},{"floor":158,"key":"Ancient Potion"},{"floor":160,"key":"SmokeBomb"},{"floor":162,"key":"LiquidBronze"},{"floor":182,"key":"Fire Potion"}],"is_trial":true,"path_per_floor":["M","$","M","M","$","?","R","M","T","$","R","E","M","M","R","B",null,"M","$","M","?","?","R","M","R","T","M","M","E","M","M","R","B",null,"M","?","?","$","?","R","M","?","T","M","M","M","?","?","R","B",null,"M","?","M","?","?","R","?","M","T","M","R","$","?","M","R","B",null,"M","?","M","M","M","R","M","M","E","$","R","M","R","$","R","B",null,"M","?","M","$","M","?","?","R","E","$","M","M","R","M","R","B",null,"M","?","?","M","$","R","$","R","E","M","M","M","M","?","R","B",null,"M","?","$","M","M","M","R","M","E","$","?","E","M","M","R","B",null,"M","?","M","$","?","M","R","$","E","M","R","$","M","$","R","B",null,"M","?","?","$","M","R","M","R","E","?","M","$","M","M","R","B",null,"M","?","M","?","M","R","?","R","E","R","M","M","M","M","R","B"],"character_chosen":"DEFECT","items_purchased":["Scrape","Regen Potion","PreservedInsect","Runic Capacitor","Mango","DollysMirror","Lee\u0027s Waffle","Bronze Scales","Whetstone"],"campfire_rested":12,"item_purchase_floors":[5,38,63,63,78,122,144,148,148],"current_hp_per_floor":[75,75,73,73,73,78,78,68,68,68,80,80,80,75,75,64,80,80,80,72,73,73,73,73,73,73,61,61,41,31,33,57,33,80,80,70,66,66,80,80,80,80,80,80,80,80,80,80,80,19,80,80,73,75,75,55,79,79,90,90,90,90,87,87,87,87,66,87,76,76,78,80,82,89,91,70,66,80,80,82,82,82,108,76,108,108,108,95,95,97,97,97,108,27,27,29,31,69,71,108,108,108,108,108,113,113,113,113,113,113,113,105,107,109,110,92,98,44,113,107,107,107,103,87,89,95,97,99,99,99,86,88,75,113,79,113,77,77,79,79,79,42,81,120,108,83,89,89,90,90,120,10,120,120,90,90,90,91,95,96,100,101,101,90,90,91,92,96,97,117,117,117,101,101,84,105,105,109,110,114,115,104,67,68,89,0],"gold":445,"neow_bonus":"","is_prod":false,"is_daily":false,"chose_seed":false,"campfire_upgraded":6,"win_rate":0,"timestamp":1554489636,"path_taken":["M","$","M","M","$","?","R","M","T","$","R","E","M","M","R","BOSS","M","$","M","?","?","R","M","R","T","M","M","E","?","M","R","BOSS","M","?","?","$","?","R","?","?","T","M","M","M","?","?","R","BOSS","M","?","M","?","?","R","?","M","T","?","R","$","?","M","R","BOSS","M","?","M","M","M","R","M","M","E","$","R","?","R","$","R","BOSS","M","?","M","$","?","?","?","R","E","?","M","?","R","M","R","BOSS","M","?","?","M","$","R","$","R","E","M","M","M","M","?","R","BOSS","M","?","$","?","?","M","R","M","E","$","?","E","M","M","R","BOSS","M","?","M","$","?","M","R","?","E","M","R","$","?","$","R","BOSS","M","?","?","$","M","R","?","R","E","?","M","$","M","?","R","BOSS","M","?","M","?","M","R","?","R","E","R","M","M","?","M","R","BOSS"],"build_version":"2019-01-23","purchased_purges":9,"victory":false,"max_hp_per_floor":[75,75,75,75,75,80,80,80,80,80,80,80,80,80,80,80,80,80,80,80,80,80,80,80,80,80,80,80,80,80,80,80,80,80,80,80,80,80,80,80,80,80,80,80,80,80,80,80,80,80,80,80,80,80,80,80,80,80,90,90,90,90,87,87,87,87,87,87,87,87,87,87,87,94,94,94,94,108,108,108,108,108,108,108,108,108,108,108,108,108,108,108,108,108,108,108,108,108,108,108,108,108,108,108,113,113,113,113,113,113,113,113,113,113,113,113,113,113,113,113,113,113,113,113,113,113,113,113,113,113,113,113,113,113,113,113,113,113,113,113,113,113,113,120,120,120,120,120,120,120,120,120,120,120,120,117,117,117,117,117,117,117,117,117,117,117,117,117,117,117,117,117,117,117,117,117,117,117,117,117,117,117,117,117,117,117],"card_choices":[{"not_picked":["Leap","Redo"],"picked":"Beam Cell","floor":1.0},{"not_picked":["Reprogram","Compile Driver"],"picked":"Go for the Eyes","floor":3.0},{"not_picked":["Rebound","Aggregate"],"picked":"Gash","floor":4.0},{"not_picked":["Recycle","Darkness"],"picked":"Streamline","floor":8.0},{"not_picked":["Storm","Sweeping Beam","Leap"],"picked":"SKIP","floor":12.0},{"not_picked":["Loop","Storm"],"picked":"Hyperbeam","floor":13.0},{"not_picked":["Go for the Eyes","Sweeping Beam"],"picked":"Conserve Battery","floor":14.0},{"not_picked":["Meteor Strike","Echo Form"],"picked":"Reboot","floor":16.0},{"not_picked":["Streamline"],"picked":"SKIP","floor":18.0},{"not_picked":["Reprogram"],"picked":"SKIP","floor":20.0},{"not_picked":["BootSequence"],"picked":"SKIP","floor":24.0},{"not_picked":["Turbo"],"picked":"SKIP","floor":27.0},{"not_picked":[],"picked":"Gash+1","floor":28.0},{"not_picked":["Force Field"],"picked":"SKIP","floor":29.0},{"not_picked":["Compile Driver"],"picked":"SKIP","floor":30.0},{"not_picked":["Cold Snap"],"picked":"SKIP","floor":31.0},{"not_picked":["Doom and Gloom+1"],"picked":"SKIP","floor":35.0},{"not_picked":["Stack"],"picked":"SKIP","floor":41.0},{"not_picked":["Sunder+1"],"picked":"SKIP","floor":44.0},{"not_picked":["Beam Cell+1"],"picked":"SKIP","floor":45.0},{"not_picked":["Sunder+1"],"picked":"SKIP","floor":46.0},{"not_picked":["Turbo"],"picked":"SKIP","floor":52.0},{"not_picked":["Rebound"],"picked":"SKIP","floor":54.0},{"not_picked":["Force Field"],"picked":"SKIP","floor":59.0},{"not_picked":["Stack"],"picked":"SKIP","floor":61.0},{"not_picked":["Redo"],"picked":"SKIP","floor":65.0},{"not_picked":[],"picked":"Meteor Strike","floor":67.0},{"not_picked":["Sunder+1"],"picked":"SKIP","floor":69.0},{"not_picked":["Go for the Eyes"],"picked":"SKIP","floor":71.0},{"not_picked":["Capacitor+1"],"picked":"SKIP","floor":72.0},{"not_picked":["Sunder"],"picked":"SKIP","floor":73.0},{"not_picked":["Stack"],"picked":"SKIP","floor":75.0},{"not_picked":["White Noise"],"picked":"SKIP","floor":76.0},{"not_picked":[],"picked":"All For One","floor":77.0},{"not_picked":["Stack"],"picked":"SKIP","floor":80.0},{"not_picked":["Beam Cell"],"picked":"SKIP","floor":86.0},{"not_picked":["Sweeping Beam"],"picked":"SKIP","floor":88.0},{"not_picked":["Coolheaded"],"picked":"SKIP","floor":90.0},{"not_picked":["Sweeping Beam"],"picked":"SKIP","floor":94.0},{"not_picked":["Recycle"],"picked":"SKIP","floor":96.0},{"not_picked":["Hologram"],"picked":"SKIP","floor":97.0},{"not_picked":["White Noise+1"],"picked":"SKIP","floor":99.0},{"not_picked":[],"picked":"Hyperbeam","floor":101.0},{"not_picked":["Ball Lightning"],"picked":"SKIP","floor":103.0},{"not_picked":["Reinforced Body"],"picked":"SKIP","floor":106.0},{"not_picked":["Go for the Eyes","Cold Snap"],"picked":"SKIP","floor":111.0},{"not_picked":["Go for the Eyes","Cold Snap"],"picked":"SKIP","floor":111.0},{"not_picked":["Auto Shields","Streamline"],"picked":"SKIP","floor":112.0},{"not_picked":["Capacitor+1","Force Field"],"picked":"SKIP","floor":113.0},{"not_picked":["Barrage","Self Repair+1"],"picked":"SKIP","floor":114.0},{"not_picked":["Beam Cell","Barrage"],"picked":"SKIP","floor":115.0},{"not_picked":["All For One"],"picked":"Reboot","floor":118.0},{"not_picked":["Cold Snap","Hologram+1"],"picked":"SKIP","floor":120.0},{"not_picked":["Blizzard","Streamline"],"picked":"SKIP","floor":123.0},{"not_picked":["Stack+1","Ball Lightning"],"picked":"SKIP","floor":124.0},{"not_picked":["Streamline","Reinforced Body"],"picked":"SKIP","floor":125.0},{"not_picked":["Rebound","Turbo"],"picked":"SKIP","floor":127.0},{"not_picked":["Reinforced Body+1","Fission"],"picked":"SKIP","floor":128.0},{"not_picked":["Sunder+1","Double Energy"],"picked":"SKIP","floor":131.0},{"not_picked":["Sweeping Beam","Steam+1"],"picked":"SKIP","floor":132.0},{"not_picked":["Streamline","Reprogram+1"],"picked":"SKIP","floor":133.0},{"not_picked":["Hologram","Compile Driver+1"],"picked":"SKIP","floor":137.0},{"not_picked":["Loop+1","Heatsinks+1"],"picked":"SKIP","floor":139.0},{"not_picked":["Steam","Lockon+1"],"picked":"SKIP","floor":142.0},{"not_picked":["Skim","Compile Driver+1"],"picked":"SKIP","floor":145.0},{"not_picked":["Streamline+1","Stack"],"picked":"SKIP","floor":146.0},{"not_picked":["Defragment+1","Reprogram"],"picked":"SKIP","floor":149.0},{"not_picked":["Rainbow"],"picked":"Hyperbeam+1","floor":152.0},{"not_picked":["Beam Cell+1","Hologram"],"picked":"SKIP","floor":154},{"not_picked":["Steam","Fusion"],"picked":"SKIP","floor":158},{"not_picked":["Redo","White Noise"],"picked":"SKIP","floor":160},{"not_picked":["Tempest"],"picked":"Gash+1","floor":162},{"not_picked":["Streamline+1","Stack"],"picked":"SKIP","floor":164},{"not_picked":["Go for the Eyes+1","Sweeping Beam+1"],"picked":"SKIP","floor":166},{"not_picked":["Compile Driver+1","Sweeping Beam+1"],"picked":"SKIP","floor":167},{"not_picked":["Rip and Tear+1","Heatsinks+1"],"picked":"SKIP","floor":171},{"not_picked":["Hologram"],"picked":"Gash+1","floor":173},{"not_picked":["Coolheaded","Conserve Battery"],"picked":"SKIP","floor":175},{"not_picked":["Streamline+1","Gash+1"],"picked":"SKIP","floor":179},{"not_picked":["Skim","Gash+1"],"picked":"SKIP","floor":182},{"not_picked":["Go for the Eyes+1","Cold Snap+1"],"picked":"SKIP","floor":183},{"not_picked":["Steam+1","Gash+1"],"picked":"SKIP","floor":184}],"player_experience":444415,"relics_obtained":[{"floor":9.0,"key":"Oddly Smooth Stone"},{"floor":12.0,"key":"Bottled Lightning"},{"floor":21.0,"key":"Red Mask"},{"floor":26.0,"key":"Unceasing Top"},{"floor":29.0,"key":"Blood Vial"},{"floor":37.0,"key":"Bird Faced Urn"},{"floor":43.0,"key":"Pen Nib"},{"floor":60.0,"key":"Shovel"},{"floor":62.0,"key":"Ice Cream"},{"floor":66.0,"key":"Sundial"},{"floor":70.0,"key":"Matryoshka"},{"floor":74.0,"key":"Strawberry"},{"floor":79.0,"key":"Gremlin Horn"},{"floor":81.0,"key":"Anchor"},{"floor":104.0,"key":"Odd Mushroom"},{"floor":108.0,"key":"Question Card"},{"floor":110.0,"key":"Lantern"},{"floor":117.0,"key":"Dodecahedron"},{"floor":126.0,"key":"Emotion Chip"},{"floor":136.0,"key":"Boot"},{"floor":136.0,"key":"Molten Egg 2"},{"floor":136.0,"key":"Calipers"},{"floor":147.0,"key":"Torii"},{"floor":159,"key":"Centennial Puzzle"},{"floor":161,"key":"Cables"},{"floor":168,"key":"Smiling Mask"},{"floor":178,"key":"The Courier"},{"floor":180,"key":"MawBank"}],"event_choices":[{"damage_healed":0.0,"max_hp_gain":5.0,"max_hp_loss":0.0,"gold_gain":0.0,"event_name":"Big Fish","player_choice":"Donut","floor":6.0,"gold_loss":0.0,"damage_taken":0.0},{"damage_healed":0.0,"max_hp_gain":0.0,"max_hp_loss":0.0,"gold_gain":0.0,"event_name":"Masked Bandits","player_choice":"Fought Bandits","floor":21.0,"gold_loss":0.0,"damage_taken":0.0},{"damage_healed":0.0,"max_hp_gain":0.0,"max_hp_loss":0.0,"gold_gain":0.0,"event_name":"Accursed Blacksmith","player_choice":"Forge","floor":22.0,"gold_loss":0.0,"damage_taken":0.0,"cards_upgraded":["Reboot"]},{"damage_healed":0.0,"max_hp_gain":0.0,"max_hp_loss":0.0,"gold_gain":0.0,"event_name":"Winding Halls","player_choice":"Embrace Madness","floor":36.0,"gold_loss":0.0,"damage_taken":10.0,"cards_obtained":["Madness","Madness"]},{"damage_healed":0.0,"max_hp_gain":0.0,"max_hp_loss":0.0,"gold_gain":0.0,"event_name":"MindBloom","player_choice":"Fight","floor":37.0,"gold_loss":0.0,"damage_taken":0.0},{"cards_removed":["Madness"],"damage_healed":14.0,"max_hp_gain":0.0,"max_hp_loss":0.0,"gold_gain":0.0,"event_name":"Bonfire Elementals","player_choice":"Offered Uncommon","floor":39.0,"gold_loss":0.0,"damage_taken":0.0},{"cards_removed":["Defend_B"],"damage_healed":0.0,"max_hp_gain":0.0,"max_hp_loss":0.0,"gold_gain":0.0,"event_name":"Falling","player_choice":"Removed Skill","floor":42.0,"gold_loss":0.0,"damage_taken":0.0},{"damage_healed":0.0,"max_hp_gain":0.0,"max_hp_loss":0.0,"gold_gain":0.0,"event_name":"SensoryStone","player_choice":"Memory 1","floor":47.0,"gold_loss":0.0,"damage_taken":0.0},{"damage_healed":0.0,"max_hp_gain":0.0,"max_hp_loss":0.0,"gold_gain":222.0,"event_name":"Tomb of Lord Red Mask","player_choice":"Wore Mask","floor":48.0,"gold_loss":0.0,"damage_taken":0.0},{"damage_healed":0.0,"max_hp_gain":0.0,"max_hp_loss":0.0,"gold_gain":0.0,"event_name":"Scrap Ooze","player_choice":"Success","floor":53.0,"gold_loss":0.0,"damage_taken":7.0,"relics_obtained":["Frozen Egg 2"]},{"damage_healed":0.0,"max_hp_gain":0.0,"max_hp_loss":0.0,"gold_gain":0.0,"event_name":"Liars Game","player_choice":"Ignored","floor":55.0,"gold_loss":0.0,"damage_taken":0.0},{"damage_healed":0.0,"max_hp_gain":0.0,"max_hp_loss":0.0,"gold_gain":0.0,"event_name":"Golden Idol","player_choice":"Take Damage","floor":56.0,"gold_loss":0.0,"damage_taken":20.0,"relics_obtained":["Golden Idol"]},{"damage_healed":0.0,"max_hp_gain":0.0,"max_hp_loss":0.0,"gold_gain":0.0,"event_name":"Lab","player_choice":"Got Potions","floor":58.0,"gold_loss":0.0,"damage_taken":0.0},{"cards_removed":["Defend_B"],"damage_healed":0.0,"max_hp_gain":0.0,"max_hp_loss":0.0,"gold_gain":0.0,"event_name":"The Cleric","player_choice":"Card Removal","floor":64.0,"gold_loss":50.0,"damage_taken":0.0},{"damage_healed":0.0,"max_hp_gain":0.0,"max_hp_loss":0.0,"gold_gain":0.0,"event_name":"Wheel of Change","player_choice":"Relic","floor":70.0,"gold_loss":0.0,"damage_taken":0.0},{"damage_healed":0.0,"max_hp_gain":0.0,"max_hp_loss":0.0,"gold_gain":0.0,"event_name":"The Woman in Blue","player_choice":"Bought 0 Potions","floor":87.0,"gold_loss":0.0,"damage_taken":0.0},{"damage_healed":0.0,"max_hp_gain":0.0,"max_hp_loss":0.0,"gold_gain":0.0,"event_name":"SensoryStone","player_choice":"Memory 1","floor":91.0,"gold_loss":0.0,"damage_taken":0.0},{"cards_removed":["Reboot"],"damage_healed":0.0,"max_hp_gain":0.0,"max_hp_loss":0.0,"gold_gain":0.0,"event_name":"Falling","player_choice":"Removed Skill","floor":92.0,"gold_loss":0.0,"damage_taken":0.0},{"damage_healed":0.0,"max_hp_gain":0.0,"max_hp_loss":0.0,"gold_gain":0.0,"event_name":"Mushrooms","player_choice":"Fought Mushrooms","floor":104.0,"gold_loss":0.0,"damage_taken":0.0},{"damage_healed":0.0,"max_hp_gain":5.0,"max_hp_loss":0.0,"gold_gain":0.0,"event_name":"Big Fish","player_choice":"Donut","floor":105.0,"gold_loss":0.0,"damage_taken":0.0},{"damage_healed":0.0,"max_hp_gain":0.0,"max_hp_loss":0.0,"gold_gain":0.0,"event_name":"Scrap Ooze","player_choice":"Success","floor":116.0,"gold_loss":0.0,"damage_taken":18.0,"relics_obtained":["Omamori"]},{"damage_healed":0.0,"max_hp_gain":0.0,"max_hp_loss":0.0,"gold_gain":0.0,"event_name":"Designer","player_choice":"Upgraded Two","floor":121.0,"gold_loss":40.0,"damage_taken":0.0,"cards_upgraded":["Beam Cell","Reboot"]},{"cards_removed":["Madness"],"damage_healed":0.0,"max_hp_gain":0.0,"max_hp_loss":0.0,"gold_gain":0.0,"event_name":"Beggar","player_choice":"Gave Gold","floor":130.0,"gold_loss":75.0,"damage_taken":0.0},{"damage_healed":0.0,"max_hp_gain":0.0,"max_hp_loss":0.0,"gold_gain":0.0,"event_name":"Mysterious Sphere","player_choice":"Ignored","floor":138.0,"gold_loss":0.0,"damage_taken":0.0},{"damage_healed":0.0,"max_hp_gain":0.0,"max_hp_loss":0.0,"gold_gain":333.0,"event_name":"The Moai Head","player_choice":"Gave Idol","floor":141.0,"relics_lost":["Golden Idol"],"gold_loss":0.0,"damage_taken":0.0},{"damage_healed":0,"gold_gain":0,"player_choice":"Take Damage","damage_taken":30,"relics_obtained":["Golden Idol"],"max_hp_gain":0,"max_hp_loss":0,"event_name":"Golden Idol","floor":155,"gold_loss":0},{"damage_healed":0,"gold_gain":0,"cards_transformed":["Parasite"],"player_choice":"Transformed","damage_taken":0,"max_hp_gain":0,"max_hp_loss":0,"event_name":"Transmorgrifier","floor":156,"gold_loss":0,"cards_obtained":["Writhe"]},{"damage_healed":0,"gold_gain":100,"player_choice":"Pray","damage_taken":0,"max_hp_gain":0,"max_hp_loss":0,"event_name":"Golden Shrine","floor":163,"gold_loss":0},{"damage_healed":0,"gold_gain":0,"player_choice":"Ignored","damage_taken":0,"max_hp_gain":0,"max_hp_loss":0,"event_name":"Beggar","floor":172,"gold_loss":0},{"damage_healed":0,"gold_gain":0,"player_choice":"Ignored","damage_taken":0,"max_hp_gain":0,"max_hp_loss":0,"event_name":"The Mausoleum","floor":174,"gold_loss":0},{"damage_healed":0,"gold_gain":0,"player_choice":"Forge","damage_taken":0,"max_hp_gain":0,"max_hp_loss":0,"event_name":"Accursed Blacksmith","floor":177,"gold_loss":0,"cards_upgraded":["Meteor Strike"]}],"is_beta":false,"boss_relics":[{"not_picked":["Philosopher\u0027s Stone","Coffee Dripper"],"picked":"Busted Crown"},{"not_picked":["Runic Pyramid","Runic Dome"],"picked":"Empty Cage"},{"not_picked":["Orrery","Velvet Choker"],"picked":"Fusion Hammer"},{"not_picked":["Orrery","Runic Pyramid"],"picked":"White Beast Statue"},{"not_picked":["Snecko Eye","Astrolabe"],"picked":"Eternal Feather"},{"not_picked":["FrozenCore","Pandora\u0027s Box"],"picked":"Lizard Tail"},{"not_picked":["Inserter","Ectoplasm","Pandora\u0027s Box"]},{"not_picked":["Tiny House","Cursed Key"],"picked":"Calling Bell"},{"not_picked":["Coffee Dripper","Philosopher\u0027s Stone"],"picked":"Runic Pyramid"},{"not_picked":["Astrolabe","Cursed Key","Snecko Eye"]}],"items_purged_floors":[2,19,38,63,82,95,107,140,165],"is_endless":true,"potions_floor_spawned":[4,8,14,20,24,27,29,33,37,41,46,50,61,65,67,69,71,72,73,75,76,77,80,84,86,88,90,94,96,97,99,101,103,104,106,111,112,113,114,115,118,120,123,124,125,127,128,131,132,133,135,137,139,142,145,146,149,152,154,158,160,162,164,166,167,169,171,173,175,179,181,182,183,184],"killed_by":"Collector","ascension_level":0}