{"gold_per_floor":[114,129,144,144,159,234,234,249,274,30,60,75,75,90,90,190,190,205,220,319,334,334],"floor_reached":22,"playtime":1056,"items_purged":[],"score":190,"play_id":"a9050799-eb06-4170-bc1a-3d8f48c24ff8","local_time":"20180625214922","daily_mods":["Heirloom","Uncertain Future","Terminal"],"is_ascension_mode":false,"campfire_choices":[{"data":"1","floor":7,"key":"LIFT"},{"data":"2","floor":13,"key":"LIFT"},{"floor":15,"key":"REST"}],"neow_cost":"","seed_source_timestamp":0,"circlet_count":0,"master_deck":["Defend_G","Defend_G","Defend_G","Defend_G","Defend_G","Strike_G","Strike_G","Strike_G","Strike_G","Survivor","Neutralize","Backflip","Footwork","Noxious Fumes","Backstab","Deadly Poison","Apotheosis","Calculated Gamble","Blur","Underhanded Strike","Glass Knife","Bullet Time","PiercingWail+1"],"special_seed":17708,"relics":["Ring of the Snake","Girya","Vajra","Dream Catcher","Velvet Choker"],"potions_floor_usage":[],"damage_taken":[{"damage":0,"enemies":"Small Slimes","floor":1,"turns":3},{"damage":0,"enemies":"Cultist","floor":2,"turns":4},{"damage":0,"enemies":"2 Louse","floor":3,"turns":3},{"damage":0,"enemies":"2 Fungi Beasts","floor":5,"turns":6},{"damage":0,"enemies":"Blue Slaver","floor":8,"turns":4},{"damage":2,"enemies":"Gremlin Nob","floor":11,"turns":4},{"damage":14,"enemies":"Gremlin Gang","floor":12,"turns":6},{"damage":0,"enemies":"Lots of Slimes","floor":14,"turns":5},{"damage":13,"enemies":"The Guardian","floor":16,"turns":8},{"damage":18,"enemies":"3 Byrds","floor":18,"turns":6},{"damage":9,"enemies":"Spheric Guardian","floor":19,"turns":4},{"damage":22,"enemies":"Slaver and Parasite","floor":21,"turns":7},{"damage":9,"enemies":"Snake Plant","floor":22,"turns":2}],"seed_played":"3469978400639881341","potions_obtained":[{"floor":1,"key":"Block Potion"},{"floor":2,"key":"Energy Potion"},{"floor":5,"key":"Explosive Potion"}],"is_trial":false,"path_per_floor":["M","M","M","?","M","?","R","M","T","$","E","M","R","M","R","B",null,"M","M","?","M"],"character_chosen":"THE_SILENT","items_purchased":["Apotheosis","Calculated Gamble"],"campfire_rested":1,"item_purchase_floors":[10,10],"current_hp_per_floor":[68,67,66,65,64,53,53,53,53,53,51,37,37,37,53,40,52,34,25,25,3,0],"gold":334,"neow_bonus":"","is_prod":false,"is_daily":true,"chose_seed":false,"campfire_upgraded":0,"win_rate":0,"timestamp":1529977762,"path_taken":["M","M","M","?","?","?","R","M","T","$","E","M","R","M","R","BOSS","M","M","?","?","M"],"build_version":"2018-06-21v2","purchased_purges":0,"victory":false,"max_hp_per_floor":[68,67,66,65,64,63,62,61,60,59,58,57,56,55,54,53,52,51,50,49,48,48],"card_choices":[{"not_picked":["Malaise","Terror"],"picked":"Backflip","floor":1},{"not_picked":["Slice","Flying Knee"],"picked":"Footwork","floor":2},{"not_picked":["Poisoned Stab","Flechettes"],"picked":"Noxious Fumes","floor":3},{"not_picked":["Malaise","Endless Agony"],"picked":"Backstab","floor":5},{"not_picked":["Backflip","Endless Agony"],"picked":"Deadly Poison","floor":8},{"not_picked":["Quick Slash","Outmaneuver"],"picked":"Blur","floor":11},{"not_picked":["Cloak And Dagger","Sucker Punch"],"picked":"Underhanded Strike","floor":12},{"not_picked":["Underhanded Strike","Caltrops","Backstab"],"picked":"SKIP","floor":14},{"not_picked":["Dagger Throw","Riddle With Holes"],"picked":"Glass Knife","floor":15},{"not_picked":["Burst","Unload"],"picked":"Bullet Time","floor":16},{"not_picked":["Dagger Throw","Predator","Slice+1"],"picked":"SKIP","floor":18},{"not_picked":["Calculated Gamble","Dodge and Roll","Prepared"],"picked":"SKIP","floor":19},{"not_picked":["Backflip","Slice"],"picked":"PiercingWail+1","floor":21}],"player_experience":177149,"relics_obtained":[{"floor":9,"key":"Vajra"},{"floor":11,"key":"Dream Catcher"}],"event_choices":[{"event_name":"Bonfire Elementals","player_choice":"BASIC","floor":4,"damage_taken":0},{"event_name":"World of Goop","player_choice":"Gather Gold","floor":6,"damage_taken":0},{"event_name":"Nest","player_choice":"Stole From Cult","floor":20,"damage_taken":0}],"boss_relics":[{"not_picked":["Runic Dome","Sozu"],"picked":"Velvet Choker"}],"items_purged_floors":[],"is_endless":false,"potions_floor_spawned":[1,2,5,12],"killed_by":"Snake Plant","ascension_level":0}