{"gold_per_floor":[116,136,41,191,20,53,53,53,107,107,126,126,126,145,145,145],"floor_reached":16,"playtime":244,"items_purged":[],"score":246,"play_id":"044c5ddf-9f0f-4728-a9a1-c7fefea6d93c","local_time":"20190316220402","is_ascension_mode":true,"campfire_choices":[{"data":"Shockwave","floor":8,"key":"SMITH"},{"data":"Cleave","floor":13,"key":"SMITH"},{"data":"Limit Break","floor":15,"key":"SMITH"}],"neow_cost":"NONE","seed_source_timestamp":86306250816467,"circlet_count":0,"master_deck":["AscendersBane","Strike_R+1","Strike_R","Strike_R","Strike_R","Strike_R","Defend_R","Defend_R+1","Defend_R+1","Defend_R","Bash","Shockwave+1","Cleave+1","Headbutt+1","Metallicize","Limit Break+1","Dropkick"],"relics":["Burning Blood","NeowsBlessing","War Paint","Oddly Smooth Stone","Question Card"],"potions_floor_usage":[11,16],"damage_taken":[{"damage":0,"enemies":"Small Slimes","floor":1,"turns":1},{"damage":0,"enemies":"Jaw Worm","floor":2,"turns":1},{"damage":0,"enemies":"Gremlin Nob","floor":6,"turns":1},{"damage":0,"enemies":"2 Louse","floor":11,"turns":2},{"damage":0,"enemies":"Looter","floor":14,"turns":3},{"damage":52,"enemies":"Hexaghost","floor":16,"turns":11}],"seed_played":"4260681525642657546","potions_obtained":[{"floor":2,"key":"SkillPotion"},{"floor":6,"key":"Fire Potion"},{"floor":11,"key":"BloodPotion"}],"is_trial":false,"path_per_floor":["M","M","$","?","$","E","?","R","T","?","M","?","R","M","R","B"],"character_chosen":"IRONCLAD","items_purchased":["Headbutt","Metallicize","Limit Break"],"campfire_rested":0,"item_purchase_floors":[3,3,5],"current_hp_per_floor":[74,75,75,75,75,75,52,52,52,45,51,46,46,52,52,0],"gold":145,"neow_bonus":"THREE_ENEMY_KILL","is_prod":false,"is_daily":false,"chose_seed":false,"campfire_upgraded":3,"win_rate":0,"timestamp":1552759442,"path_taken":["M","M","$","?","?","E","?","R","T","?","M","?","R","M","R","BOSS"],"build_version":"2019-01-23","purchased_purges":0,"victory":false,"max_hp_per_floor":[75,75,75,75,75,75,75,75,75,75,75,75,75,75,75,75],"card_choices":[{"not_picked":["Anger","Dual Wield"],"picked":"Shockwave","floor":1},{"not_picked":["Corruption","Thunderclap"],"picked":"Cleave","floor":2},{"not_picked":["Evolve","Flex"],"picked":"Dropkick","floor":6},{"not_picked":["Sword Boomerang","Infernal Blade","Iron Wave"],"picked":"SKIP","floor":11},{"not_picked":["Power Through","True Grit","Thunderclap","Headbutt"],"picked":"SKIP","floor":14}],"player_experience":750498,"relics_obtained":[{"floor":6,"key":"War Paint"},{"floor":9,"key":"Oddly Smooth Stone"}],"event_choices":[{"damage_healed":0,"gold_gain":150,"player_choice":"AGREE","damage_taken":0,"max_hp_gain":0,"max_hp_loss":0,"event_name":"Liars Game","floor":4,"gold_loss":0,"cards_obtained":["Doubt"]},{"damage_healed":0,"gold_gain":0,"player_choice":"Entered Light","damage_taken":23,"max_hp_gain":0,"max_hp_loss":0,"event_name":"Shining Light","floor":7,"gold_loss":0,"cards_upgraded":["Headbutt","Strike_R"]},{"cards_removed":["Doubt"],"damage_healed":0,"gold_gain":0,"player_choice":"Card Removal","damage_taken":7,"max_hp_gain":0,"max_hp_loss":0,"event_name":"Golden Wing","floor":10,"gold_loss":0},{"damage_healed":0,"gold_gain":0,"player_choice":"Success","damage_taken":5,"relics_obtained":["Question Card"],"max_hp_gain":0,"max_hp_loss":0,"event_name":"Scrap Ooze","floor":12,"gold_loss":0}],"is_beta":false,"boss_relics":[],"items_purged_floors":[],"is_endless":false,"potions_floor_spawned":[2,6,11],"killed_by":"Hexaghost","ascension_level":20}