{"gold_per_floor":[114,13,13,28,43,43,58,88,113,143,143,158,173,173,173,273,273,288,88,103,103,118,133,163,63,63,78,78,93,123,138,138,138],"floor_reached":33,"playtime":2447,"items_purged":["Corruption","Sever Soul","Sever Soul"],"score":426,"play_id":"1282e86d-e1df-43e6-ac12-ef8489804309","local_time":"20190407020354","daily_mods":["Insanity","Time Dilation","Elite Swarm"],"is_ascension_mode":false,"campfire_choices":[{"data":"Perfected Strike","floor":6,"key":"SMITH"},{"floor":11,"key":"REST"},{"data":"Cleave","floor":15,"key":"SMITH"},{"floor":28,"key":"REST"},{"floor":32,"key":"REST"}],"neow_cost":"","seed_source_timestamp":44082003711753,"circlet_count":0,"master_deck":["Battle Trance","Power Through+1","Armaments","Armaments","Twin Strike","Burning Pact","Wild Strike","Disarm","Sever Soul","Shrug It Off","Warcry","Heavy Blade","Cleave+1","Heavy Blade","Feel No Pain","Clash","Dropkick","Armaments","Warcry","Rupture","Perfected Strike","Body Slam","Perfected Strike+1","Flex","Battle Trance","Anger","Carnage","Iron Wave","Cleave","Reckless Charge","Iron Wave","Twin Strike","Carnage","Cleave","Shrug It Off","Clothesline","Flex","Anger","Second Wind","Warcry","Spot Weakness+1","Shrug It Off","Heavy Blade","Shockwave","Havoc","Flame Barrier","Shrug It Off","Shrug It Off","Shrug It Off","Perfected Strike","Double Tap","Fire Breathing+1","Perfected Strike","Heavy Blade+1"],"special_seed":17993,"relics":["Burning Blood","Red Skull","Anchor","The Courier","Vajra","Oddly Smooth Stone","Gremlin Horn","War Paint"],"potions_floor_usage":[20,23,23,24,33,33],"damage_taken":[{"damage":3,"enemies":"Jaw Worm","floor":1,"turns":2},{"damage":0,"enemies":"Cultist","floor":4,"turns":2},{"damage":0,"enemies":"Small Slimes","floor":5,"turns":2},{"damage":1,"enemies":"2 Fungi Beasts","floor":7,"turns":3},{"damage":16,"enemies":"3 Sentries","floor":8,"turns":6},{"damage":41,"enemies":"Lagavulin","floor":10,"turns":6},{"damage":0,"enemies":"Lots of Slimes","floor":12,"turns":2},{"damage":0,"enemies":"Looter","floor":13,"turns":2},{"damage":16,"enemies":"Slime Boss","floor":16,"turns":7},{"damage":0,"enemies":"Chosen","floor":18,"turns":3},{"damage":34,"enemies":"3 Byrds","floor":20,"turns":5},{"damage":13,"enemies":"Cultist and Chosen","floor":22,"turns":5},{"damage":20,"enemies":"Snecko","floor":23,"turns":4},{"damage":20,"enemies":"Slavers","floor":24,"turns":4},{"damage":15,"enemies":"Snake Plant","floor":27,"turns":3},{"damage":24,"enemies":"Sentry and Sphere","floor":29,"turns":4},{"damage":9,"enemies":"Book of Stabbing","floor":30,"turns":3},{"damage":0,"enemies":"Cultist and Chosen","floor":31,"turns":2},{"damage":53,"enemies":"Collector","floor":33,"turns":4}],"seed_played":"5152671457844222880","potions_obtained":[{"floor":1,"key":"Poison Potion"},{"floor":3,"key":"BloodPotion"},{"floor":3,"key":"LiquidBronze"},{"floor":22,"key":"SkillPotion"},{"floor":29,"key":"Strength Potion"},{"floor":31,"key":"Explosive Potion"}],"is_trial":false,"path_per_floor":["M","$","?","M","M","R","M","E","T","E","R","M","M","?","R","B",null,"M","$","M","?","M","M","E","$","T","M","R","M","E","M","R","B"],"character_chosen":"IRONCLAD","items_purchased":["Shrug It Off","Vajra"],"campfire_rested":3,"item_purchase_floors":[2,19],"current_hp_per_floor":[80,80,80,80,80,80,80,70,70,35,59,65,71,71,71,61,80,80,80,52,52,45,39,25,25,25,16,40,22,19,25,49,0],"gold":138,"neow_bonus":"","is_prod":false,"is_daily":true,"chose_seed":false,"campfire_upgraded":2,"win_rate":0,"timestamp":1554617034,"path_taken":["M","$","?","M","M","R","M","E","T","E","R","M","?","?","R","BOSS","M","?","M","?","M","M","E","$","T","?","R","M","E","M","R","BOSS"],"build_version":"2019-01-23","purchased_purges":3,"victory":false,"max_hp_per_floor":[80,80,80,80,80,80,80,80,80,80,80,80,80,80,80,80,80,80,80,80,80,80,80,80,80,80,80,80,80,80,80,80,80],"card_choices":[{"not_picked":["Clash","Armaments","Disarm"],"picked":"SKIP","floor":1},{"not_picked":["Clash","Armaments","Disarm"],"picked":"SKIP","floor":1},{"not_picked":["Iron Wave","Havoc","Sword Boomerang"],"picked":"SKIP","floor":4},{"not_picked":["Cleave","Shrug It Off","Dual Wield"],"picked":"SKIP","floor":5},{"not_picked":["Cleave","Dual Wield"],"picked":"Shrug It Off","floor":5},{"not_picked":["Anger","Combust","Twin Strike"],"picked":"SKIP","floor":7},{"not_picked":["Limit Break","Reaper","Dark Embrace"],"picked":"SKIP","floor":8},{"not_picked":["Offering","Dark Embrace","Barricade"],"picked":"SKIP","floor":10},{"not_picked":["Thunderclap","Warcry","Perfected Strike"],"picked":"SKIP","floor":12},{"not_picked":["Iron Wave","Rupture"],"picked":"Shrug It Off","floor":13},{"not_picked":["Brutality","Immolate"],"picked":"Double Tap","floor":16},{"not_picked":["Battle Trance","Infernal Blade+1"],"picked":"Fire Breathing+1","floor":18},{"not_picked":["Headbutt","Power Through"],"picked":"Perfected Strike","floor":20},{"not_picked":["Clash+1","Dual Wield","Perfected Strike+1"],"picked":"SKIP","floor":22},{"not_picked":["Shrug It Off","Pommel Strike","Thunderclap"],"picked":"SKIP","floor":23},{"not_picked":["Demon Form","Impervious","Berserk"],"picked":"SKIP","floor":24},{"not_picked":["Sword Boomerang+1","Iron Wave","Thunderclap"],"picked":"SKIP","floor":27},{"not_picked":["Clash","Battle Trance+1","Body Slam"],"picked":"SKIP","floor":29},{"not_picked":["Impervious","Barricade","Fiend Fire"],"picked":"SKIP","floor":30},{"not_picked":["Clothesline+1","Infernal Blade"],"picked":"Heavy Blade+1","floor":31}],"player_experience":458124,"relics_obtained":[{"floor":8,"key":"Red Skull"},{"floor":9,"key":"Anchor"},{"floor":10,"key":"The Courier"},{"floor":24,"key":"Oddly Smooth Stone"},{"floor":26,"key":"Gremlin Horn"},{"floor":30,"key":"War Paint"}],"event_choices":[{"damage_healed":0,"gold_gain":0,"player_choice":"Got Potions","damage_taken":0,"max_hp_gain":0,"max_hp_loss":0,"event_name":"Lab","floor":3,"gold_loss":0},{"damage_healed":0,"gold_gain":0,"cards_transformed":["Dual Wield"],"player_choice":"Transformed","damage_taken":0,"max_hp_gain":0,"max_hp_loss":0,"event_name":"Transmorgrifier","floor":14,"gold_loss":0,"cards_obtained":["Perfected Strike"]},{"damage_healed":0,"gold_gain":0,"player_choice":"Bought 0 Potions","damage_taken":0,"max_hp_gain":0,"max_hp_loss":0,"event_name":"The Woman in Blue","floor":21,"gold_loss":0}],"is_beta":false,"boss_relics":[{"not_picked":["Runic Dome","Coffee Dripper","Philosopher\u0027s Stone"]}],"items_purged_floors":[2,19,25],"is_endless":false,"potions_floor_spawned":[1,5,10,13,18,22,29,31],"killed_by":"Collector","ascension_level":0}