{"gold_per_floor":[115,125,141,155,155,196,196,196,269,269],"floor_reached":10,"playtime":502,"items_purged":[],"score":119,"play_id":"d6671b68-f57f-49c9-b55a-817e02409ce7","local_time":"20190115192039","is_ascension_mode":true,"campfire_choices":[{"data":"Flex","floor":7,"key":"SMITH"}],"neow_cost":"NONE","seed_source_timestamp":319538881551693,"circlet_count":0,"master_deck":["AscendersBane","Strike_R","Strike_R","Strike_R","Strike_R","Strike_R","Defend_R","Defend_R","Defend_R","Defend_R","Bash","Flex+1","Wild Strike","Metallicize","Second Wind","Injury","Intimidate"],"relics":["Burning Blood","Golden Idol","Champion Belt","Kunai","Bottled Lightning"],"potions_floor_usage":[6,10,10],"damage_taken":[{"damage":6,"enemies":"Cultist","floor":1,"turns":3},{"damage":7,"enemies":"Jaw Worm","floor":2,"turns":3},{"damage":0,"enemies":"Small Slimes","floor":3,"turns":3},{"damage":3,"enemies":"2 Fungi Beasts","floor":4,"turns":5},{"damage":43,"enemies":"Lagavulin","floor":6,"turns":8},{"damage":55,"enemies":"Gremlin Nob","floor":10,"turns":6}],"seed_played":"8168242030568696730","potions_obtained":[{"floor":2,"key":"EssenceOfSteel"},{"floor":3,"key":"BloodPotion"},{"floor":6,"key":"Weak Potion"}],"is_trial":false,"path_per_floor":["M","M","M","M","?","E","R","T","T","E"],"character_chosen":"IRONCLAD","items_purchased":[],"campfire_rested":0,"item_purchase_floors":[],"current_hp_per_floor":[75,74,80,82,82,45,45,45,45,0],"gold":269,"neow_bonus":"TEN_PERCENT_HP_BONUS","is_prod":false,"is_daily":false,"chose_seed":false,"campfire_upgraded":1,"win_rate":0,"timestamp":1547608839,"path_taken":["M","M","M","?","?","E","R","?","T","E"],"build_version":"2019-01-10","purchased_purges":0,"victory":false,"max_hp_per_floor":[82,82,82,82,82,82,82,82,82,82],"card_choices":[{"not_picked":["Clash","Intimidate"],"picked":"Flex","floor":1},{"not_picked":["Perfected Strike","Heavy Blade"],"picked":"Wild Strike","floor":2},{"not_picked":["Fire Breathing","Pommel Strike"],"picked":"Metallicize","floor":3},{"not_picked":["Metallicize","Shrug It Off"],"picked":"Second Wind","floor":4},{"not_picked":["Limit Break","Heavy Blade"],"picked":"Intimidate","floor":6}],"player_experience":486270,"relics_obtained":[{"floor":6,"key":"Champion Belt"},{"floor":8,"key":"Kunai"},{"floor":9,"key":"Bottled Lightning"}],"event_choices":[{"damage_healed":0,"gold_gain":0,"player_choice":"Take Wound","damage_taken":0,"relics_obtained":["Golden Idol"],"max_hp_gain":0,"max_hp_loss":0,"event_name":"Golden Idol","floor":5,"gold_loss":0,"cards_obtained":["Injury"]}],"is_beta":false,"boss_relics":[],"items_purged_floors":[],"is_endless":false,"potions_floor_spawned":[2,3,6],"killed_by":"Gremlin Nob","ascension_level":15}