{"gold_per_floor":[114,124,54,71,88,119,119,119,171,184,209,219,7,41,41,41],"floor_reached":16,"playtime":626,"items_purged":["Strike_R"],"score":112,"play_id":"06f6304e-54df-4319-847f-34e804d5febe","local_time":"20180715134524","is_ascension_mode":false,"campfire_choices":[{"floor":8,"key":"REST"},{"floor":15,"key":"REST"}],"neow_cost":"NONE","seed_source_timestamp":99296012541563,"circlet_count":0,"master_deck":["Strike_R","Strike_R","Strike_R","Defend_R","Defend_R","Defend_R+1","Defend_R+1","Searing Blow","Rampage","Blood for Blood","Havoc","Wild Strike","Immolate","Pommel Strike"],"relics":["Burning Blood","Pantograph","Dream Catcher","War Paint","Ancient Tea Set"],"potions_floor_usage":[6],"damage_taken":[{"damage":13,"enemies":"Cultist","floor":1,"turns":6},{"damage":10,"enemies":"Small Slimes","floor":2,"turns":3},{"damage":13,"enemies":"Jaw Worm","floor":4,"turns":3},{"damage":15,"enemies":"Looter","floor":5,"turns":3},{"damage":22,"enemies":"3 Sentries","floor":6,"turns":9},{"damage":11,"enemies":"Blue Slaver","floor":10,"turns":4},{"damage":0,"enemies":"Large Slime","floor":12,"turns":6},{"damage":29,"enemies":"Lagavulin","floor":14,"turns":6},{"damage":81,"enemies":"The Guardian","floor":16,"turns":7}],"seed_played":"-2520735972738863966","potions_obtained":[{"floor":2,"key":"Regen Potion"},{"floor":4,"key":"Regen Potion"},{"floor":6,"key":"Strength Potion"},{"floor":10,"key":"Swift Potion"}],"is_trial":false,"path_per_floor":["M","M","$","M","M","E","?","R","T","M","T","M","$","E","R"],"character_chosen":"IRONCLAD","items_purchased":["Rampage","Immolate"],"campfire_rested":2,"item_purchase_floors":[3,13],"current_hp_per_floor":[73,69,69,62,53,52,52,76,76,71,71,77,77,54,78,0],"gold":41,"neow_bonus":"REMOVE_CARD","is_prod":false,"is_daily":false,"chose_seed":false,"campfire_upgraded":0,"win_rate":0.0,"timestamp":1531676724,"path_taken":["M","?","$","M","M","E","?","R","T","M","?","M","$","E","R","BOSS"],"build_version":"2018-07-12","purchased_purges":1,"victory":false,"max_hp_per_floor":[80,80,80,80,80,80,80,80,80,80,80,80,80,80,80,80],"card_choices":[{"not_picked":["True Grit","Flex","Clash"],"picked":"SKIP","floor":1},{"not_picked":["Disarm","Uppercut"],"picked":"Searing Blow","floor":2},{"not_picked":["Power Through","Intimidate"],"picked":"Blood for Blood","floor":4},{"not_picked":["Searing Blow","Twin Strike"],"picked":"Havoc","floor":5},{"not_picked":["Body Slam","Metallicize"],"picked":"Wild Strike","floor":6},{"not_picked":["Whirlwind","Bloodletting","True Grit"],"picked":"SKIP","floor":10},{"not_picked":["Armaments","Heavy Blade","Sword Boomerang"],"picked":"SKIP","floor":12},{"not_picked":["Immolate","Flex","Dropkick"],"picked":"SKIP","floor":14},{"not_picked":["Ghostly Armor","Warcry"],"picked":"Pommel Strike","floor":15}],"player_experience":252438,"relics_obtained":[{"floor":6,"key":"Pantograph"},{"floor":9,"key":"Dream Catcher"},{"floor":11,"key":"War Paint"},{"floor":14,"key":"Ancient Tea Set"}],"event_choices":[{"event_name":"Living Wall","player_choice":"Forget","floor":7,"damage_taken":0}],"boss_relics":[],"items_purged_floors":[13],"is_endless":false,"potions_floor_spawned":[2,4,6,10],"killed_by":"The Guardian","ascension_level":0}