{"gold_per_floor":[118,130,141,44,61,61,92,123,135,166,178,190,202,247,259,271],"floor_reached":16,"playtime":727,"items_purged":["Strike_G"],"score":112,"play_id":"ebabb644-9b81-4be7-9861-769586e33aea","local_time":"20190210105835","is_ascension_mode":false,"campfire_choices":[{"floor":6,"key":"REST"},{"floor":12,"key":"REST"},{"floor":15,"key":"REST"}],"neow_cost":"NONE","seed_source_timestamp":8720708320319,"circlet_count":0,"master_deck":["Defend_G","Defend_G","Defend_G","Defend_G","Defend_G","Strike_G","Strike_G","Strike_G","Strike_G","Survivor","Neutralize","Cloak And Dagger","Poisoned Stab","Dash","Setup","Quick Slash","Deadly Poison","Infinite Blades"],"relics":["Orrery","MawBank","PreservedInsect","SsserpentHead","Happy Flower"],"potions_floor_usage":[16,16],"damage_taken":[{"damage":0,"enemies":"2 Louse","floor":1,"turns":2},{"damage":1,"enemies":"Cultist","floor":2,"turns":3},{"damage":3,"enemies":"Jaw Worm","floor":3,"turns":3},{"damage":3,"enemies":"Large Slime","floor":5,"turns":6},{"damage":35,"enemies":"3 Sentries","floor":7,"turns":10},{"damage":2,"enemies":"Looter","floor":8,"turns":3},{"damage":15,"enemies":"Lots of Slimes","floor":10,"turns":5},{"damage":20,"enemies":"Lagavulin","floor":14,"turns":5},{"damage":47,"enemies":"The Guardian","floor":16,"turns":9}],"seed_played":"-6485536681779292657","potions_obtained":[{"floor":1,"key":"LiquidBronze"},{"floor":5,"key":"GamblersBrew"},{"floor":8,"key":"FearPotion"}],"is_trial":false,"path_per_floor":["M","M","M","$","M","R","E","M","T","M","$","R","?","E","R","B"],"character_chosen":"THE_SILENT","items_purchased":["Deadly Poison"],"campfire_rested":3,"item_purchase_floors":[4],"current_hp_per_floor":[70,69,66,66,63,70,35,33,33,18,18,39,39,19,40,0],"gold":271,"neow_bonus":"BOSS_RELIC","is_prod":false,"is_daily":false,"chose_seed":false,"campfire_upgraded":0,"win_rate":0,"timestamp":1549814315,"path_taken":["M","M","M","$","M","R","E","M","T","M","$","R","?","E","R","BOSS"],"build_version":"2019-01-23","purchased_purges":1,"victory":false,"max_hp_per_floor":[70,70,70,70,70,70,70,70,70,70,70,70,70,70,70,70],"card_choices":[{"not_picked":["Endless Agony","Dagger Throw"],"picked":"Cloak And Dagger","floor":0},{"not_picked":["Prepared","Bane"],"picked":"Poisoned Stab","floor":0},{"not_picked":["Dagger Spray","Footwork"],"picked":"Dash","floor":0},{"not_picked":["Caltrops","Deadly Poison"],"picked":"Setup","floor":0},{"not_picked":["Venomology","Skewer"],"picked":"Quick Slash","floor":1},{"not_picked":["Bouncing Flask","Prepared","Predator"],"picked":"SKIP","floor":2},{"not_picked":["Sucker Punch","PiercingWail","Malaise"],"picked":"SKIP","floor":3},{"not_picked":["Underhanded Strike","Slice"],"picked":"Infinite Blades","floor":5},{"not_picked":["Accuracy","Outmaneuver","Bane"],"picked":"SKIP","floor":7},{"not_picked":["Dodge and Roll","Backflip","Skewer"],"picked":"SKIP","floor":8},{"not_picked":["Acrobatics","Dash","Dagger Throw"],"picked":"SKIP","floor":10},{"not_picked":["Outmaneuver","Concentrate","Deadly Poison"],"picked":"SKIP","floor":14}],"player_experience":373581,"relics_obtained":[{"floor":7,"key":"MawBank"},{"floor":9,"key":"PreservedInsect"},{"floor":14,"key":"Happy Flower"}],"event_choices":[{"damage_healed":0,"gold_gain":0,"player_choice":"Trade","damage_taken":0,"relics_obtained":["SsserpentHead"],"max_hp_gain":0,"max_hp_loss":0,"event_name":"FaceTrader","floor":13,"gold_loss":0}],"is_beta":false,"boss_relics":[],"items_purged_floors":[4],"is_endless":false,"potions_floor_spawned":[1,5,8],"killed_by":"The Guardian","ascension_level":0}