{"gold_per_floor":[110,110,110,129,205,205,205,205,205,205,64,83,0,18,18,114,114,127,127,127,140,161,161,161],"floor_reached":24,"playtime":1067,"items_purged":[],"score":368,"play_id":"387cc6b7-90f4-4406-8e4e-68e36220ba26","local_time":"20190217173545","is_ascension_mode":true,"campfire_choices":[{"data":"Neutralize","floor":6.0,"key":"SMITH"},{"data":"Caltrops","floor":8.0,"key":"SMITH"},{"data":"Leg Sweep","floor":10.0,"key":"SMITH"},{"data":"Dagger Spray","floor":15.0,"key":"SMITH"},{"floor":23,"key":"REST"}],"neow_cost":"NONE","seed_source_timestamp":103158518076600,"circlet_count":0,"master_deck":["AscendersBane","Defend_G","Defend_G","Defend_G","Defend_G","Defend_G","Strike_G","Strike_G","Strike_G","Strike_G","Survivor","Neutralize+1","Caltrops+1","Blur","Leg Sweep+1","Caltrops+1","Backflip","Skewer","Dagger Spray+1","Backflip","Footwork+1","Burst","Dagger Spray","Escape Plan+1","Cloak And Dagger"],"special_seed":0,"relics":["Ring of the Snake","NeowsBlessing","Golden Idol","Frozen Egg 2","Sundial","Letter Opener","Sozu"],"potions_floor_usage":[16,19],"damage_taken":[{"damage":0.0,"enemies":"Small Slimes","floor":1.0,"turns":1.0},{"damage":0.0,"enemies":"Jaw Worm","floor":4.0,"turns":1.0},{"damage":0.0,"enemies":"2 Louse","floor":12.0,"turns":1.0},{"damage":3.0,"enemies":"Looter","floor":14.0,"turns":4.0},{"damage":17,"enemies":"The Guardian","floor":16,"turns":11},{"damage":14,"enemies":"Chosen","floor":18,"turns":6},{"damage":13,"enemies":"Colosseum Slavers","floor":19,"turns":4},{"damage":27,"enemies":"2 Thieves","floor":21,"turns":4},{"damage":3,"enemies":"Snecko","floor":22,"turns":7},{"damage":36,"enemies":"Gremlin Leader","floor":24,"turns":6}],"seed_played":"7122114257903483047","potions_obtained":[{"floor":12.0,"key":"Strength Potion"},{"floor":16,"key":"FearPotion"}],"is_trial":false,"path_per_floor":["M","?","?","M","T","R","?","R","T","R","$","M","$","M","R","B",null,"M","?","?","M","M","R","E"],"character_chosen":"THE_SILENT","items_purchased":["Caltrops+1","Backflip","Dagger Spray","Backflip"],"campfire_rested":1,"item_purchase_floors":[11,11,13,13],"current_hp_per_floor":[59,59,48,48,48,48,48,48,48,48,48,48,48,45,45,28,52,38,25,37,10,7,25,0],"gold":161,"neow_bonus":"THREE_ENEMY_KILL","is_prod":false,"is_daily":false,"chose_seed":false,"campfire_upgraded":4,"win_rate":0,"timestamp":1550453745,"path_taken":["M","?","?","M","?","R","?","R","T","R","?","?","$","M","R","BOSS","M","?","?","M","M","R","E"],"build_version":"2019-02-06","purchased_purges":0,"victory":false,"max_hp_per_floor":[66,60,60,60,60,60,60,60,60,60,60,60,60,60,60,60,60,60,60,60,60,60,60,60],"card_choices":[{"not_picked":["Acrobatics","Prepared"],"picked":"Caltrops","floor":1.0},{"not_picked":["Skewer","Backflip"],"picked":"Blur","floor":4.0},{"not_picked":["Backstab","Setup"],"picked":"Skewer","floor":12.0},{"not_picked":["PiercingWail","Dagger Throw"],"picked":"Footwork+1","floor":14.0},{"not_picked":["Night Terror","Envenom+1"],"picked":"Burst","floor":16},{"not_picked":["Distraction","Sucker Punch"],"picked":"Dagger Spray","floor":18},{"not_picked":["Dagger Spray","Flying Knee"],"picked":"Escape Plan+1","floor":21},{"not_picked":["Acrobatics","Underhanded Strike+1"],"picked":"Cloak And Dagger","floor":22}],"player_experience":3283982,"relics_obtained":[{"floor":5.0,"key":"Sundial"},{"floor":9.0,"key":"Letter Opener"}],"event_choices":[{"damage_healed":0.0,"max_hp_gain":0.0,"max_hp_loss":6.0,"gold_gain":0.0,"event_name":"Golden Idol","player_choice":"Lose Max HP","floor":2.0,"gold_loss":0.0,"damage_taken":0.0,"relics_obtained":["Golden Idol"]},{"damage_healed":0.0,"max_hp_gain":0.0,"max_hp_loss":0.0,"gold_gain":0.0,"event_name":"Scrap Ooze","player_choice":"Success","floor":3.0,"gold_loss":0.0,"damage_taken":11.0,"relics_obtained":["Frozen Egg 2"]},{"damage_healed":0.0,"max_hp_gain":0.0,"max_hp_loss":0.0,"gold_gain":0.0,"cards_transformed":["Strike_G"],"event_name":"Living Wall","player_choice":"Change","floor":7.0,"gold_loss":0.0,"damage_taken":0.0,"cards_obtained":["Leg Sweep"]},{"damage_healed":0,"gold_gain":0,"player_choice":"Fight","damage_taken":0,"max_hp_gain":0,"max_hp_loss":0,"event_name":"Colosseum","floor":19,"gold_loss":0},{"damage_healed":0,"gold_gain":0,"player_choice":"Fled From Nobs","damage_taken":0,"max_hp_gain":0,"max_hp_loss":0,"event_name":"Colosseum","floor":19,"gold_loss":0},{"damage_healed":12,"gold_gain":0,"player_choice":"Heal","damage_taken":0,"max_hp_gain":0,"max_hp_loss":0,"event_name":"The Library","floor":20,"gold_loss":0}],"is_beta":true,"boss_relics":[{"not_picked":["WristBlade","Eternal Feather"],"picked":"Sozu"}],"items_purged_floors":[],"is_endless":false,"potions_floor_spawned":[12,16,19,22],"killed_by":"Gremlin Leader","ascension_level":20}