{"gold_per_floor":[217,229,17,32,32,32,47,80,125,157,100,117,117,27,27,101,101,116,116,132,132,150,150,183,183,208,218,245,258,258,25,25,25],"floor_reached":33,"playtime":2332,"items_purged":["Decay"],"score":665,"play_id":"a64093d4-b358-4d72-aefb-5da68c282c52","local_time":"20190204020307","is_ascension_mode":true,"campfire_choices":[{"data":"Terror","floor":6,"key":"SMITH"},{"data":"Bullet Time","floor":13,"key":"SMITH"},{"data":"Backflip","floor":15,"key":"SMITH"},{"data":"Glass Knife","floor":23,"key":"SMITH"},{"data":"Glass Knife","floor":25,"key":"SMITH"},{"data":"Footwork","floor":30,"key":"SMITH"},{"data":"Die Die Die","floor":32,"key":"SMITH"}],"neow_cost":"NONE","seed_source_timestamp":822002386991400,"circlet_count":0,"master_deck":["AscendersBane","Defend_G","Defend_G","Defend_G","Defend_G","Survivor","Neutralize","Dagger Throw","Backflip+1","Quick Slash","Acrobatics","Terror+1","PiercingWail","Die Die Die+1","Bullet Time+1","Underhanded Strike","Well Laid Plans","Glass Knife+1","Leg Sweep+1","Prepared+1","Bouncing Flask+1","Backflip+1","Bite","Bite","Bite","Bite","Bite","Flying Knee","Footwork+1","Glass Knife+1","Cloak And Dagger+1"],"relics":["Ring of the Snake","Tiny Chest","Sundial","Anchor","Lantern","Astrolabe","FaceOfCleric","Nunchaku","Potion Belt","Bottled Tornado","Art of War"],"potions_floor_usage":[8,10,18,24,24,33],"damage_taken":[{"damage":1,"enemies":"Cultist","floor":1,"turns":4},{"damage":4,"enemies":"Small Slimes","floor":2,"turns":5},{"damage":1,"enemies":"2 Louse","floor":4,"turns":4},{"damage":1,"enemies":"2 Fungi Beasts","floor":7,"turns":3},{"damage":8,"enemies":"Gremlin Nob","floor":8,"turns":3},{"damage":12,"enemies":"3 Sentries","floor":10,"turns":10},{"damage":0,"enemies":"Red Slaver","floor":12,"turns":2},{"damage":23,"enemies":"The Guardian","floor":16,"turns":12},{"damage":2,"enemies":"3 Byrds","floor":18,"turns":4},{"damage":0,"enemies":"Chosen","floor":20,"turns":4},{"damage":16,"enemies":"Snecko","floor":22,"turns":5},{"damage":0,"enemies":"Gremlin Leader","floor":24,"turns":5},{"damage":0,"enemies":"Snake Plant","floor":27,"turns":3},{"damage":11,"enemies":"Book of Stabbing","floor":28,"turns":4},{"damage":2,"enemies":"Cultist and Chosen","floor":29,"turns":5},{"damage":62,"enemies":"Collector","floor":33,"turns":7}],"seed_played":"-7363868866183117471","potions_obtained":[{"floor":1,"key":"GhostInAJar"},{"floor":7,"key":"AttackPotion"},{"floor":12,"key":"Explosive Potion"},{"floor":16,"key":"Energy Potion"},{"floor":22,"key":"SkillPotion"},{"floor":29,"key":"EssenceOfSteel"}],"is_trial":false,"path_per_floor":["M","M","$","M","?","R","M","E","T","E","?","M","R","$","R","B",null,"M","?","M","?","M","R","E","R","T","M","E","M","R","$","R","B"],"character_chosen":"THE_SILENT","items_purchased":["Tiny Chest","Quick Slash","Acrobatics","Well Laid Plans","Art of War"],"campfire_rested":0,"item_purchase_floors":[3,3,3,14,31],"current_hp_per_floor":[58,54,54,53,53,53,52,44,44,32,32,32,32,32,32,9,52,50,46,46,46,39,39,48,48,48,49,43,50,50,50,50,0],"gold":25,"neow_bonus":"HUNDRED_GOLD","is_prod":false,"is_daily":false,"chose_seed":false,"campfire_upgraded":7,"win_rate":0,"timestamp":1549274587,"path_taken":["M","M","$","?","?","R","?","E","T","E","?","M","R","$","R","BOSS","M","?","M","?","?","R","E","R","T","M","E","?","R","$","R","BOSS"],"build_version":"2019-01-23","purchased_purges":1,"victory":false,"max_hp_per_floor":[66,66,66,66,66,66,66,66,66,66,66,66,66,66,66,66,66,66,46,46,46,47,47,48,48,48,49,50,51,51,51,51,51],"card_choices":[{"not_picked":["Bane","Blade Dance"],"picked":"Dagger Throw","floor":1},{"not_picked":["Quick Slash","Dagger Throw"],"picked":"Backflip","floor":2},{"not_picked":["Cloak And Dagger","Dagger Throw"],"picked":"Terror","floor":4},{"not_picked":["Expertise","Bane"],"picked":"PiercingWail","floor":7},{"not_picked":["PiercingWail","Cloak And Dagger"],"picked":"Die Die Die","floor":8},{"not_picked":["Sucker Punch","Poisoned Stab"],"picked":"Bullet Time","floor":10},{"not_picked":["Sucker Punch","Expertise"],"picked":"Underhanded Strike","floor":12},{"not_picked":["Grand Finale","Die Die Die"],"picked":"Glass Knife","floor":16},{"not_picked":["Outmaneuver","Eviscerate"],"picked":"Backflip+1","floor":18},{"not_picked":["Dagger Throw","Cloak And Dagger"],"picked":"Flying Knee","floor":20},{"not_picked":["Backstab","Infinite Blades"],"picked":"Footwork","floor":22},{"not_picked":["Deadly Poison+1","Bane"],"picked":"Glass Knife","floor":24},{"not_picked":["Concentrate","Bane","Blade Dance"],"picked":"SKIP","floor":27},{"not_picked":["Prepared","Dash","Reflex"],"picked":"SKIP","floor":28},{"not_picked":["All Out Attack","Terror"],"picked":"Cloak And Dagger+1","floor":29}],"player_experience":3284993,"relics_obtained":[{"floor":8,"key":"Sundial"},{"floor":9,"key":"Anchor"},{"floor":10,"key":"Lantern"},{"floor":24,"key":"Nunchaku"},{"floor":26,"key":"Potion Belt"},{"floor":28,"key":"Bottled Tornado"}],"event_choices":[{"damage_healed":0,"gold_gain":0,"player_choice":"Cursed","damage_taken":0,"max_hp_gain":0,"max_hp_loss":0,"event_name":"Wheel of Change","floor":5,"gold_loss":0,"cards_obtained":["Decay"]},{"damage_healed":0,"gold_gain":0,"player_choice":"Left Gold","damage_taken":0,"max_hp_gain":0,"max_hp_loss":0,"event_name":"World of Goop","floor":11,"gold_loss":57},{"damage_healed":0,"gold_gain":0,"player_choice":"Became a vampire","damage_taken":0,"max_hp_gain":0,"max_hp_loss":20,"event_name":"Vampires","floor":19,"gold_loss":0,"cards_obtained":["Bite","Bite","Bite","Bite","Bite"]},{"damage_healed":0,"gold_gain":0,"player_choice":"Trade","damage_taken":0,"relics_obtained":["FaceOfCleric"],"max_hp_gain":0,"max_hp_loss":0,"event_name":"FaceTrader","floor":21,"gold_loss":0}],"is_beta":true,"boss_relics":[{"not_picked":["Snecko Eye","Calling Bell"],"picked":"Astrolabe"}],"items_purged_floors":[31],"is_endless":false,"potions_floor_spawned":[1,7,12,16,22,29],"killed_by":"Collector","ascension_level":20}