{"gold_per_floor":[12,12,28,43,57,57,91,91,137,137,152,163,188,198,198,198],"floor_reached":16,"playtime":827,"items_purged":[],"score":217,"play_id":"c90da843-c39b-45be-ad94-59f528c57db9","local_time":"20190417122032","is_ascension_mode":true,"campfire_choices":[{"data":"Zap","floor":6.0,"key":"SMITH"},{"floor":8.0,"key":"REST"},{"data":"Reinforced Body","floor":10.0,"key":"SMITH"},{"data":"Coolheaded","floor":15,"key":"SMITH"}],"neow_cost":"NO_GOLD","seed_source_timestamp":8705048790379,"circlet_count":0,"master_deck":["AscendersBane","Strike_B","Strike_B","Defend_B","Defend_B","Defend_B","Zap+1","Dualcast","Self Repair","Glacier","Reinforced Body+1","Skim","Ball Lightning","Coolheaded+1","Cold Snap","Genetic Algorithm","Hologram"],"special_seed":0,"relics":["Cracked Core","The Courier","Boot","PreservedInsect"],"potions_floor_usage":[12],"damage_taken":[{"damage":6.0,"enemies":"Jaw Worm","floor":1.0,"turns":4.0},{"damage":2.0,"enemies":"Cultist","floor":3.0,"turns":4.0},{"damage":3.0,"enemies":"2 Louse","floor":4.0,"turns":3.0},{"damage":9.0,"enemies":"Blue Slaver","floor":5.0,"turns":5.0},{"damage":59.0,"enemies":"Gremlin Nob","floor":7.0,"turns":5.0},{"damage":6.0,"enemies":"3 Louse","floor":11.0,"turns":3.0},{"damage":11,"enemies":"Large Slime","floor":12,"turns":7},{"damage":14,"enemies":"3 Sentries","floor":13,"turns":10},{"damage":8,"enemies":"Gremlin Gang","floor":14,"turns":6},{"damage":25,"enemies":"Hexaghost","floor":16,"turns":11}],"seed_played":"-8354065080443840048","potions_obtained":[{"floor":1.0,"key":"Dexterity Potion"},{"floor":5.0,"key":"PowerPotion"},{"floor":7.0,"key":"Ancient Potion"},{"floor":11,"key":"Regen Potion"},{"floor":14,"key":"FearPotion"}],"is_trial":false,"path_per_floor":["M","?","M","M","M","R","E","R","T","R","M","M","E","M","R","B"],"character_chosen":"DEFECT","items_purchased":[],"campfire_rested":1,"item_purchase_floors":[],"current_hp_per_floor":[58,58,63,67,65,65,13,34,34,34,28,39,32,24,24,0],"gold":198,"neow_bonus":"REMOVE_TWO","is_prod":false,"is_daily":false,"chose_seed":false,"campfire_upgraded":3,"win_rate":0,"timestamp":1555471232,"path_taken":["M","?","M","M","M","R","E","R","T","R","M","?","E","M","R","BOSS"],"build_version":"2019-01-23","purchased_purges":0,"victory":false,"max_hp_per_floor":[71,71,71,71,71,71,71,71,71,71,71,71,71,71,71,71],"card_choices":[{"not_picked":["Steam","Stack"],"picked":"Self Repair","floor":1.0},{"not_picked":["Go for the Eyes","Compile Driver"],"picked":"Glacier","floor":3.0},{"not_picked":["Rebound","Sunder"],"picked":"Reinforced Body","floor":4.0},{"not_picked":["Leap","Beam Cell"],"picked":"Skim","floor":5.0},{"not_picked":["Amplify","Gash"],"picked":"Ball Lightning","floor":7.0},{"not_picked":["Cold Snap","Streamline"],"picked":"Coolheaded","floor":11},{"not_picked":["Glacier","Heatsinks"],"picked":"Cold Snap","floor":12},{"not_picked":["Streamline","Beam Cell"],"picked":"Genetic Algorithm","floor":13},{"not_picked":["Steam Power","Redo"],"picked":"Hologram","floor":14}],"player_experience":602965,"relics_obtained":[{"floor":7.0,"key":"The Courier"},{"floor":9.0,"key":"Boot"},{"floor":13,"key":"PreservedInsect"}],"event_choices":[{"cards_removed":["Strike_B"],"damage_healed":0.0,"max_hp_gain":0.0,"max_hp_loss":0.0,"gold_gain":0.0,"event_name":"Wheel of Change","player_choice":"Card Removal","floor":2.0,"gold_loss":0.0,"damage_taken":0.0}],"is_beta":false,"boss_relics":[],"items_purged_floors":[],"is_endless":false,"potions_floor_spawned":[1,5,7,11,14],"killed_by":"Hexaghost","ascension_level":18}