{"gold_per_floor":[112,126,401,419,344,379,389,389,389,404,404,431,451,481,481,481],"floor_reached":16,"playtime":601,"items_purged":["Regret"],"score":232,"play_id":"3c0b2b21-c9c7-43eb-9b51-fef027b18c84","local_time":"20190329095346","is_ascension_mode":true,"campfire_choices":[{"floor":11,"key":"REST"},{"floor":15,"key":"REST"}],"neow_cost":"NONE","seed_source_timestamp":197566470143037,"circlet_count":0,"master_deck":["AscendersBane","Strike_R","Strike_R","Strike_R","Strike_R","Strike_R","Defend_R","Defend_R","Defend_R","Defend_R","Bash","Cleave","Disarm","Whirlwind","Warcry","Immolate+1","Shrug It Off","Shrug It Off","Dropkick"],"relics":["Burning Blood","NeowsBlessing","Smiling Mask","Bag of Marbles","Dodecahedron","Ice Cream"],"potions_floor_usage":[6,6,12,12],"damage_taken":[{"damage":0,"enemies":"Cultist","floor":1,"turns":1},{"damage":0,"enemies":"Jaw Worm","floor":2,"turns":1},{"damage":0,"enemies":"2 Louse","floor":4,"turns":1},{"damage":40,"enemies":"3 Sentries","floor":6,"turns":7},{"damage":23,"enemies":"Gremlin Gang","floor":7,"turns":4},{"damage":2,"enemies":"Looter","floor":10,"turns":3},{"damage":32,"enemies":"Lagavulin","floor":12,"turns":8},{"damage":0,"enemies":"2 Fungi Beasts","floor":13,"turns":1},{"damage":27,"enemies":"Gremlin Nob","floor":14,"turns":4},{"damage":33,"enemies":"The Guardian","floor":16,"turns":12}],"seed_played":"-7246784364729975011","potions_obtained":[{"floor":2,"key":"Fire Potion"},{"floor":4,"key":"Swift Potion"},{"floor":6,"key":"Poison Potion"},{"floor":10,"key":"EssenceOfSteel"}],"is_trial":false,"path_per_floor":["M","M","?","M","$","E","M","?","T","M","R","E","M","E","R","B"],"character_chosen":"IRONCLAD","items_purchased":[],"campfire_rested":2,"item_purchase_floors":[],"current_hp_per_floor":[74,75,75,75,75,41,24,24,24,28,50,24,30,9,31,0],"gold":481,"neow_bonus":"THREE_ENEMY_KILL","is_prod":false,"is_daily":false,"chose_seed":false,"campfire_upgraded":0,"win_rate":0,"timestamp":1553878426,"path_taken":["M","?","?","?","$","E","M","?","T","M","R","E","?","E","R","BOSS"],"build_version":"2019-01-23","purchased_purges":1,"victory":false,"max_hp_per_floor":[75,75,75,75,75,75,75,75,75,75,75,75,75,75,75,75],"card_choices":[{"not_picked":["Battle Trance","Dual Wield"],"picked":"Cleave","floor":1},{"not_picked":["Rampage","Clash"],"picked":"Disarm","floor":2},{"not_picked":["Thunderclap","Body Slam"],"picked":"Whirlwind","floor":4},{"not_picked":["Heavy Blade","Iron Wave"],"picked":"Warcry","floor":6},{"not_picked":["Armaments","Pommel Strike"],"picked":"Immolate","floor":7},{"not_picked":["Twin Strike","Thunderclap"],"picked":"Shrug It Off","floor":10},{"not_picked":["Entrench","Thunderclap","Anger"],"picked":"SKIP","floor":12},{"not_picked":["Evolve","Barricade"],"picked":"Shrug It Off","floor":13},{"not_picked":["Pummel","Clash"],"picked":"Dropkick","floor":14}],"player_experience":635201,"relics_obtained":[{"floor":6,"key":"Smiling Mask"},{"floor":9,"key":"Bag of Marbles"},{"floor":12,"key":"Dodecahedron"},{"floor":14,"key":"Ice Cream"}],"event_choices":[{"damage_healed":0,"gold_gain":275,"player_choice":"Desecrate","damage_taken":0,"max_hp_gain":0,"max_hp_loss":0,"event_name":"Golden Shrine","floor":3,"gold_loss":0,"cards_obtained":["Regret"]},{"damage_healed":0,"gold_gain":0,"player_choice":"Upgraded","damage_taken":0,"max_hp_gain":0,"max_hp_loss":0,"event_name":"Upgrade Shrine","floor":8,"gold_loss":0,"cards_upgraded":["Immolate"]}],"is_beta":false,"boss_relics":[],"items_purged_floors":[5],"is_endless":false,"potions_floor_spawned":[2,4,6,10],"killed_by":"The Guardian","ascension_level":18}