{"path_per_floor":["M","M","?","M","M","R","M","$","T","M","R","?","R","M","R","B",null,"M","?","?"],"character_chosen":"IRONCLAD","items_purchased":["Bandage Up"],"gold_per_floor":[114,134,134,154,166,166,176,83,83,101,101,101,101,126,126,251,251,241,241,241,241],"floor_reached":21,"campfire_rested":3,"playtime":1647,"item_purchase_floors":[8],"current_hp_per_floor":[75,80,80,80,68,80,66,66,66,37,61,61,80,80,80,29,80,60,60,60,0],"items_purged":[],"gold":241,"score":171,"play_id":"911378be-d373-4dd5-a036-ff40285c5e59","local_time":"20180614154538","is_prod":false,"is_daily":false,"chose_seed":false,"is_ascension_mode":false,"campfire_upgraded":1,"win_rate":0.0,"timestamp":1529005538,"campfire_choices":[{"floor":6,"key":"REST"},{"floor":11,"key":"REST"},{"floor":13,"key":"REST"},{"data":"Bash","floor":15,"key":"SMITH"}],"path_taken":["M","M","?","M","M","R","M","$","T","M","R","?","R","M","R","BOSS","M","?","?","?"],"build_version":"2018-06-07v3","seed_source_timestamp":114746525289468,"purchased_purges":0,"victory":false,"master_deck":["Strike_R","Strike_R","Strike_R+1","Defend_R","Defend_R","Defend_R","Bash+1","Iron Wave","Pommel Strike+1","Sword Boomerang","Shrug It Off","Headbutt+1","Bandage Up","Berserk","Pommel Strike","Reaper","Armaments+1","Fiend Fire+1","Pommel Strike"],"max_hp_per_floor":[80,80,80,80,80,80,80,80,80,80,80,80,80,80,80,80,80,80,80,80,80],"relics":["Burning Blood","Whetstone","Golden Idol","Astrolabe"],"card_choices":[{"not_picked":["Flex","Anger"],"picked":"Iron Wave","floor":1},{"not_picked":["Clash","Body Slam"],"picked":"Pommel Strike","floor":2},{"not_picked":["Perfected Strike","True Grit"],"picked":"Sword Boomerang","floor":4},{"not_picked":["Thunderclap","Body Slam"],"picked":"Shrug It Off","floor":5},{"not_picked":["Fire Breathing","Anger"],"picked":"Headbutt","floor":7},{"not_picked":["Pummel","Perfected Strike"],"picked":"Berserk","floor":10},{"not_picked":["Anger","Warcry"],"picked":"Pommel Strike","floor":14},{"not_picked":["Berserk","Barricade"],"picked":"Reaper","floor":16},{"not_picked":["Warcry","Power Through"],"picked":"Pommel Strike","floor":18}],"player_experience":6654,"potions_floor_usage":[21,21,21],"damage_taken":[{"damage":11,"enemies":"Jaw Worm","floor":1,"turns":4},{"damage":1,"enemies":"Cultist","floor":2,"turns":3},{"damage":1,"enemies":"2 Louse","floor":4,"turns":3},{"damage":18,"enemies":"Exordium Thugs","floor":5,"turns":6},{"damage":20,"enemies":"3 Louse","floor":7,"turns":3},{"damage":39,"enemies":"Gremlin Gang","floor":10,"turns":6},{"damage":5,"enemies":"Looter","floor":14,"turns":3},{"damage":61,"enemies":"Slime Boss","floor":16,"turns":9},{"damage":40,"enemies":"2 Thieves","floor":18,"turns":4},{"damage":93,"floor":21,"turns":5}],"relics_obtained":[{"floor":9,"key":"Whetstone"}],"event_choices":[{"event_name":"Upgrade Shrine","player_choice":"Upgraded","floor":3,"damage_taken":0},{"event_name":"Golden Idol","player_choice":"Take Wound","floor":12,"damage_taken":0},{"event_name":"The Woman in Blue","player_choice":"Bought 0 Potions","floor":19,"damage_taken":0},{"event_name":"Purifier","player_choice":"One Purge","floor":20,"damage_taken":0},{"event_name":"Masked Bandits","player_choice":"Fought over 241 gold","floor":21,"damage_taken":0}],"boss_relics":[{"not_picked":["Runic Pyramid","Mark of Pain"],"picked":"Astrolabe"}],"items_purged_floors":[],"potions_floor_spawned":[2,4,14,16],"seed_played":"1307095069479806604","ascension_level":0,"potions_obtained":[{"floor":2,"key":"Ancient Potion"},{"floor":4,"key":"LiquidBronze"},{"floor":14,"key":"Dexterity Potion"},{"floor":16,"key":"SteroidPotion"}],"is_trial":false}