{"gold_per_floor":[119,137,151,167,186,186,215,231,258,276,296,296,309,325,325,420,420,434,454,466,466,466,466,466,319,319,319],"floor_reached":27,"playtime":776,"items_purged":[],"score":221,"play_id":"3eeb191e-19c7-400c-b210-21db902e1849","local_time":"20180717221847","is_ascension_mode":false,"campfire_choices":[{"floor":6,"key":"REST"},{"floor":12,"key":"REST"},{"floor":15,"key":"REST"},{"data":"Ball Lightning","floor":23,"key":"SMITH"}],"neow_cost":"NONE","seed_source_timestamp":55741027743339,"circlet_count":0,"master_deck":["Strike_B","Strike_B","Strike_B","Strike_B","Defend_B","Defend_B","Defend_B","Defend_B","Zap","Dualcast","Ball Lightning+1","Leap","Tempest","Static Discharge","Ball Lightning","Injury","Electrodynamics","Injury"],"relics":["Cursed Key","Ancient Tea Set","Strawberry","Eternal Feather","Peace Pipe"],"potions_floor_usage":[],"damage_taken":[{"damage":0,"enemies":"Cultist","floor":1,"turns":4},{"damage":3,"enemies":"2 Louse","floor":2,"turns":3},{"damage":1,"enemies":"Jaw Worm","floor":3,"turns":3},{"damage":18,"enemies":"Gremlin Gang","floor":4,"turns":4},{"damage":6,"enemies":"3 Louse","floor":5,"turns":3},{"damage":17,"enemies":"3 Sentries","floor":7,"turns":6},{"damage":10,"enemies":"Looter","floor":8,"turns":2},{"damage":9,"enemies":"2 Fungi Beasts","floor":10,"turns":3},{"damage":7,"enemies":"Red Slaver","floor":11,"turns":3},{"damage":0,"enemies":"Large Slime","floor":13,"turns":3},{"damage":1,"enemies":"Looter","floor":14,"turns":2},{"damage":36,"enemies":"The Guardian","floor":16,"turns":7},{"damage":17,"enemies":"Spheric Guardian","floor":18,"turns":3},{"damage":29,"enemies":"Shell Parasite","floor":19,"turns":4},{"damage":21,"enemies":"Snecko","floor":20,"turns":4},{"damage":32,"enemies":"Centurion and Healer","floor":27,"turns":3}],"seed_played":"-8622696661704405216","potions_obtained":[{"floor":3,"key":"Ancient Potion"},{"floor":4,"key":"Dexterity Potion"},{"floor":10,"key":"EssenceOfSteel"}],"is_trial":false,"path_per_floor":["M","M","M","M","M","R","E","M","T","M","M","R","M","M","R","B",null,"M","M","M","?","?","R","?","$","T"],"character_chosen":"DEFECT","items_purchased":["Electrodynamics"],"campfire_rested":3,"item_purchase_floors":[25],"current_hp_per_floor":[75,72,71,53,47,69,52,42,49,40,33,57,57,56,80,44,82,65,36,15,42,42,48,32,32,32,0],"gold":319,"neow_bonus":"BOSS_RELIC","is_prod":false,"is_daily":false,"chose_seed":false,"campfire_upgraded":1,"win_rate":0.0,"timestamp":1531880327,"path_taken":["M","?","M","M","?","R","E","M","T","?","M","R","M","M","R","BOSS","M","M","M","?","?","R","?","?","T","M"],"build_version":"2018-07-12","purchased_purges":0,"victory":false,"max_hp_per_floor":[75,75,75,75,75,75,75,75,82,82,82,82,82,82,82,82,82,82,82,82,82,82,82,87,87,87,87],"card_choices":[{"not_picked":["Coolheaded","FTL"],"picked":"Ball Lightning","floor":1},{"not_picked":["Beam Cell","Stack"],"picked":"Leap","floor":2},{"not_picked":["Conserve Battery","Static Discharge"],"picked":"Tempest","floor":3},{"not_picked":["Rebound","Go for the Eyes"],"picked":"Static Discharge","floor":4},{"not_picked":["Leap","Scrape","Stack"],"picked":"SKIP","floor":5},{"not_picked":["Core Surge","Fusion"],"picked":"Ball Lightning","floor":7},{"not_picked":["Sunder","Double Energy","Skim"],"picked":"SKIP","floor":8},{"not_picked":["Reinforced Body","Static Discharge","Double Energy"],"picked":"SKIP","floor":10},{"not_picked":["Steam","Conserve Battery","Blizzard"],"picked":"SKIP","floor":11},{"not_picked":["White Noise","Coolheaded","Go for the Eyes"],"picked":"SKIP","floor":13},{"not_picked":["Coolheaded","Leap","Loop"],"picked":"SKIP","floor":14},{"not_picked":["Sweeping Beam+1","Storm","Chaos"],"picked":"SKIP","floor":18},{"not_picked":["Static Discharge","Reinforced Body","Turbo"],"picked":"SKIP","floor":19},{"not_picked":["Cold Snap","Sweeping Beam+1","Coolheaded"],"picked":"SKIP","floor":20}],"player_experience":267724,"relics_obtained":[{"floor":7,"key":"Ancient Tea Set"},{"floor":9,"key":"Strawberry"},{"floor":26,"key":"Peace Pipe"}],"event_choices":[{"event_name":"The Library","player_choice":"Heal","floor":21,"damage_taken":0},{"event_name":"Addict","player_choice":"Ignored","floor":22,"damage_taken":0},{"event_name":"Forgotten Altar","player_choice":"Shed Blood","floor":24,"damage_taken":0}],"boss_relics":[{"not_picked":["Black Star","Runic Dome"],"picked":"Eternal Feather"}],"items_purged_floors":[],"is_endless":false,"potions_floor_spawned":[3,4,10,13,14,19],"killed_by":"Centurion and Healer","ascension_level":0}