{"gold_per_floor":[113,127,127,144,144,172,172,185,185,201,228,242,21,31,31,136,136,155,80,80,109,119,119,150,150,150,182,111,111,128,128],"floor_reached":31,"playtime":6977,"items_purged":[],"score":314,"play_id":"4f193ad2-b966-4abc-95a2-b28910a57cfe","local_time":"20190318224401","is_ascension_mode":true,"campfire_choices":[{"floor":7.0,"key":"REST"},{"floor":15.0,"key":"REST"},{"data":"Creative AI","floor":23,"key":"SMITH"},{"floor":29,"key":"REST"}],"neow_cost":"NONE","seed_source_timestamp":0,"circlet_count":0,"master_deck":["Strike_B","Strike_B","Defend_B","Defend_B","Defend_B","Defend_B","Zap+1","Dualcast","Ball Lightning","Conserve Battery","Gash","Creative AI+1","Conserve Battery","Self Repair","Electrodynamics","Defragment"],"special_seed":0,"relics":["Cracked Core","Anchor","Gremlin Horn","Shuriken","Mummified Hand","DataDisk","Inserter","Red Mask","Vajra","Omamori"],"potions_floor_usage":[24,27],"damage_taken":[{"damage":0.0,"enemies":"2 Louse","floor":1.0,"turns":3.0},{"damage":0.0,"enemies":"Jaw Worm","floor":2.0,"turns":2.0},{"damage":0.0,"enemies":"Cultist","floor":4.0,"turns":2.0},{"damage":28.0,"enemies":"Lagavulin","floor":6.0,"turns":6.0},{"damage":7.0,"enemies":"Exordium Thugs","floor":8.0,"turns":3.0},{"damage":8.0,"enemies":"Blue Slaver","floor":10.0,"turns":3.0},{"damage":19.0,"enemies":"Gremlin Nob","floor":11.0,"turns":4.0},{"damage":0.0,"enemies":"Large Slime","floor":12.0,"turns":4.0},{"damage":5.0,"enemies":"2 Fungi Beasts","floor":14.0,"turns":4.0},{"damage":34.0,"enemies":"The Guardian","floor":16.0,"turns":9.0},{"damage":18,"enemies":"2 Thieves","floor":18,"turns":4},{"damage":0,"enemies":"Masked Bandits","floor":21,"turns":2},{"damage":17,"enemies":"3 Byrds","floor":22,"turns":3},{"damage":30,"enemies":"Slavers","floor":24,"turns":4},{"damage":37,"enemies":"Book of Stabbing","floor":27,"turns":7},{"damage":26,"enemies":"3 Cultists","floor":30,"turns":4},{"damage":19,"enemies":"Shelled Parasite and Fungi","floor":31,"turns":2}],"seed_played":"-2844700542549515984","potions_obtained":[{"floor":10.0,"key":"Ancient Potion"},{"floor":11.0,"key":"Dexterity Potion"},{"floor":14.0,"key":"Regen Potion"},{"floor":16.0,"key":"EssenceOfSteel"},{"floor":22,"key":"Block Potion"}],"is_trial":false,"path_per_floor":["M","M","?","M","?","E","R","M","T","M","E","M","$","M","R","B",null,"M","?","?","?","M","R","E","?","T","E","$","R","M","M"],"character_chosen":"DEFECT","items_purchased":["DataDisk","Self Repair","Defragment"],"campfire_rested":3,"item_purchase_floors":[13,13,28],"current_hp_per_floor":[75,75,68,68,68,40,62,55,55,47,28,28,28,30,52,40,75,64,64,64,71,61,61,38,38,38,8,8,30,11,0],"gold":128,"neow_bonus":"RANDOM_COMMON_RELIC","is_prod":false,"is_daily":false,"chose_seed":false,"campfire_upgraded":1,"win_rate":0,"timestamp":1552963441,"path_taken":["M","M","?","M","?","E","R","M","T","M","E","?","$","M","R","BOSS","M","?","?","?","M","R","E","?","T","E","?","R","?","M"],"build_version":"2019-01-23","purchased_purges":0,"victory":false,"max_hp_per_floor":[75,75,75,75,75,75,75,75,75,75,75,75,75,75,75,75,75,75,75,75,75,75,75,75,75,75,75,75,75,75,75],"card_choices":[{"not_picked":["Go for the Eyes","Rebound"],"picked":"Ball Lightning","floor":1.0},{"not_picked":["BootSequence","FTL","Go for the Eyes"],"picked":"SKIP","floor":2.0},{"not_picked":["Blizzard","Compile Driver"],"picked":"Conserve Battery","floor":4.0},{"not_picked":["Barrage","Turbo","Multi-Cast"],"picked":"SKIP","floor":6.0},{"not_picked":["Redo","Aggregate"],"picked":"Gash","floor":8.0},{"not_picked":["Skim","Scrape","Redo"],"picked":"SKIP","floor":10.0},{"not_picked":["Go for the Eyes","Chill"],"picked":"Creative AI","floor":11.0},{"not_picked":["Beam Cell","Streamline"],"picked":"Conserve Battery","floor":12.0},{"not_picked":["Steam","Cold Snap","Barrage"],"picked":"SKIP","floor":14.0},{"not_picked":["Seek","Core Surge"],"picked":"Electrodynamics","floor":16.0},{"not_picked":["Hologram","Darkness","Barrage"],"picked":"SKIP","floor":18},{"not_picked":["Stack","Coolheaded+1","Turbo"],"picked":"SKIP","floor":22},{"not_picked":["Thunder Strike","Core Surge","Sunder"],"picked":"SKIP","floor":24},{"not_picked":["Leap+1","Sweeping Beam","Redo"],"picked":"SKIP","floor":27},{"not_picked":["Self Repair","Redo","Genetic Algorithm+1"],"picked":"SKIP","floor":30}],"player_experience":165087,"relics_obtained":[{"floor":6.0,"key":"Gremlin Horn"},{"floor":9.0,"key":"Shuriken"},{"floor":11.0,"key":"Mummified Hand"},{"floor":21,"key":"Red Mask"},{"floor":24,"key":"Vajra"},{"floor":27,"key":"Omamori"}],"event_choices":[{"cards_removed":["Strike_B"],"damage_healed":0.0,"max_hp_gain":0.0,"max_hp_loss":0.0,"gold_gain":0.0,"event_name":"Golden Wing","player_choice":"Card Removal","floor":3.0,"gold_loss":0.0,"damage_taken":7.0},{"damage_healed":0.0,"max_hp_gain":0.0,"max_hp_loss":0.0,"gold_gain":0.0,"event_name":"Accursed Blacksmith","player_choice":"Forge","floor":5.0,"gold_loss":0.0,"damage_taken":0.0,"cards_upgraded":["Zap"]},{"cards_removed":["Strike_B"],"damage_healed":0,"gold_gain":0,"player_choice":"Gave Gold","damage_taken":0,"max_hp_gain":0,"max_hp_loss":0,"event_name":"Beggar","floor":19,"gold_loss":75},{"damage_healed":0,"gold_gain":0,"player_choice":"Ignored","damage_taken":0,"max_hp_gain":0,"max_hp_loss":0,"event_name":"Ghosts","floor":20,"gold_loss":0},{"damage_healed":0,"gold_gain":0,"player_choice":"Fought Bandits","damage_taken":0,"max_hp_gain":0,"max_hp_loss":0,"event_name":"Masked Bandits","floor":21,"gold_loss":0},{"damage_healed":0,"gold_gain":0,"player_choice":"Ignored","damage_taken":0,"max_hp_gain":0,"max_hp_loss":0,"event_name":"Vampires","floor":25,"gold_loss":0}],"is_beta":false,"boss_relics":[{"not_picked":["White Beast Statue","Astrolabe"],"picked":"Inserter"}],"items_purged_floors":[],"is_endless":false,"potions_floor_spawned":[10,11,14,16,18,22],"killed_by":"Shelled Parasite and Fungi","ascension_level":2}