{"gold_per_floor":[117,117,67,122,138,168,168,178,178,196,225,225,225,239,239,239],"floor_reached":16,"playtime":788,"items_purged":[],"score":155,"play_id":"184dbe91-ff59-4b18-9508-351ed071e03c","local_time":"20190304234003","is_ascension_mode":true,"campfire_choices":[{"data":"Pommel Strike","floor":7,"key":"SMITH"},{"floor":12,"key":"DIG"},{"floor":15,"key":"REST"}],"neow_cost":"NONE","seed_source_timestamp":101998863872591,"circlet_count":0,"master_deck":["Strike_R","Strike_R","Strike_R","Strike_R","Strike_R","Defend_R","Defend_R","Defend_R","Defend_R","Bash","Pommel Strike+1","Fire Breathing","Pommel Strike","Warcry","Feel No Pain","Parasite","Burning Pact"],"relics":["Burning Blood","NeowsBlessing","Smiling Mask","Red Skull","Strawberry","Shovel","Bird Faced Urn","Frozen Egg 2"],"potions_floor_usage":[11,16],"damage_taken":[{"damage":0,"enemies":"Jaw Worm","floor":1,"turns":1},{"damage":0,"enemies":"Small Slimes","floor":5,"turns":1},{"damage":0,"enemies":"3 Sentries","floor":6,"turns":1},{"damage":1,"enemies":"2 Louse","floor":8,"turns":2},{"damage":11,"enemies":"2 Fungi Beasts","floor":10,"turns":3},{"damage":62,"enemies":"Lagavulin","floor":11,"turns":7},{"damage":22,"enemies":"3 Louse","floor":14,"turns":3},{"damage":78,"enemies":"Slime Boss","floor":16,"turns":8}],"seed_played":"-6835527550852676230","potions_obtained":[{"floor":6,"key":"FearPotion"},{"floor":11,"key":"Strength Potion"},{"floor":14,"key":"Poison Potion"}],"is_trial":false,"path_per_floor":["M","?","?","T","M","E","R","M","T","M","E","R","?","M","R","B"],"character_chosen":"IRONCLAD","items_purchased":[],"campfire_rested":1,"item_purchase_floors":[],"current_hp_per_floor":[80,80,80,80,80,87,87,87,87,82,26,26,47,35,61,0],"gold":239,"neow_bonus":"THREE_ENEMY_KILL","is_prod":false,"is_daily":false,"chose_seed":false,"campfire_upgraded":1,"win_rate":0,"timestamp":1551760803,"path_taken":["M","?","?","?","M","E","R","M","T","M","E","R","?","M","R","BOSS"],"build_version":"2019-01-23","purchased_purges":0,"victory":false,"max_hp_per_floor":[80,80,80,80,80,87,87,87,87,87,87,87,87,87,87,87],"card_choices":[{"not_picked":["Blood for Blood","Clash"],"picked":"Pommel Strike","floor":1},{"not_picked":["Sword Boomerang","Clash","Havoc"],"picked":"SKIP","floor":5},{"not_picked":["Blood for Blood","Twin Strike"],"picked":"Fire Breathing","floor":6},{"not_picked":["Sword Boomerang","Cleave"],"picked":"Pommel Strike","floor":8},{"not_picked":["Flame Barrier","Bloodletting"],"picked":"Warcry","floor":10},{"not_picked":["Havoc","Rupture"],"picked":"Feel No Pain","floor":11},{"not_picked":["Clothesline","Carnage"],"picked":"Burning Pact","floor":14}],"player_experience":103739,"relics_obtained":[{"floor":4,"key":"Red Skull"},{"floor":6,"key":"Strawberry"},{"floor":9,"key":"Shovel"},{"floor":11,"key":"Bird Faced Urn"},{"floor":12,"key":"Frozen Egg 2"}],"event_choices":[{"damage_healed":0,"gold_gain":0,"player_choice":"Box","damage_taken":0,"relics_obtained":["Smiling Mask"],"max_hp_gain":0,"max_hp_loss":0,"event_name":"Big Fish","floor":2,"gold_loss":0,"cards_obtained":["Regret"]},{"cards_removed":["Regret"],"damage_healed":0,"gold_gain":0,"player_choice":"Card Removal","damage_taken":0,"max_hp_gain":0,"max_hp_loss":0,"event_name":"The Cleric","floor":3,"gold_loss":50},{"damage_healed":21,"gold_gain":0,"player_choice":"Healed and dodged fight","damage_taken":0,"max_hp_gain":0,"max_hp_loss":0,"event_name":"Mushrooms","floor":13,"gold_loss":0,"cards_obtained":["Parasite"]}],"is_beta":false,"boss_relics":[],"items_purged_floors":[],"is_endless":false,"potions_floor_spawned":[6,11,14],"killed_by":"Slime Boss","ascension_level":3}