{"gold_per_floor":[111,111,111,111,36,66,66,101,128,128,162,180,208,222,222,296,296,309,37,37,37,49,49,49,49,49,82,95,105,105,125,125,197,197,217,265,265,265],"floor_reached":38,"playtime":1026,"items_purged":["Strike_R","Shame"],"score":936,"play_id":"1ae964c9-97c1-47ea-86a6-8ff64c9190f5","local_time":"20190316215433","is_ascension_mode":true,"campfire_choices":[{"data":"Bash","floor":7,"key":"SMITH"},{"data":"Clothesline","floor":10,"key":"SMITH"},{"data":"Perfected Strike","floor":15,"key":"SMITH"},{"data":"Inflame","floor":23,"key":"SMITH"},{"data":"J.A.X.","floor":25,"key":"SMITH"},{"data":"Inflame","floor":32,"key":"SMITH"}],"neow_cost":"NONE","seed_source_timestamp":84953329941419,"circlet_count":0,"master_deck":["AscendersBane","Strike_R","Strike_R","Strike_R","Strike_R","Defend_R","Defend_R","Defend_R","Defend_R","Bash+1","Metallicize","Clothesline+1","Thunderclap","Perfected Strike+1","Reaper","Twin Strike","Inflame+1","Fiend Fire","J.A.X.+1","Inflame+1","Headbutt","Pommel Strike"],"relics":["Burning Blood","NeowsBlessing","Bag of Preparation","Omamori","Orichalcum","Vajra","Dream Catcher","Du-Vu Doll","Calling Bell","Mercury Hourglass","Thread and Needle","Potion Belt","Nilry\u0027s Codex","Incense Burner","Anchor","Mark of Pain","Pocketwatch","Pen Nib"],"potions_floor_usage":[11,13,16,27,29,33],"damage_taken":[{"damage":0,"enemies":"Jaw Worm","floor":1,"turns":1},{"damage":0,"enemies":"3 Sentries","floor":6,"turns":1},{"damage":0,"enemies":"Gremlin Nob","floor":8,"turns":1},{"damage":22,"enemies":"Lagavulin","floor":11,"turns":4},{"damage":0,"enemies":"Cultist","floor":12,"turns":3},{"damage":3,"enemies":"3 Sentries","floor":13,"turns":7},{"damage":0,"enemies":"2 Louse","floor":14,"turns":2},{"damage":28,"enemies":"The Guardian","floor":16,"turns":10},{"damage":17,"enemies":"Shell Parasite","floor":18,"turns":4},{"damage":9,"enemies":"2 Thieves","floor":22,"turns":3},{"damage":5,"enemies":"Book of Stabbing","floor":27,"turns":3},{"damage":5,"enemies":"3 Cultists","floor":28,"turns":4},{"damage":10,"enemies":"Snecko","floor":29,"turns":4},{"damage":3,"enemies":"Centurion and Healer","floor":31,"turns":5},{"damage":43,"enemies":"Collector","floor":33,"turns":6},{"damage":0,"enemies":"Orb Walker","floor":35,"turns":2},{"damage":80,"enemies":"2 Orb Walkers","floor":36,"turns":5},{"damage":25,"enemies":"3 Shapes","floor":38,"turns":4}],"seed_played":"-7255180075056700978","potions_obtained":[{"floor":1,"key":"Fire Potion"},{"floor":4,"key":"Poison Potion"},{"floor":8,"key":"AttackPotion"},{"floor":13,"key":"Strength Potion"},{"floor":14,"key":"Explosive Potion"},{"floor":16,"key":"Strength Potion"},{"floor":18,"key":"FearPotion"},{"floor":28,"key":"Poison Potion"},{"floor":29,"key":"FearPotion"},{"floor":35,"key":"LiquidBronze"}],"is_trial":false,"path_per_floor":["M","?","$","?","$","E","R","E","T","R","E","M","E","M","R","B",null,"M","$","?","?","M","R","?","R","T","E","M","M","$","M","R","B",null,"M","?","?","M"],"character_chosen":"IRONCLAD","items_purchased":["Inflame","Fiend Fire"],"campfire_rested":0,"item_purchase_floors":[19,19],"current_hp_per_floor":[74,56,56,56,56,62,62,68,68,68,52,58,61,67,67,45,68,64,64,64,43,52,52,57,57,57,58,68,64,64,75,75,42,67,73,24,24,0],"gold":265,"neow_bonus":"THREE_ENEMY_KILL","is_prod":false,"is_daily":false,"chose_seed":false,"campfire_upgraded":6,"win_rate":0,"timestamp":1552758873,"path_taken":["M","?","$","?","$","E","R","E","T","R","E","?","E","M","R","BOSS","M","$","?","?","M","R","?","R","T","E","M","?","$","M","R","BOSS","M","?","?","M"],"build_version":"2019-01-23","purchased_purges":2,"victory":false,"max_hp_per_floor":[75,75,75,75,75,75,75,75,75,75,75,75,75,75,75,75,75,75,75,75,75,75,75,75,75,75,75,75,75,75,75,75,75,75,75,75,75,75],"card_choices":[{"not_picked":["Heavy Blade","Flame Barrier"],"picked":"Metallicize","floor":1},{"not_picked":["Havoc","Flex","Pummel"],"picked":"SKIP","floor":6},{"not_picked":["Corruption","Brutality"],"picked":"Clothesline","floor":8},{"not_picked":["Shockwave","Anger"],"picked":"Thunderclap","floor":11},{"not_picked":["Infernal Blade","Dropkick"],"picked":"Cleave","floor":12},{"not_picked":["Seeing Red","Flex"],"picked":"Perfected Strike","floor":13},{"not_picked":["Thunderclap","Anger","Combust"],"picked":"SKIP","floor":14},{"not_picked":["Juggernaut","Barricade"],"picked":"Reaper","floor":16},{"not_picked":["Clash+1","Combust"],"picked":"Twin Strike","floor":18},{"not_picked":["Iron Wave","True Grit","Reckless Charge+1"],"picked":"SKIP","floor":22},{"not_picked":["Entrench","Twin Strike","Demon Form"],"picked":"SKIP","floor":27},{"not_picked":["Wild Strike+1","True Grit","Iron Wave"],"picked":"SKIP","floor":28},{"not_picked":["Shrug It Off","Intimidate"],"picked":"Inflame","floor":29},{"not_picked":["Searing Blow","True Grit"],"picked":"Headbutt","floor":31},{"not_picked":["Seeing Red","Body Slam","Reckless Charge"],"picked":"SKIP","floor":35},{"not_picked":["Perfected Strike","Intimidate+1"],"picked":"Pommel Strike","floor":36}],"player_experience":749445,"relics_obtained":[{"floor":6,"key":"Omamori"},{"floor":8,"key":"Orichalcum"},{"floor":9,"key":"Vajra"},{"floor":11,"key":"Dream Catcher"},{"floor":13,"key":"Du-Vu Doll"},{"floor":17,"key":"Mercury Hourglass"},{"floor":17,"key":"Thread and Needle"},{"floor":17,"key":"Potion Belt"},{"floor":21,"key":"Nilry\u0027s Codex"},{"floor":26,"key":"Incense Burner"},{"floor":27,"key":"Anchor"},{"floor":36,"key":"Pocketwatch"},{"floor":37,"key":"Pen Nib"}],"event_choices":[{"damage_healed":0,"gold_gain":0,"player_choice":"Success","damage_taken":18,"relics_obtained":["Bag of Preparation"],"max_hp_gain":0,"max_hp_loss":0,"event_name":"Scrap Ooze","floor":2,"gold_loss":0},{"damage_healed":0,"gold_gain":0,"player_choice":"Got Potions","damage_taken":0,"max_hp_gain":0,"max_hp_loss":0,"event_name":"Lab","floor":4,"gold_loss":0},{"damage_healed":0,"gold_gain":0,"player_choice":"Obtain J.A.X.","damage_taken":0,"max_hp_gain":0,"max_hp_loss":0,"event_name":"Drug Dealer","floor":20,"gold_loss":0,"cards_obtained":["J.A.X."]},{"damage_healed":0,"gold_gain":0,"player_choice":"Obtained Book","damage_taken":21,"max_hp_gain":0,"max_hp_loss":0,"event_name":"Cursed Tome","floor":21,"gold_loss":0},{"cards_removed":["Cleave"],"damage_healed":5,"gold_gain":0,"player_choice":"Offered Common","damage_taken":0,"max_hp_gain":0,"max_hp_loss":0,"event_name":"Bonfire Elementals","floor":24,"gold_loss":0},{"cards_removed":["Cleave"],"damage_healed":5,"gold_gain":0,"player_choice":"Offered Special","damage_taken":0,"max_hp_gain":0,"max_hp_loss":0,"event_name":"Bonfire Elementals","floor":24,"gold_loss":0},{"damage_healed":0,"gold_gain":0,"player_choice":"Fight","damage_taken":0,"max_hp_gain":0,"max_hp_loss":0,"event_name":"Mysterious Sphere","floor":36,"gold_loss":0},{"damage_healed":0,"gold_gain":0,"player_choice":"Relic","damage_taken":0,"max_hp_gain":0,"max_hp_loss":0,"event_name":"Wheel of Change","floor":37,"gold_loss":0}],"is_beta":false,"boss_relics":[{"not_picked":["Cursed Key","Pandora\u0027s Box"],"picked":"Calling Bell"},{"not_picked":["Astrolabe","Eternal Feather"],"picked":"Mark of Pain"}],"items_purged_floors":[5,19],"is_endless":false,"potions_floor_spawned":[1,8,13,14,16,18,28,29,35],"killed_by":"3 Shapes","ascension_level":20}