{"gold_per_floor":[117,217,34,48,59,59,59,59,59,69,80,92,104,78,78,178,178,193,193,207,107,121,121,121],"floor_reached":24,"playtime":706,"items_purged":["Defend_B","Strike_B"],"score":190,"play_id":"005a239d-081d-4e8e-b050-4b44051cf58a","local_time":"20180717234220","is_ascension_mode":false,"campfire_choices":[{"data":"Zap","floor":6,"key":"SMITH"},{"floor":8,"key":"REST"},{"floor":15,"key":"REST"},{"floor":23,"key":"REST"}],"neow_cost":"","seed_source_timestamp":60825283199006,"circlet_count":0,"master_deck":["Strike_B","Strike_B","Strike_B","Defend_B","Defend_B","Defend_B","Zap+1","Dualcast","Glacier","Melter","Streamline","Tempest","Ball Lightning"],"relics":["Cracked Core","Mummified Hand","Nuclear Battery"],"potions_floor_usage":[16,22],"damage_taken":[{"damage":8,"enemies":"Jaw Worm","floor":1,"turns":3},{"damage":1,"enemies":"Cultist","floor":4,"turns":3},{"damage":6,"enemies":"2 Louse","floor":5,"turns":2},{"damage":1,"enemies":"Looter","floor":10,"turns":3},{"damage":3,"enemies":"Blue Slaver","floor":11,"turns":4},{"damage":42,"enemies":"Gremlin Gang","floor":12,"turns":4},{"damage":10,"enemies":"2 Fungi Beasts","floor":13,"turns":3},{"damage":44,"enemies":"The Guardian","floor":16,"turns":9},{"damage":0,"enemies":"Chosen","floor":18,"turns":3},{"damage":0,"enemies":"Spheric Guardian","floor":20,"turns":1},{"damage":50,"enemies":"Slaver and Parasite","floor":22,"turns":5},{"damage":45,"enemies":"Slavers","floor":24,"turns":3}],"seed_played":"-3435414603455381159","potions_obtained":[{"floor":4,"key":"SkillPotion"},{"floor":10,"key":"Fire Potion"},{"floor":11,"key":"Explosive Potion"},{"floor":18,"key":"Weak Potion"},{"floor":22,"key":"Poison Potion"}],"is_trial":false,"path_per_floor":["M","?","$","M","M","R","?","R","T","M","M","M","M","$","R","B",null,"M","?","M","$","M","R"],"character_chosen":"DEFECT","items_purchased":["Glacier","Melter","Ball Lightning"],"campfire_rested":3,"item_purchase_floors":[3,3,14],"current_hp_per_floor":[67,67,67,66,60,60,65,80,80,79,76,34,24,24,48,4,80,80,65,65,65,15,40,0],"gold":121,"neow_bonus":"","is_prod":false,"is_daily":false,"chose_seed":false,"campfire_upgraded":1,"win_rate":0.0,"timestamp":1531885340,"path_taken":["M","?","$","M","M","R","?","R","T","M","M","M","M","$","R","BOSS","M","?","M","$","M","R","E"],"build_version":"2018-07-12","purchased_purges":2,"victory":false,"max_hp_per_floor":[75,75,75,75,75,75,80,80,80,80,80,80,80,80,80,80,80,80,85,85,85,85,85,85],"card_choices":[{"not_picked":["Compile Driver","Lockon","Beam Cell"],"picked":"SKIP","floor":1},{"not_picked":["Static Discharge","Recycle"],"picked":"Streamline","floor":4},{"not_picked":["Rebound","Undo","Fusion"],"picked":"SKIP","floor":5},{"not_picked":["Doom and Gloom","Beam Cell","BootSequence"],"picked":"SKIP","floor":10},{"not_picked":["Sweeping Beam","White Noise"],"picked":"Tempest","floor":11},{"not_picked":["Hologram","Chaos","Compile Driver"],"picked":"SKIP","floor":12},{"not_picked":["BootSequence","Lockon","Turbo"],"picked":"SKIP","floor":13},{"not_picked":["Redo+1","Sweeping Beam","Barrage"],"picked":"SKIP","floor":18},{"not_picked":["Reinforced Body","Cold Snap","Coolheaded"],"picked":"SKIP","floor":20},{"not_picked":["Leap","Turbo","Glacier"],"picked":"SKIP","floor":22}],"player_experience":268722,"relics_obtained":[{"floor":9,"key":"Mummified Hand"}],"event_choices":[{"event_name":"Golden Shrine","player_choice":"Pray","floor":2,"damage_taken":0},{"event_name":"Big Fish","player_choice":"Donut","floor":7,"damage_taken":0},{"event_name":"Forgotten Altar","player_choice":"Shed Blood","floor":19,"damage_taken":0}],"boss_relics":[{"not_picked":["Coffee Dripper","Philosopher\u0027s Stone"],"picked":"Nuclear Battery"}],"items_purged_floors":[3,21],"is_endless":false,"potions_floor_spawned":[4,10,11,13,18,22],"killed_by":"Slavers","ascension_level":0}