{"gold_per_floor":[114,125,125,135,85,85,111,111,111,124,137,147,23,50,50,50],"floor_reached":16,"playtime":727,"items_purged":[],"score":112,"play_id":"77b04fdf-ef65-46df-a5c6-20d5108a7d57","local_time":"20190221163800","is_ascension_mode":false,"campfire_choices":[{"data":"Iron Wave","floor":6,"key":"SMITH"},{"floor":15,"key":"REST"}],"neow_cost":"NONE","seed_source_timestamp":480632214088925,"circlet_count":0,"master_deck":["Strike_R","Strike_R","Strike_R","Defend_R","Defend_R","Defend_R","Defend_R","Bash","Iron Wave+1","Decay","Armaments","Flame Barrier","Iron Wave"],"relics":["Burning Blood","NeowsBlessing","Letter Opener","Mercury Hourglass","Orichalcum"],"potions_floor_usage":[16,16,16],"damage_taken":[{"damage":0,"enemies":"Jaw Worm","floor":1,"turns":1},{"damage":0,"enemies":"Cultist","floor":2,"turns":1},{"damage":0,"enemies":"Small Slimes","floor":4,"turns":1},{"damage":51,"enemies":"Lagavulin","floor":7,"turns":11},{"damage":16,"enemies":"Exordium Thugs","floor":10,"turns":6},{"damage":5,"enemies":"Large Slime","floor":11,"turns":7},{"damage":0,"enemies":"3 Louse","floor":12,"turns":3},{"damage":17,"enemies":"Gremlin Nob","floor":14,"turns":5},{"damage":45,"enemies":"Hexaghost","floor":16,"turns":14}],"seed_played":"-5515353442907664926","potions_obtained":[{"floor":2,"key":"Ancient Potion"},{"floor":10,"key":"GamblersBrew"},{"floor":11,"key":"EssenceOfSteel"}],"is_trial":false,"path_per_floor":["M","M","?","M","?","R","E","?","T","M","M","M","$","E","R","B"],"character_chosen":"IRONCLAD","items_purchased":["Flame Barrier","Iron Wave"],"campfire_rested":1,"item_purchase_floors":[13,13],"current_hp_per_floor":[80,80,80,80,80,80,35,35,35,25,26,32,32,21,45,0],"gold":50,"neow_bonus":"THREE_ENEMY_KILL","is_prod":false,"is_daily":false,"chose_seed":false,"campfire_upgraded":1,"win_rate":0.0,"timestamp":1550785080,"path_taken":["M","M","?","?","?","R","E","?","T","M","M","?","$","E","R","BOSS"],"build_version":"2019-01-23","purchased_purges":0,"victory":false,"max_hp_per_floor":[80,80,80,80,80,80,80,80,80,80,80,80,80,80,80,80],"card_choices":[{"not_picked":["Heavy Blade","Wild Strike"],"picked":"Iron Wave","floor":1},{"not_picked":["Burning Pact","Inflame","Pommel Strike"],"picked":"SKIP","floor":2},{"not_picked":["Feel No Pain","Warcry","Seeing Red"],"picked":"SKIP","floor":4},{"not_picked":["Inflame","Thunderclap","Dark Embrace"],"picked":"SKIP","floor":7},{"not_picked":["Evolve","Warcry","Corruption"],"picked":"SKIP","floor":10},{"not_picked":["Pommel Strike","Fire Breathing","Warcry"],"picked":"SKIP","floor":11},{"not_picked":["Sword Boomerang","Havoc"],"picked":"Armaments","floor":12},{"not_picked":["Disarm","Havoc","Infernal Blade"],"picked":"SKIP","floor":14}],"player_experience":57582,"relics_obtained":[{"floor":7,"key":"Letter Opener"},{"floor":9,"key":"Mercury Hourglass"},{"floor":14,"key":"Orichalcum"}],"event_choices":[{"cards_removed":["Strike_R"],"damage_healed":0,"gold_gain":0,"player_choice":"Purged","damage_taken":0,"max_hp_gain":0,"max_hp_loss":0,"event_name":"Purifier","floor":3,"gold_loss":0},{"cards_removed":["Strike_R"],"damage_healed":0,"gold_gain":0,"player_choice":"Card Removal","damage_taken":0,"max_hp_gain":0,"max_hp_loss":0,"event_name":"The Cleric","floor":5,"gold_loss":50},{"damage_healed":0,"gold_gain":0,"player_choice":"Cursed","damage_taken":0,"max_hp_gain":0,"max_hp_loss":0,"event_name":"Wheel of Change","floor":8,"gold_loss":0,"cards_obtained":["Decay"]}],"is_beta":false,"boss_relics":[],"items_purged_floors":[],"is_endless":false,"potions_floor_spawned":[2,10,11,12],"killed_by":"Hexaghost","ascension_level":0}