{"gold_per_floor":[414,4,4,17,36,36,36,36,61,77,77,91,127,147,147,147],"floor_reached":16,"playtime":2253,"items_purged":["Normality"],"score":102,"play_id":"103e5b3b-4313-4c1f-b57d-ff80abb23bc6","local_time":"20190210220849","is_ascension_mode":false,"campfire_choices":[{"data":"Infinite Blades","floor":6,"key":"SMITH"},{"floor":8,"key":"REST"},{"floor":15,"key":"REST"}],"neow_cost":"CURSE","seed_source_timestamp":47406677383805,"circlet_count":0,"master_deck":["Defend_G","Defend_G","Defend_G","Strike_G","Strike_G","Strike_G","Strike_G","Strike_G","Survivor","Neutralize","Endless Agony","Infinite Blades+1","Quick Slash","Blade Dance+1","Setup+1","Reflex+1","Dagger Throw","Backstab","Cloak And Dagger+1"],"relics":["Ring of the Snake","Old Coin","Toxic Egg 2","Bag of Marbles","Golden Idol","Bag of Preparation"],"potions_floor_usage":[10],"damage_taken":[{"damage":0,"enemies":"2 Louse","floor":1,"turns":3},{"damage":6,"enemies":"Jaw Worm","floor":4,"turns":4},{"damage":2,"enemies":"Small Slimes","floor":5,"turns":3},{"damage":0,"enemies":"Exordium Wildlife","floor":10,"turns":3},{"damage":6,"enemies":"3 Louse","floor":12,"turns":2},{"damage":14,"enemies":"Gremlin Nob","floor":13,"turns":3},{"damage":1,"enemies":"Blue Slaver","floor":14,"turns":2},{"damage":63,"enemies":"Hexaghost","floor":16,"turns":9}],"seed_played":"7205940410407104771","potions_obtained":[{"floor":1,"key":"Block Potion"},{"floor":5,"key":"Energy Potion"}],"is_trial":false,"path_per_floor":["M","$","?","M","M","R","?","R","T","M","?","M","E","M","R","B"],"character_chosen":"THE_SILENT","items_purchased":["Infinite Blades","Toxic Egg 2"],"campfire_rested":2,"item_purchase_floors":[2,2],"current_hp_per_floor":[70,70,63,57,55,55,55,70,70,70,65,59,45,44,63,0],"gold":147,"neow_bonus":"ONE_RARE_RELIC","is_prod":false,"is_daily":false,"chose_seed":false,"campfire_upgraded":1,"win_rate":0,"timestamp":1549854529,"path_taken":["M","$","?","M","M","R","?","R","T","M","?","M","E","M","R","BOSS"],"build_version":"2019-01-23","purchased_purges":1,"victory":false,"max_hp_per_floor":[70,70,70,70,70,70,70,70,70,70,65,65,65,65,65,65],"card_choices":[{"not_picked":["Eviscerate","Prepared"],"picked":"Endless Agony","floor":1},{"not_picked":["Predator","Flechettes"],"picked":"Quick Slash","floor":4},{"not_picked":["PiercingWail+1","Slice"],"picked":"Blade Dance+1","floor":5},{"not_picked":["Leg Sweep+1","Bouncing Flask+1"],"picked":"Reflex+1","floor":10},{"not_picked":["Reflex+1","Underhanded Strike"],"picked":"Dagger Throw","floor":12},{"not_picked":["Acrobatics+1","Flying Knee"],"picked":"Backstab","floor":13},{"not_picked":["Poisoned Stab","Crippling Poison+1"],"picked":"Cloak And Dagger+1","floor":14}],"player_experience":378104,"relics_obtained":[{"floor":9,"key":"Bag of Marbles"},{"floor":13,"key":"Bag of Preparation"}],"event_choices":[{"cards_removed":["Defend_G"],"damage_healed":0,"gold_gain":0,"player_choice":"Card Removal","damage_taken":7,"max_hp_gain":0,"max_hp_loss":0,"event_name":"Golden Wing","floor":3,"gold_loss":0},{"damage_healed":0,"gold_gain":0,"cards_transformed":["Defend_G"],"player_choice":"Change","damage_taken":0,"max_hp_gain":0,"max_hp_loss":0,"event_name":"Living Wall","floor":7,"gold_loss":0,"cards_obtained":["Setup"]},{"damage_healed":0,"gold_gain":0,"player_choice":"Lose Max HP","damage_taken":0,"relics_obtained":["Golden Idol"],"max_hp_gain":0,"max_hp_loss":5,"event_name":"Golden Idol","floor":11,"gold_loss":0}],"is_beta":false,"boss_relics":[],"items_purged_floors":[2],"is_endless":false,"potions_floor_spawned":[1,5],"killed_by":"Hexaghost","ascension_level":0}