{"gold_per_floor":[113,127,127,142,142,142,242,242,242,252,267,282,294,33,33,128,128,142,161,196,10,10,10,10,10,10,35,47,47],"floor_reached":29,"playtime":3008,"items_purged":["Strike_R"],"score":235,"play_id":"9b9352da-2529-4682-85ca-2b1f0924c4fd","local_time":"20190417181352","is_ascension_mode":false,"campfire_choices":[{"data":"Armaments","floor":6,"key":"SMITH"},{"data":"Twin Strike","floor":8,"key":"SMITH"},{"floor":15,"key":"REST"},{"floor":23,"key":"REST"},{"data":"Infernal Blade","floor":25,"key":"SMITH"}],"neow_cost":"NONE","seed_source_timestamp":1125061663569395,"circlet_count":0,"master_deck":["Strike_R","Strike_R","Strike_R","Strike_R","Defend_R","Defend_R","Defend_R","Defend_R","Bash+1","Twin Strike+1","Armaments+1","Second Wind","Flex","Combust","Infernal Blade+1","Cleave","Secret Technique","Impervious","Carnage+1","Feel No Pain","Clash","Iron Wave","Magnetism","Ghostly Armor+1","Shrug It Off+1"],"relics":["Burning Blood","Happy Flower","Paper Frog","Runic Cube","Red Mask","Champion Belt","MutagenicStrength","Bottled Flame","Dodecahedron"],"potions_floor_usage":[16,27],"damage_taken":[{"damage":4,"enemies":"Small Slimes","floor":1,"turns":4},{"damage":1,"enemies":"Cultist","floor":2,"turns":3},{"damage":0,"enemies":"2 Louse","floor":4,"turns":3},{"damage":14,"enemies":"Large Slime","floor":10,"turns":6},{"damage":3,"enemies":"Red Slaver","floor":11,"turns":4},{"damage":13,"enemies":"3 Louse","floor":12,"turns":4},{"damage":16,"enemies":"Large Slime","floor":13,"turns":6},{"damage":43,"enemies":"Hexaghost","floor":16,"turns":12},{"damage":19,"enemies":"3 Byrds","floor":18,"turns":4},{"damage":21,"enemies":"Spheric Guardian","floor":19,"turns":4},{"damage":31,"enemies":"Masked Bandits","floor":20,"turns":4},{"damage":44,"enemies":"Slavers","floor":27,"turns":6},{"damage":12,"enemies":"Snake Plant","floor":28,"turns":3},{"damage":13,"enemies":"Cultist and Chosen","floor":29,"turns":8}],"seed_played":"-4083434797901676928","potions_obtained":[{"floor":1,"key":"AttackPotion"},{"floor":4,"key":"SneckoOil"},{"floor":13,"key":"GamblersBrew"},{"floor":16,"key":"EntropicBrew"},{"floor":19,"key":"FearPotion"},{"floor":27,"key":"SteroidPotion"}],"is_trial":false,"path_per_floor":["M","M","?","M","?","R","?","R","T","M","M","M","M","$","R","B",null,"M","M","?","$","?","R","?","R","T","E","M","M"],"character_chosen":"IRONCLAD","items_purchased":["Secret Technique","Iron Wave","Magnetism"],"campfire_rested":2,"item_purchase_floors":[14,21,21],"current_hp_per_floor":[80,80,80,80,62,62,62,62,62,54,57,50,40,40,64,27,80,67,52,27,27,27,51,51,51,51,13,7,0],"gold":47,"neow_bonus":"UPGRADE_CARD","is_prod":false,"is_daily":false,"chose_seed":false,"campfire_upgraded":3,"win_rate":0.0,"timestamp":1555542832,"path_taken":["M","M","?","M","?","R","?","R","T","M","M","M","M","$","R","BOSS","M","M","?","$","?","R","?","R","T","E","M","M"],"build_version":"2019-01-23","purchased_purges":1,"victory":false,"max_hp_per_floor":[80,80,80,80,80,80,80,80,80,80,80,80,80,80,80,80,80,80,80,80,80,80,80,80,80,80,80,80,80],"card_choices":[{"not_picked":["Whirlwind","Anger"],"picked":"Twin Strike","floor":1},{"not_picked":["Ghostly Armor","True Grit"],"picked":"Armaments","floor":2},{"not_picked":["Clash","Carnage"],"picked":"Second Wind","floor":4},{"not_picked":["True Grit","Perfected Strike"],"picked":"Flex","floor":10},{"not_picked":["Ghostly Armor","Perfected Strike"],"picked":"Combust","floor":11},{"not_picked":["Dropkick","Clothesline"],"picked":"Infernal Blade","floor":12},{"not_picked":["Clothesline","True Grit"],"picked":"Cleave","floor":13},{"not_picked":["Brutality","Reaper"],"picked":"Impervious","floor":16},{"not_picked":["Perfected Strike","Cleave"],"picked":"Carnage+1","floor":18},{"not_picked":["Battle Trance","Thunderclap"],"picked":"Feel No Pain","floor":19},{"not_picked":["Pommel Strike","Flex"],"picked":"Clash","floor":20},{"not_picked":["Anger","Body Slam"],"picked":"Ghostly Armor+1","floor":27},{"not_picked":["Thunderclap+1","Cleave"],"picked":"Shrug It Off+1","floor":28}],"player_experience":1347,"relics_obtained":[{"floor":9,"key":"Paper Frog"},{"floor":20,"key":"Red Mask"},{"floor":26,"key":"Bottled Flame"},{"floor":27,"key":"Dodecahedron"}],"event_choices":[{"damage_healed":0,"gold_gain":0,"player_choice":"Ignored","damage_taken":0,"max_hp_gain":0,"max_hp_loss":0,"event_name":"Liars Game","floor":3,"gold_loss":0},{"damage_healed":0,"gold_gain":0,"player_choice":"Success","damage_taken":18,"relics_obtained":["Happy Flower"],"max_hp_gain":0,"max_hp_loss":0,"event_name":"Scrap Ooze","floor":5,"gold_loss":0},{"damage_healed":0,"gold_gain":100,"player_choice":"Pray","damage_taken":0,"max_hp_gain":0,"max_hp_loss":0,"event_name":"Golden Shrine","floor":7,"gold_loss":0},{"damage_healed":0,"gold_gain":0,"player_choice":"Fought Bandits","damage_taken":0,"max_hp_gain":0,"max_hp_loss":0,"event_name":"Masked Bandits","floor":20,"gold_loss":0},{"damage_healed":0,"gold_gain":0,"player_choice":"Opened","damage_taken":0,"relics_obtained":["Champion Belt"],"max_hp_gain":0,"max_hp_loss":0,"event_name":"The Mausoleum","floor":22,"gold_loss":0},{"damage_healed":0,"gold_gain":0,"player_choice":"Inject Mutagens","damage_taken":0,"relics_obtained":["MutagenicStrength"],"max_hp_gain":0,"max_hp_loss":0,"event_name":"Drug Dealer","floor":24,"gold_loss":0}],"is_beta":false,"boss_relics":[{"not_picked":["Ectoplasm","Runic Dome"],"picked":"Runic Cube"}],"items_purged_floors":[14],"is_endless":false,"potions_floor_spawned":[1,4,13,16,19,20,27],"killed_by":"Cultist and Chosen","ascension_level":0}