{"gold_per_floor":[114,129,144,144,144,182,182,182,212,250,250,269,44,44,44,169,169,188,188,207,207,226,226,245,245,245,264,264,283,321,87,87,212,212,231,250,375,394,444,444,482,501,501,126,126,145,183,202,202,202],"floor_reached":51,"playtime":4860,"items_purged":["Dark Shackles","Quick Slash","Unload"],"score":762,"play_id":"52d70236-6e74-4dc0-8f2b-5f563f84671c","local_time":"20190207230336","daily_mods":["SealedDeck","Colorless Cards","Elite Swarm"],"is_ascension_mode":false,"campfire_choices":[{"data":"Apotheosis","floor":7,"key":"SMITH"},{"floor":11,"key":"REST"},{"data":"Night Terror","floor":15,"key":"SMITH"},{"floor":23,"key":"REST"},{"data":"Dramatic Entrance","floor":25,"key":"SMITH"},{"floor":28,"key":"REST"},{"floor":32,"key":"REST"},{"floor":40,"key":"REST"},{"floor":45,"key":"REST"},{"floor":49,"key":"REST"}],"neow_cost":"","seed_source_timestamp":0,"circlet_count":0,"master_deck":["Cloak And Dagger","Deflect","Flash of Steel","Cloak And Dagger","Blade Dance","Quick Slash","Endless Agony","Dramatic Entrance+1","Blade Dance","Apotheosis+1","Night Terror+1","A Thousand Cuts+1","Adrenaline","Accuracy+1","Blade Dance","Mayhem+1","Infinite Blades+1","Accuracy+1"],"special_seed":17935,"relics":["Ring of the Snake","Golden Idol","Prayer Wheel","Tiny Chest","Happy Flower","Ancient Tea Set","Sozu","Mercury Hourglass","Nloth\u0027s Gift","Frozen Egg 2","Du-Vu Doll","WristBlade","Tingsha","Blood Vial","Gambling Chip","Incense Burner","Bottled Flame","Darkstone Periapt"],"potions_floor_usage":[6,16,16,16],"damage_taken":[{"damage":0,"enemies":"Small Slimes","floor":1,"turns":1},{"damage":0,"enemies":"2 Louse","floor":2,"turns":2},{"damage":0,"enemies":"Cultist","floor":3,"turns":2},{"damage":12,"enemies":"Lagavulin","floor":6,"turns":4},{"damage":12,"enemies":"3 Sentries","floor":10,"turns":4},{"damage":0,"enemies":"3 Louse","floor":12,"turns":2},{"damage":0,"enemies":"Slime Boss","floor":16,"turns":4},{"damage":33,"enemies":"2 Thieves","floor":18,"turns":3},{"damage":0,"enemies":"Spheric Guardian","floor":20,"turns":3},{"damage":0,"enemies":"Chosen and Byrds","floor":22,"turns":4},{"damage":5,"enemies":"Shelled Parasite and Fungi","floor":24,"turns":2},{"damage":23,"enemies":"Snake Plant","floor":27,"turns":4},{"damage":15,"enemies":"Snecko","floor":29,"turns":3},{"damage":23,"enemies":"Slavers","floor":30,"turns":2},{"damage":7,"enemies":"Automaton","floor":33,"turns":3},{"damage":3,"enemies":"Orb Walker","floor":35,"turns":2},{"damage":12,"enemies":"3 Shapes","floor":36,"turns":2},{"damage":47,"enemies":"Mind Bloom Boss Battle","floor":37,"turns":4},{"damage":14,"enemies":"3 Darklings","floor":38,"turns":2},{"damage":0,"enemies":"Giant Head","floor":41,"turns":3},{"damage":22,"enemies":"Writhing Mass","floor":42,"turns":3},{"damage":0,"enemies":"Spire Growth","floor":46,"turns":2},{"damage":2,"enemies":"Nemesis","floor":47,"turns":3},{"damage":5,"enemies":"Maw","floor":48,"turns":4},{"damage":40,"enemies":"Donu and Deca","floor":50,"turns":3}],"seed_played":"-7219234753305552814","potions_obtained":[{"floor":1,"key":"Fire Potion"},{"floor":3,"key":"LiquidBronze"},{"floor":6,"key":"SkillPotion"},{"floor":14,"key":"Fruit Juice"},{"floor":14,"key":"AttackPotion"}],"is_trial":false,"path_per_floor":["M","M","M","?","?","E","R","?","T","E","R","M","$","?","R","B",null,"M","T","M","?","M","R","M","R","T","M","R","M","E","$","R","B",null,"M","M","?","M","T","R","E","M","T","$","R","M","E","M","R","B",null],"character_chosen":"THE_SILENT","items_purchased":["Ancient Tea Set","Accuracy+1","Blade Dance","Bottled Flame"],"campfire_rested":7,"item_purchase_floors":[13,31,31,44],"current_hp_per_floor":[70,70,70,70,70,58,58,51,51,39,62,62,62,62,62,67,82,49,49,49,49,49,73,68,68,68,45,69,54,31,31,55,48,82,79,67,20,6,6,30,32,12,12,12,36,38,38,35,59,21],"gold":202,"neow_bonus":"","is_prod":false,"is_daily":true,"chose_seed":false,"campfire_upgraded":3,"win_rate":0,"timestamp":1549598616,"path_taken":["M","M","M","?","?","E","R","?","T","E","R","M","$","?","R","BOSS","M","?","M","?","M","R","?","R","T","M","R","M","E","$","R","BOSS","M","M","?","M","?","R","E","M","T","?","R","M","E","M","R","BOSS"],"build_version":"2019-01-23","purchased_purges":3,"victory":true,"max_hp_per_floor":[70,70,70,77,77,77,77,77,77,77,77,77,77,77,77,82,82,82,82,82,82,82,82,82,82,82,82,82,82,82,82,82,82,82,82,82,82,82,82,82,82,82,82,82,82,82,82,82,82,82],"card_choices":[{"not_picked":["Bane","Dodge and Roll","Prepared"],"picked":"SKIP","floor":1},{"not_picked":["PiercingWail","Acrobatics","Flying Knee"],"picked":"SKIP","floor":2},{"not_picked":["Poisoned Stab","Dagger Spray"],"picked":"Blade Dance","floor":3},{"not_picked":["Venomology","Grand Finale"],"picked":"Apotheosis","floor":6},{"not_picked":["Bullet Time","Doppelganger"],"picked":"Night Terror","floor":10},{"not_picked":["Impatience","Bandage Up","Deep Breath"],"picked":"SKIP","floor":12},{"not_picked":["Deadly Poison","Dark Shackles","PiercingWail"],"picked":"SKIP","floor":12},{"not_picked":["Deflect+1","Dagger Throw","Reflex"],"picked":"SKIP","floor":18},{"not_picked":["PiercingWail","Blur+1","Deadly Poison"],"picked":"SKIP","floor":18},{"not_picked":["Deadly Poison","A Thousand Cuts","Dodge and Roll"],"picked":"SKIP","floor":20},{"not_picked":["Expertise+1","Dodge and Roll","Sucker Punch"],"picked":"SKIP","floor":20},{"not_picked":["Venomology","Quick Slash+1","Flying Knee+1"],"picked":"SKIP","floor":22},{"not_picked":["Bane","PiercingWail","Slice"],"picked":"SKIP","floor":22},{"not_picked":["Storm of Steel","Purity+1","Crippling Poison"],"picked":"SKIP","floor":24},{"not_picked":["Deflect+1","Cloak And Dagger","Leg Sweep"],"picked":"SKIP","floor":24},{"not_picked":["Backflip+1","PiercingWail","Acrobatics"],"picked":"SKIP","floor":27},{"not_picked":["Underhanded Strike","Poisoned Stab+1","Dagger Spray+1"],"picked":"SKIP","floor":27},{"not_picked":["Slice","PiercingWail+1"],"picked":"A Thousand Cuts+1","floor":29},{"not_picked":["Cloak And Dagger","Choke","Outmaneuver"],"picked":"SKIP","floor":29},{"not_picked":["Master of Strategy","Doppelganger"],"picked":"Adrenaline","floor":30},{"not_picked":["Acrobatics","Concentrate+1"],"picked":"Unload","floor":35},{"not_picked":["Discovery+1","Deadly Poison","Cloak And Dagger"],"picked":"SKIP","floor":35},{"not_picked":["Well Laid Plans+1","Blade Dance","Slice+1"],"picked":"SKIP","floor":36},{"not_picked":["Deadly Poison","Acrobatics+1","Sucker Punch"],"picked":"SKIP","floor":36},{"not_picked":["Well Laid Plans+1","Blade Dance","Slice+1"],"picked":"SKIP","floor":36},{"not_picked":["Deadly Poison","Acrobatics+1","Sucker Punch"],"picked":"SKIP","floor":36},{"not_picked":["Deadly Poison","Dodge and Roll","Outmaneuver"],"picked":"SKIP","floor":38},{"not_picked":["The Bomb","Cloak And Dagger+1","Quick Slash+1"],"picked":"SKIP","floor":38},{"not_picked":["Violence","A Thousand Cuts+1","HandOfGreed"],"picked":"SKIP","floor":41},{"not_picked":["Heel Hook","Purity"],"picked":"Mayhem+1","floor":42},{"not_picked":["Discovery","Outmaneuver+1","Underhanded Strike+1"],"picked":"SKIP","floor":42},{"not_picked":["Bandage Up","Deflect+1"],"picked":"Infinite Blades+1","floor":46},{"not_picked":["Blade Dance+1","PiercingWail","Poisoned Stab"],"picked":"SKIP","floor":46},{"not_picked":["Doppelganger","Burst","After Image+1"],"picked":"SKIP","floor":47},{"not_picked":["Blur+1","Deadly Poison"],"picked":"Accuracy+1","floor":48},{"not_picked":["Dodge and Roll","Flying Knee","Choke"],"picked":"SKIP","floor":48}],"player_experience":357763,"relics_obtained":[{"floor":6,"key":"Prayer Wheel"},{"floor":9,"key":"Tiny Chest"},{"floor":10,"key":"Happy Flower"},{"floor":19,"key":"Mercury Hourglass"},{"floor":26,"key":"Frozen Egg 2"},{"floor":30,"key":"Du-Vu Doll"},{"floor":37,"key":"Tingsha"},{"floor":39,"key":"Blood Vial"},{"floor":41,"key":"Gambling Chip"},{"floor":43,"key":"Incense Burner"},{"floor":47,"key":"Darkstone Periapt"}],"event_choices":[{"damage_healed":0,"gold_gain":0,"player_choice":"Success","damage_taken":7,"relics_obtained":["Strawberry"],"max_hp_gain":0,"max_hp_loss":0,"event_name":"Scrap Ooze","floor":4,"gold_loss":0},{"damage_healed":0,"gold_gain":0,"player_choice":"Take Wound","damage_taken":0,"relics_obtained":["Golden Idol"],"max_hp_gain":0,"max_hp_loss":0,"event_name":"Golden Idol","floor":5,"gold_loss":0,"cards_obtained":["Injury"]},{"cards_removed":["Injury"],"damage_healed":0,"gold_gain":0,"player_choice":"Card Removal","damage_taken":7,"max_hp_gain":0,"max_hp_loss":0,"event_name":"Golden Wing","floor":8,"gold_loss":0},{"damage_healed":0,"gold_gain":0,"player_choice":"Got Potions","damage_taken":0,"max_hp_gain":0,"max_hp_loss":0,"event_name":"Lab","floor":14,"gold_loss":0},{"damage_healed":0,"gold_gain":0,"player_choice":"Traded Relic","damage_taken":0,"relics_obtained":["Nloth\u0027s Gift"],"max_hp_gain":0,"max_hp_loss":0,"event_name":"N\u0027loth","floor":21,"relics_lost":["Strawberry"],"gold_loss":0},{"damage_healed":0,"gold_gain":0,"player_choice":"Fight","damage_taken":0,"max_hp_gain":0,"max_hp_loss":0,"event_name":"MindBloom","floor":37,"gold_loss":0}],"is_beta":false,"boss_relics":[{"not_picked":["Empty Cage","Cursed Key"],"picked":"Sozu"},{"not_picked":["Eternal Feather","Astrolabe"],"picked":"WristBlade"}],"items_purged_floors":[13,31,44],"is_endless":false,"potions_floor_spawned":[1,3,6,24,29,30,33,37,41,48],"ascension_level":0}