{"gold_per_floor":[114,114,129,204,219,219,234,249,274,274,289,289,319,334,334,434,434,449,68,68,83,98,98],"floor_reached":23,"playtime":713,"items_purged":[],"score":220,"play_id":"954ee2eb-2636-4fe1-bce4-356f48e995fa","local_time":"20180623132628","daily_mods":["Diverse","Time Dilation","Hoarder"],"is_ascension_mode":false,"campfire_choices":[{"floor":6,"key":"REST"},{"floor":10,"key":"REST"},{"data":"Wild Strike","floor":12,"key":"SMITH"},{"floor":15,"key":"REST"}],"neow_cost":"","seed_source_timestamp":0,"circlet_count":0,"master_deck":["Defend_G","Defend_G","Defend_G","Defend_G","Defend_G","Strike_G","Strike_G","Survivor","Neutralize","Ball Lightning","Ball Lightning","Ball Lightning","Melter","Melter","Melter","Wild Strike","Wild Strike+1","Wild Strike","Noxious Fumes","Noxious Fumes","Noxious Fumes","Meteor Strike","Meteor Strike","Meteor Strike","Fiend Fire","Fiend Fire","Fiend Fire","Ghostly Armor","Ghostly Armor","Ghostly Armor","Power Through+1","Power Through+1","Power Through+1","Entrench+1","Entrench+1","Entrench+1","Deflect+1","Deflect+1","Deflect+1","Carnage","Carnage","Carnage"],"special_seed":17705,"relics":["Ring of the Snake","Ancient Tea Set","Happy Flower","Astrolabe","Peace Pipe"],"potions_floor_usage":[16,16,16],"damage_taken":[{"damage":2,"enemies":"Small Slimes","floor":1,"turns":4},{"damage":1,"enemies":"2 Louse","floor":3,"turns":2},{"damage":0,"enemies":"Jaw Worm","floor":5,"turns":2},{"damage":7,"enemies":"3 Louse","floor":7,"turns":2},{"damage":10,"enemies":"Exordium Wildlife","floor":8,"turns":3},{"damage":5,"enemies":"Lots of Slimes","floor":11,"turns":2},{"damage":16,"enemies":"3 Sentries","floor":13,"turns":4},{"damage":9,"enemies":"Red Slaver","floor":14,"turns":2},{"damage":60,"enemies":"The Guardian","floor":16,"turns":8},{"damage":24,"enemies":"Shell Parasite","floor":18,"turns":4},{"damage":0,"enemies":"Spheric Guardian","floor":21,"turns":1},{"damage":2,"enemies":"Snake Plant","floor":22,"turns":4},{"damage":57,"enemies":"Gremlin Leader","floor":23,"turns":3}],"seed_played":"3243282396606865900","potions_obtained":[{"floor":1,"key":"Energy Potion"},{"floor":7,"key":"Ancient Potion"},{"floor":13,"key":"FearPotion"},{"floor":16,"key":"Dexterity Potion"},{"floor":22,"key":"GamblersBrew"}],"is_trial":false,"path_per_floor":["M","?","M","?","M","R","M","M","T","R","M","R","E","M","R","B",null,"M","$","?","M","M"],"character_chosen":"THE_SILENT","items_purchased":["Carnage","Peace Pipe"],"campfire_rested":3,"item_purchase_floors":[19,19],"current_hp_per_floor":[68,73,72,61,61,75,68,58,58,75,70,70,54,45,67,7,75,51,51,51,51,49,0],"gold":98,"neow_bonus":"","is_prod":false,"is_daily":true,"chose_seed":false,"campfire_upgraded":1,"win_rate":0,"timestamp":1529774788,"path_taken":["M","?","M","?","M","R","M","M","T","R","M","R","E","?","R","BOSS","M","$","?","M","?","E"],"build_version":"2018-06-21v2","purchased_purges":0,"victory":false,"max_hp_per_floor":[70,75,75,75,75,75,75,75,75,75,75,75,75,75,75,75,75,75,75,75,75,75,75],"card_choices":[{"not_picked":["Tempest","Sweeping Beam","Sword Boomerang"],"picked":"SKIP","floor":1},{"not_picked":["Conserve Battery","Anger"],"picked":"Ball Lightning","floor":3},{"not_picked":["Outmaneuver","Dash"],"picked":"Melter","floor":5},{"not_picked":["Cloak And Dagger","Armaments"],"picked":"Wild Strike","floor":7},{"not_picked":["Storm","Ball Lightning"],"picked":"Noxious Fumes","floor":8},{"not_picked":["Pommel Strike","Heavy Blade"],"picked":"Meteor Strike","floor":11},{"not_picked":["Prepared","Barrage"],"picked":"Fiend Fire","floor":13},{"not_picked":["Deadly Poison","Twin Strike"],"picked":"Ghostly Armor","floor":14},{"not_picked":["PiercingWail","Shrug It Off+1","Expertise+1"],"picked":"SKIP","floor":18},{"not_picked":["Cleave","Anger+1","Ball Lightning"],"picked":"SKIP","floor":21},{"not_picked":["Rebound","Twin Strike","Conserve Battery"],"picked":"SKIP","floor":22}],"player_experience":166973,"relics_obtained":[{"floor":9,"key":"Ancient Tea Set"},{"floor":13,"key":"Happy Flower"}],"event_choices":[{"event_name":"Big Fish","player_choice":"Donut","floor":2,"damage_taken":0},{"event_name":"World of Goop","player_choice":"Gather Gold","floor":4,"damage_taken":0},{"event_name":"Ghosts","player_choice":"Ignored","floor":20,"damage_taken":0}],"boss_relics":[{"not_picked":["Eternal Feather","Black Star"],"picked":"Astrolabe"}],"items_purged_floors":[],"is_endless":false,"potions_floor_spawned":[1,7,13,16,22],"killed_by":"Gremlin Leader","ascension_level":0}