{"gold_per_floor":[110,130,130,140,153,153,164,178,178,192,192,204,204,218,218,218],"floor_reached":16,"playtime":596,"items_purged":[],"score":98,"play_id":"d10ca697-c572-4b40-aae1-a0476607f001","local_time":"20180717174742","is_ascension_mode":false,"campfire_choices":[{"floor":6,"key":"DIG"},{"floor":11,"key":"REST"},{"floor":15,"key":"REST"}],"neow_cost":"NONE","seed_source_timestamp":0,"circlet_count":0,"master_deck":["Defend_G","Defend_G","Defend_G","Defend_G","Defend_G","Strike_G","Strike_G","Strike_G","Strike_G","Strike_G","Survivor","Neutralize","Regret","Writhe","Clumsy","Dash","Dagger Throw","Sucker Punch","Flying Knee"],"special_seed":17729,"relics":["Calling Bell","Bronze Scales","Mercury Hourglass","Shovel","Question Card","Lantern","Bag of Marbles"],"potions_floor_usage":[16,16,16],"damage_taken":[{"damage":3,"enemies":"Jaw Worm","floor":1,"turns":3},{"damage":1,"enemies":"2 Louse","floor":2,"turns":2},{"damage":3,"enemies":"Cultist","floor":4,"turns":3},{"damage":12,"enemies":"Gremlin Gang","floor":5,"turns":5},{"damage":8,"enemies":"Blue Slaver","floor":7,"turns":3},{"damage":5,"enemies":"Large Slime","floor":8,"turns":6},{"damage":17,"enemies":"3 Louse","floor":10,"turns":2},{"damage":7,"enemies":"Lots of Slimes","floor":12,"turns":2},{"damage":4,"enemies":"Looter","floor":14,"turns":2},{"damage":59,"enemies":"The Guardian","floor":16,"turns":7}],"seed_played":"-6709258171721631228","potions_obtained":[{"floor":7,"key":"SpeedPotion"},{"floor":8,"key":"AttackPotion"},{"floor":10,"key":"SkillPotion"},{"floor":12,"key":"Explosive Potion"}],"is_trial":false,"path_per_floor":["M","M","?","M","M","R","M","M","T","M","R","M","?","M","R"],"character_chosen":"THE_SILENT","items_purchased":[],"campfire_rested":2,"item_purchase_floors":[],"current_hp_per_floor":[67,66,70,67,55,55,47,42,42,25,46,39,39,35,56,0],"gold":218,"neow_bonus":"BOSS_RELIC","is_prod":false,"is_daily":false,"chose_seed":false,"campfire_upgraded":0,"win_rate":0,"timestamp":1531864062,"path_taken":["M","M","?","M","M","R","M","M","T","M","R","M","?","M","R","BOSS"],"build_version":"2018-07-12","purchased_purges":0,"victory":false,"max_hp_per_floor":[70,70,70,70,70,70,70,70,70,70,70,70,70,70,70,70],"card_choices":[{"not_picked":["Prepared","Escape Plan"],"picked":"Dash","floor":1},{"not_picked":["Bane","Masterful Stab"],"picked":"Dagger Throw","floor":2},{"not_picked":["Reflex","Malaise","Quick Slash"],"picked":"SKIP","floor":4},{"not_picked":["Prepared","Slice","Footwork"],"picked":"SKIP","floor":5},{"not_picked":["PiercingWail","Dagger Spray","Poisoned Stab","Heel Hook"],"picked":"SKIP","floor":7},{"not_picked":["Blade Dance","Storm of Steel","Deflect"],"picked":"Sucker Punch","floor":8},{"not_picked":["Backflip","Sucker Punch","Masterful Stab","Cloak And Dagger"],"picked":"SKIP","floor":10},{"not_picked":["Slice","Outmaneuver","Dodge and Roll","PiercingWail"],"picked":"SKIP","floor":12},{"not_picked":["Bane","Dodge and Roll","Deflect"],"picked":"Flying Knee","floor":14}],"player_experience":262680,"relics_obtained":[{"floor":0,"key":"Bronze Scales"},{"floor":0,"key":"Mercury Hourglass"},{"floor":0,"key":"Shovel"},{"floor":6,"key":"Question Card"},{"floor":9,"key":"Lantern"}],"event_choices":[{"event_name":"Big Fish","player_choice":"Banana","floor":3,"damage_taken":0},{"event_name":"Dead Adventurer","player_choice":"Searched \u00271\u0027 times","floor":13,"damage_taken":0}],"boss_relics":[],"items_purged_floors":[],"is_endless":false,"potions_floor_spawned":[7,8,10,12],"killed_by":"The Guardian","ascension_level":0}