{"gold_per_floor":[110,123,48,3,78,78,109,109,135,146,146,166,196,252,252,329,329,347,347,347,365,57,57,107,107,156,173,173,188,77,88,88,163,163,179,179,197,6,25,25,45,45,68,68,88,88,88,102,102,102],"floor_reached":50,"playtime":1313,"items_purged":["Strike_R"],"score":838,"play_id":"219fcb2d-67d9-41db-a237-8c38a963cb5d","local_time":"20190315113704","is_ascension_mode":true,"campfire_choices":[{"data":"Feed","floor":6,"key":"SMITH"},{"data":"Inflame","floor":8,"key":"SMITH"},{"data":"Bash","floor":15,"key":"SMITH"},{"data":"Whirlwind","floor":23,"key":"SMITH"},{"data":"Pommel Strike","floor":28,"key":"SMITH"},{"floor":32,"key":"REST"},{"floor":40,"key":"REST"},{"data":"Limit Break","floor":42,"key":"SMITH"},{"data":"Pummel","floor":46,"key":"SMITH"},{"floor":49,"key":"REST"}],"neow_cost":"NONE","seed_source_timestamp":260724279211660,"circlet_count":0,"master_deck":["AscendersBane","Strike_R+1","Defend_R+1","Defend_R","Defend_R","Bash+1","Feed+1","Inflame+1","Thunderclap+1","Double Tap","Reaper","Whirlwind+1","Pommel Strike+1","Pummel+1","Limit Break+1","Shrug It Off+1","Intimidate+1","Flash of Steel","Heavy Blade"],"relics":["Burning Blood","PreservedInsect","Red Skull","CultistMask","Whetstone","Sundial","Sozu","Champion Belt","War Paint","Empty Cage","Chemical X","Lantern"],"potions_floor_usage":[12,13,14,36],"damage_taken":[{"damage":1,"enemies":"Cultist","floor":1,"turns":3},{"damage":7,"enemies":"Jaw Worm","floor":2,"turns":7},{"damage":30,"enemies":"Lagavulin","floor":7,"turns":7},{"damage":1,"enemies":"Small Slimes","floor":10,"turns":3},{"damage":0,"enemies":"2 Fungi Beasts","floor":12,"turns":2},{"damage":20,"enemies":"3 Sentries","floor":13,"turns":6},{"damage":10,"enemies":"3 Sentries","floor":14,"turns":3},{"damage":51,"enemies":"Hexaghost","floor":16,"turns":8},{"damage":12,"enemies":"Chosen","floor":18,"turns":4},{"damage":6,"enemies":"Spheric Guardian","floor":21,"turns":3},{"damage":9,"enemies":"Centurion and Healer","floor":27,"turns":4},{"damage":21,"enemies":"Cultist and Chosen","floor":29,"turns":5},{"damage":12,"enemies":"3 Cultists","floor":31,"turns":3},{"damage":95,"enemies":"Collector","floor":33,"turns":9},{"damage":14,"enemies":"Orb Walker","floor":35,"turns":3},{"damage":38,"enemies":"2 Orb Walkers","floor":36,"turns":3},{"damage":48,"enemies":"3 Darklings","floor":37,"turns":4},{"damage":1,"enemies":"Writhing Mass","floor":39,"turns":3},{"damage":0,"enemies":"Sphere and 2 Shapes","floor":41,"turns":2},{"damage":15,"enemies":"Transient","floor":45,"turns":5},{"damage":33,"enemies":"Spire Growth","floor":48,"turns":4},{"damage":122,"enemies":"Donu and Deca","floor":50,"turns":5}],"seed_played":"-883712251336099961","potions_obtained":[{"floor":7,"key":"Energy Potion"},{"floor":10,"key":"AttackPotion"},{"floor":13,"key":"Fire Potion"},{"floor":16,"key":"SmokeBomb"}],"is_trial":false,"path_per_floor":["M","M","?","$","?","R","E","R","T","M","?","M","E","?","R","B",null,"M","?","?","M","$","R","?","?","T","M","R","M","$","M","R","B",null,"M","?","M","$","M","R","M","R","T","?","M","R","?","M","R","B"],"character_chosen":"IRONCLAD","items_purchased":["Thunderclap","Champion Belt","Pummel","Chemical X"],"campfire_rested":3,"item_purchase_floors":[4,22,30,38],"current_hp_per_floor":[76,78,78,78,67,67,47,47,47,56,56,66,56,56,56,11,79,77,77,45,59,59,59,59,59,59,71,71,68,68,67,102,31,96,88,72,52,52,57,93,99,99,99,99,90,90,90,63,99,0],"gold":102,"neow_bonus":"ONE_RANDOM_RARE_CARD","is_prod":false,"is_daily":false,"chose_seed":false,"campfire_upgraded":7,"win_rate":0,"timestamp":1552635424,"path_taken":["M","?","?","$","?","R","E","R","T","M","?","?","E","?","R","BOSS","M","?","?","M","$","R","?","?","T","M","R","M","$","M","R","BOSS","M","?","M","$","M","R","M","R","T","?","M","R","?","M","R","BOSS"],"build_version":"2019-01-23","purchased_purges":1,"victory":false,"max_hp_per_floor":[78,81,81,81,81,81,85,85,85,89,89,93,97,101,101,101,101,105,105,110,110,110,110,110,110,110,110,110,114,114,118,118,118,118,118,118,122,122,122,122,122,122,122,122,122,122,122,122,122,122],"card_choices":[{"not_picked":["Warcry","Pummel","Feel No Pain"],"picked":"SKIP","floor":1},{"not_picked":["Heavy Blade","Perfected Strike"],"picked":"Inflame","floor":2},{"not_picked":["Warcry","Blood for Blood","Havoc"],"picked":"SKIP","floor":7},{"not_picked":["Blood for Blood","Body Slam","Warcry"],"picked":"SKIP","floor":10},{"not_picked":["Clothesline","Havoc"],"picked":"Double Tap","floor":12},{"not_picked":["Warcry","Havoc","Thunderclap"],"picked":"SKIP","floor":13},{"not_picked":["Berserk","Immolate"],"picked":"Reaper","floor":16},{"not_picked":["Flex","Body Slam"],"picked":"Whirlwind","floor":18},{"not_picked":["Armaments","Ghostly Armor"],"picked":"Pommel Strike","floor":21},{"not_picked":["Rupture+1","Wild Strike","Carnage"],"picked":"SKIP","floor":27},{"not_picked":["Havoc","Cleave","Corruption"],"picked":"SKIP","floor":29},{"not_picked":["Uppercut","Feel No Pain","Perfected Strike"],"picked":"SKIP","floor":31},{"not_picked":["Berserk","Barricade"],"picked":"Limit Break","floor":33},{"not_picked":["Armaments","Iron Wave"],"picked":"Shrug It Off+1","floor":35},{"not_picked":["Clothesline","Armaments","Iron Wave"],"picked":"SKIP","floor":37},{"not_picked":["Clothesline+1","Clash+1","Burning Pact"],"picked":"SKIP","floor":39},{"not_picked":["Corruption+1","Warcry"],"picked":"Intimidate+1","floor":41},{"not_picked":["Combust+1","Exhume","Wild Strike"],"picked":"SKIP","floor":45},{"not_picked":["Mayhem","Chrysalis"],"picked":"Flash of Steel","floor":47},{"not_picked":["Shrug It Off","Thunderclap"],"picked":"Heavy Blade","floor":48}],"player_experience":721519,"relics_obtained":[{"floor":7,"key":"PreservedInsect"},{"floor":9,"key":"Red Skull"},{"floor":13,"key":"Whetstone"},{"floor":26,"key":"War Paint"},{"floor":43,"key":"Lantern"}],"event_choices":[{"cards_removed":["Strike_R"],"damage_healed":0,"gold_gain":0,"player_choice":"Card Removal","damage_taken":0,"max_hp_gain":0,"max_hp_loss":0,"event_name":"The Cleric","floor":3,"gold_loss":75},{"damage_healed":0,"gold_gain":75,"player_choice":"Gather Gold","damage_taken":11,"max_hp_gain":0,"max_hp_loss":0,"event_name":"World of Goop","floor":5,"gold_loss":0},{"damage_healed":0,"gold_gain":0,"player_choice":"Trade","damage_taken":0,"relics_obtained":["CultistMask"],"max_hp_gain":0,"max_hp_loss":0,"event_name":"FaceTrader","floor":11,"gold_loss":0},{"damage_healed":0,"gold_gain":0,"player_choice":"Searched \u00273\u0027 times","damage_taken":0,"relics_obtained":["Sundial"],"max_hp_gain":0,"max_hp_loss":0,"event_name":"Dead Adventurer","floor":14,"gold_loss":0},{"damage_healed":0,"gold_gain":0,"player_choice":"Ignored","damage_taken":0,"max_hp_gain":0,"max_hp_loss":0,"event_name":"Vampires","floor":19,"gold_loss":0},{"damage_healed":0,"gold_gain":0,"player_choice":"Shed Blood","damage_taken":37,"max_hp_gain":5,"max_hp_loss":0,"event_name":"Forgotten Altar","floor":20,"gold_loss":0},{"damage_healed":0,"gold_gain":50,"player_choice":"Stole From Cult","damage_taken":0,"max_hp_gain":0,"max_hp_loss":0,"event_name":"Nest","floor":24,"gold_loss":0},{"damage_healed":0,"gold_gain":0,"player_choice":"Ignored","damage_taken":0,"max_hp_gain":0,"max_hp_loss":0,"event_name":"Ghosts","floor":25,"gold_loss":0},{"damage_healed":0,"gold_gain":0,"player_choice":"Fight","damage_taken":0,"max_hp_gain":0,"max_hp_loss":0,"event_name":"Mysterious Sphere","floor":36,"gold_loss":0},{"cards_removed":["Defend_R"],"damage_healed":0,"gold_gain":0,"player_choice":"Removed Skill","damage_taken":0,"max_hp_gain":0,"max_hp_loss":0,"event_name":"Falling","floor":44,"gold_loss":0},{"damage_healed":0,"gold_gain":0,"player_choice":"Memory 1","damage_taken":0,"max_hp_gain":0,"max_hp_loss":0,"event_name":"SensoryStone","floor":47,"gold_loss":0}],"is_beta":false,"boss_relics":[{"not_picked":["Black Blood","Philosopher\u0027s Stone"],"picked":"Sozu"},{"not_picked":["White Beast Statue","Black Star"],"picked":"Empty Cage"}],"items_purged_floors":[30],"is_endless":false,"potions_floor_spawned":[7,10,13,16,27,31,35,37,45],"killed_by":"Donu and Deca","ascension_level":15}