{"gold_per_floor":[112,131,131,10,10,10,29,57,105,125,155,174,189,218,218,317,317,328,175,175],"floor_reached":20,"playtime":1158,"items_purged":["Strike_R"],"score":223,"play_id":"766be54f-c3dd-41ff-bc33-0eaa1a452adf","local_time":"20190305140533","is_ascension_mode":true,"campfire_choices":[{"data":"Armaments","floor":6,"key":"SMITH"},{"floor":15,"key":"REST"}],"neow_cost":"NONE","seed_source_timestamp":153558701659511,"circlet_count":0,"master_deck":["Strike_R","Strike_R","Strike_R","Defend_R","Defend_R","Defend_R","Defend_R","Bash","Shrug It Off","Combust","Metallicize","Armaments+1","Demon Form","Barricade+1","Intimidate","Berserk+1","Flame Barrier+1","Battle Trance"],"relics":["Burning Blood","NeowsBlessing","Happy Flower","Pen Nib","Frozen Egg 2","Bronze Scales","Eternal Feather"],"potions_floor_usage":[11,14,14,14,20],"damage_taken":[{"damage":0,"enemies":"Jaw Worm","floor":1,"turns":1},{"damage":0,"enemies":"Cultist","floor":2,"turns":1},{"damage":0,"enemies":"Small Slimes","floor":7,"turns":1},{"damage":34,"enemies":"Lagavulin","floor":8,"turns":8},{"damage":14,"enemies":"Exordium Wildlife","floor":10,"turns":7},{"damage":22,"enemies":"3 Sentries","floor":11,"turns":7},{"damage":10,"enemies":"Gremlin Gang","floor":12,"turns":4},{"damage":9,"enemies":"Large Slime","floor":13,"turns":10},{"damage":17,"enemies":"Gremlin Nob","floor":14,"turns":4},{"damage":14,"enemies":"Hexaghost","floor":16,"turns":13},{"damage":59,"enemies":"2 Thieves","floor":18,"turns":5},{"damage":12,"enemies":"Colosseum Slavers","floor":20,"turns":6},{"damage":41,"enemies":"Colosseum Nobs","floor":20,"turns":3}],"seed_played":"-1651532297294645479","potions_obtained":[{"floor":2,"key":"Block Potion"},{"floor":10,"key":"Regen Potion"},{"floor":11,"key":"EssenceOfSteel"},{"floor":13,"key":"FearPotion"},{"floor":14,"key":"Block Potion"}],"is_trial":false,"path_per_floor":["M","M","?","$","$","R","M","E","T","M","E","M","M","E","R","B",null,"M","$","?"],"character_chosen":"IRONCLAD","items_purchased":["Metallicize","Armaments","Battle Trance"],"campfire_rested":1,"item_purchase_floors":[4,4,19],"current_hp_per_floor":[80,80,80,80,80,80,80,52,52,44,43,39,36,25,49,41,80,27,27,0],"gold":175,"neow_bonus":"THREE_ENEMY_KILL","is_prod":false,"is_daily":false,"chose_seed":false,"campfire_upgraded":1,"win_rate":0,"timestamp":1551812733,"path_taken":["M","M","?","?","$","R","?","E","T","M","E","M","M","E","R","BOSS","M","$","?"],"build_version":"2019-01-23","purchased_purges":1,"victory":false,"max_hp_per_floor":[80,80,80,80,80,80,80,80,80,80,80,80,80,80,80,80,80,80,80,80],"card_choices":[{"not_picked":["Cleave","Headbutt"],"picked":"Shrug It Off","floor":1},{"not_picked":["Cleave","Evolve"],"picked":"Combust","floor":2},{"not_picked":["Cleave","Thunderclap","Armaments"],"picked":"SKIP","floor":7},{"not_picked":["Infernal Blade","Seeing Red"],"picked":"Demon Form","floor":8},{"not_picked":["Havoc","Headbutt","Anger"],"picked":"SKIP","floor":10},{"not_picked":["Bloodletting","Blood for Blood"],"picked":"Barricade","floor":11},{"not_picked":["Sword Boomerang","Clash","True Grit"],"picked":"SKIP","floor":12},{"not_picked":["True Grit","Rampage","Perfected Strike"],"picked":"SKIP","floor":13},{"not_picked":["Offering","Feed"],"picked":"Intimidate","floor":14},{"not_picked":["Feed","Brutality+1"],"picked":"Berserk+1","floor":16},{"not_picked":["True Grit","Armaments"],"picked":"Flame Barrier+1","floor":18}],"player_experience":108804,"relics_obtained":[{"floor":8,"key":"Happy Flower"},{"floor":9,"key":"Pen Nib"},{"floor":11,"key":"Frozen Egg 2"},{"floor":14,"key":"Bronze Scales"}],"event_choices":[{"cards_removed":["Strike_R"],"damage_healed":0,"gold_gain":0,"player_choice":"Purged","damage_taken":0,"max_hp_gain":0,"max_hp_loss":0,"event_name":"Purifier","floor":3,"gold_loss":0},{"damage_healed":0,"gold_gain":0,"player_choice":"Fight","damage_taken":0,"max_hp_gain":0,"max_hp_loss":0,"event_name":"Colosseum","floor":20,"gold_loss":0},{"damage_healed":0,"gold_gain":0,"player_choice":"Fought Nobs","damage_taken":0,"max_hp_gain":0,"max_hp_loss":0,"event_name":"Colosseum","floor":20,"gold_loss":0}],"is_beta":false,"boss_relics":[{"not_picked":["Velvet Choker","Runic Cube"],"picked":"Eternal Feather"}],"items_purged_floors":[19],"is_endless":false,"potions_floor_spawned":[2,10,11,13,14,20],"killed_by":"Colosseum Nobs","ascension_level":3}