{"gold_per_floor":[110,124,138,149,165,165,165,165,165,165,183,203,203,221,221,221],"floor_reached":16,"playtime":419,"items_purged":[],"score":96,"play_id":"d5c9f979-55f6-485b-9749-00eaaf194cff","local_time":"20180804154653","is_ascension_mode":false,"campfire_choices":[{"floor":6,"key":"REST"},{"data":"Bane","floor":8,"key":"SMITH"},{"data":"Bane","floor":13,"key":"SMITH"},{"data":"Slice","floor":15,"key":"SMITH"}],"neow_cost":"","seed_source_timestamp":108500234172508,"circlet_count":0,"master_deck":["Defend_G","Defend_G","Defend_G","Defend_G","Defend_G","Strike_G","Strike_G","Strike_G","Strike_G","Strike_G","Survivor","Neutralize","Bane+1","Slice+1","Acrobatics","Slice+1","Bane+1"],"relics":["Ring of the Snake","Tingsha"],"potions_floor_usage":[16],"damage_taken":[{"damage":6,"enemies":"Jaw Worm","floor":1,"turns":4},{"damage":1,"enemies":"Cultist","floor":2,"turns":4},{"damage":3,"enemies":"Small Slimes","floor":3,"turns":3},{"damage":9,"enemies":"Looter","floor":4,"turns":3},{"damage":16,"enemies":"Gremlin Gang","floor":5,"turns":4},{"damage":8,"enemies":"Large Slime","floor":11,"turns":6},{"damage":0,"enemies":"Exordium Wildlife","floor":12,"turns":3},{"damage":8,"enemies":"Blue Slaver","floor":14,"turns":3},{"damage":54,"enemies":"The Guardian","floor":16,"turns":6}],"seed_played":"2611665799396414129","potions_obtained":[{"floor":1,"key":"SpeedPotion"},{"floor":2,"key":"Ancient Potion"},{"floor":4,"key":"Fire Potion"}],"is_trial":false,"path_per_floor":["M","M","M","M","M","R","?","R","T","?","M","M","R","M","R"],"character_chosen":"THE_SILENT","items_purchased":[],"campfire_rested":1,"item_purchase_floors":[],"current_hp_per_floor":[64,63,60,51,35,56,70,70,70,70,62,62,62,54,54,0],"gold":221,"neow_bonus":"","is_prod":false,"is_daily":false,"chose_seed":false,"campfire_upgraded":3,"win_rate":0,"timestamp":1533412013,"path_taken":["M","M","M","M","M","R","?","R","T","?","M","M","R","M","R","BOSS"],"build_version":"2018-08-02","purchased_purges":0,"victory":false,"max_hp_per_floor":[70,70,70,70,70,70,70,70,70,70,70,70,70,70,70,70],"card_choices":[{"not_picked":["Well Laid Plans","Leg Sweep","Sucker Punch"],"picked":"SKIP","floor":1},{"not_picked":["Dagger Spray","Acrobatics"],"picked":"Bouncing Flask","floor":2},{"not_picked":["Finisher","Sucker Punch"],"picked":"Bane","floor":3},{"not_picked":["Acrobatics","PiercingWail"],"picked":"Slice","floor":4},{"not_picked":["Backflip","Dodge and Roll"],"picked":"Acrobatics","floor":5},{"not_picked":["Expertise","Eviscerate"],"picked":"Slice","floor":11},{"not_picked":["Expertise","PiercingWail"],"picked":"Bane","floor":12},{"not_picked":["Sucker Punch","Dash","Eviscerate"],"picked":"SKIP","floor":14}],"player_experience":303648,"relics_obtained":[{"floor":9,"key":"Tingsha"}],"event_choices":[{"event_name":"Bonfire Elementals","player_choice":"UNCOMMON","floor":7,"damage_taken":0},{"event_name":"Living Wall","player_choice":"Grow","floor":10,"damage_taken":0}],"is_beta":false,"boss_relics":[],"items_purged_floors":[],"is_endless":false,"potions_floor_spawned":[1,2,4,14],"killed_by":"The Guardian","ascension_level":0}