{"path_per_floor":["M","M","M","M","M","R","$","M","T","E","R","M","?"],"character_chosen":"THE_SILENT","items_purchased":["Bouncing Flask","Unload"],"gold_per_floor":[118,133,153,164,183,183,3,23,101,131,131,142,142,142],"floor_reached":14,"campfire_rested":2,"playtime":1882,"item_purchase_floors":[7,7],"current_hp_per_floor":[58,54,49,23,19,40,40,28,28,6,27,22,15,0],"items_purged":[],"gold":142,"score":94,"play_id":"38957a6e-f58c-4bfb-8d08-3ec9704c5618","local_time":"20180614194145","is_prod":false,"is_daily":false,"chose_seed":false,"is_ascension_mode":false,"campfire_upgraded":0,"win_rate":0.0,"timestamp":1529019705,"campfire_choices":[{"floor":6,"key":"REST"},{"floor":11,"key":"REST"}],"path_taken":["M","M","M","M","M","R","$","M","T","E","R","M","?","M"],"build_version":"2018-06-07v3","seed_source_timestamp":128678429861109,"purchased_purges":0,"victory":false,"master_deck":["Defend_G","Defend_G","Defend_G","Defend_G","Defend_G","Strike_G","Strike_G","Strike_G","Strike_G","Strike_G","Survivor","Neutralize","A Thousand Cuts","Underhanded Strike","Blur","Quick Slash","Infinite Blades","Eviscerate","Bouncing Flask","Unload","Outmaneuver","Distraction+1","Blur+1"],"max_hp_per_floor":[70,70,70,70,70,70,70,70,70,70,70,70,70,70],"relics":["Ring of the Snake","Toxic Egg 2","Gremlin Horn"],"card_choices":[{"not_picked":["Dodge and Roll","PiercingWail"],"picked":"Underhanded Strike","floor":1},{"not_picked":["Deflect","PiercingWail"],"picked":"Blur","floor":2},{"not_picked":["Footwork","Poisoned Stab"],"picked":"Quick Slash","floor":3},{"not_picked":["Dagger Spray","Riddle With Holes"],"picked":"Infinite Blades","floor":4},{"not_picked":["Masterful Stab","Acrobatics"],"picked":"Eviscerate","floor":5},{"not_picked":["Expertise","Noxious Fumes"],"picked":"Outmaneuver","floor":8},{"not_picked":["Infinite Blades","Finisher"],"picked":"Distraction+1","floor":10},{"not_picked":["Escape Plan+1","PiercingWail+1"],"picked":"Blur+1","floor":12}],"player_experience":20436,"potions_floor_usage":[10,12],"damage_taken":[{"damage":12,"enemies":"Jaw Worm","floor":1,"turns":5},{"damage":4,"enemies":"Cultist","floor":2,"turns":4},{"damage":5,"enemies":"Small Slimes","floor":3,"turns":4},{"damage":26,"enemies":"Exordium Wildlife","floor":4,"turns":6},{"damage":4,"enemies":"Red Slaver","floor":5,"turns":5},{"damage":12,"enemies":"2 Fungi Beasts","floor":8,"turns":3},{"damage":22,"enemies":"3 Sentries","floor":10,"turns":7},{"damage":5,"enemies":"Exordium Thugs","floor":12,"turns":5},{"damage":15,"enemies":"Large Slime","floor":14,"turns":5}],"relics_obtained":[{"floor":9,"key":"Toxic Egg 2"},{"floor":10,"key":"Gremlin Horn"}],"event_choices":[{"event_name":"Wheel of Change","player_choice":"Damage","floor":13,"damage_taken":0}],"boss_relics":[],"items_purged_floors":[],"potions_floor_spawned":[8,10],"seed_played":"116581239419632637","killed_by":"Large Slime","ascension_level":0,"potions_obtained":[{"floor":8,"key":"SpeedPotion"},{"floor":10,"key":"Energy Potion"}],"is_trial":false}