{"gold_per_floor":[109,124,124,174,190,216,216,236,263,224,236,236,270,288,288,288],"floor_reached":16,"playtime":809,"items_purged":[],"score":196,"play_id":"60e5e6c1-d0a7-4009-8f3a-149bce327306","local_time":"20190113175430","is_ascension_mode":true,"campfire_choices":[{"data":"Searing Blow","floor":7,"key":"SMITH"},{"floor":12,"key":"REST"},{"floor":15,"key":"REST"}],"neow_cost":"NONE","seed_source_timestamp":292518873090903,"circlet_count":0,"master_deck":["AscendersBane","Strike_R","Strike_R","Strike_R","Strike_R","Strike_R","Defend_R+1","Defend_R+1","Defend_R","Defend_R","Bash","Searing Blow+1","Pommel Strike","Warcry","Dual Wield","Intimidate","Bludgeon","Ghostly Armor"],"relics":["Burning Blood","Anchor","Boot","War Paint","Bronze Scales"],"potions_floor_usage":[6,13,16],"damage_taken":[{"damage":1,"enemies":"2 Louse","floor":1,"turns":3},{"damage":19,"enemies":"Small Slimes","floor":2,"turns":5},{"damage":1,"enemies":"Cultist","floor":5,"turns":4},{"damage":35,"enemies":"3 Sentries","floor":6,"turns":8},{"damage":22,"enemies":"Exordium Wildlife","floor":8,"turns":5},{"damage":1,"enemies":"2 Fungi Beasts","floor":11,"turns":4},{"damage":24,"enemies":"Gremlin Nob","floor":13,"turns":4},{"damage":10,"enemies":"3 Louse","floor":14,"turns":3},{"damage":70,"enemies":"Slime Boss","floor":16,"turns":10}],"seed_played":"-6079525716334711892","potions_obtained":[{"floor":2,"key":"Ancient Potion"},{"floor":5,"key":"SkillPotion"},{"floor":6,"key":"GamblersBrew"},{"floor":14,"key":"BloodPotion"}],"is_trial":false,"path_per_floor":["M","M","?","?","M","E","R","M","T","?","M","R","E","M","R","B"],"character_chosen":"IRONCLAD","items_purchased":[],"campfire_rested":2,"item_purchase_floors":[],"current_hp_per_floor":[73,60,65,65,70,41,41,25,25,25,30,54,36,32,56,0],"gold":288,"neow_bonus":"RANDOM_COMMON_RELIC","is_prod":false,"is_daily":false,"chose_seed":false,"campfire_upgraded":1,"win_rate":0,"timestamp":1547430870,"path_taken":["M","M","?","?","?","E","R","M","T","?","M","R","E","M","R","BOSS"],"build_version":"2019-01-10","purchased_purges":0,"victory":false,"max_hp_per_floor":[75,75,80,80,80,80,80,80,80,80,80,80,80,80,80,80],"card_choices":[{"not_picked":["Cleave","Body Slam"],"picked":"Searing Blow","floor":1},{"not_picked":["Rupture","Shockwave"],"picked":"Pommel Strike","floor":2},{"not_picked":["Havoc","Clothesline"],"picked":"Warcry","floor":5},{"not_picked":["Metallicize","Spot Weakness"],"picked":"Dual Wield","floor":6},{"not_picked":["Sever Soul","Heavy Blade","Pommel Strike"],"picked":"SKIP","floor":8},{"not_picked":["Body Slam","Sentinel"],"picked":"Intimidate","floor":11},{"not_picked":["Anger","Rampage"],"picked":"Bludgeon","floor":13},{"not_picked":["Rage","Spot Weakness"],"picked":"Ghostly Armor","floor":14}],"player_experience":477926,"relics_obtained":[{"floor":6,"key":"Boot"},{"floor":9,"key":"War Paint"},{"floor":13,"key":"Bronze Scales"}],"event_choices":[{"damage_healed":0,"gold_gain":0,"player_choice":"Donut","damage_taken":0,"max_hp_gain":5,"max_hp_loss":0,"event_name":"Big Fish","floor":3,"gold_loss":0},{"damage_healed":0,"gold_gain":50,"player_choice":"Pray","damage_taken":0,"max_hp_gain":0,"max_hp_loss":0,"event_name":"Golden Shrine","floor":4,"gold_loss":0},{"damage_healed":0,"gold_gain":0,"player_choice":"Left Gold","damage_taken":0,"max_hp_gain":0,"max_hp_loss":0,"event_name":"World of Goop","floor":10,"gold_loss":39}],"is_beta":false,"boss_relics":[],"items_purged_floors":[],"is_endless":false,"potions_floor_spawned":[2,5,6,14],"killed_by":"Slime Boss","ascension_level":15}