{"gold_per_floor":[117,132,150,164,164,10,28,47,47,47,63,82,101,101],"floor_reached":14,"playtime":1438,"items_purged":[],"score":88,"play_id":"9c4f76a4-2352-49bd-87d0-dc9b2a93598d","local_time":"20190218033447","is_ascension_mode":false,"campfire_choices":[{"floor":10,"key":"REST"}],"neow_cost":"CURSE","seed_source_timestamp":173716785704113,"circlet_count":0,"master_deck":["Strike_R","Strike_R","Strike_R","Strike_R","Strike_R","Defend_R","Defend_R","Defend_R","Defend_R","Bash","Anger","Shrug It Off","Inflame","Anger","Armaments","Good Instincts","Shrug It Off","Brutality","Iron Wave","Armaments","Armaments","Heavy Blade"],"relics":["Burning Blood","Ice Cream","Dodecahedron"],"potions_floor_usage":[],"damage_taken":[{"damage":4,"enemies":"Cultist","floor":1,"turns":4},{"damage":7,"enemies":"Small Slimes","floor":2,"turns":3},{"damage":0,"enemies":"2 Louse","floor":3,"turns":3},{"damage":23,"enemies":"Lots of Slimes","floor":4,"turns":6},{"damage":0,"enemies":"3 Louse","floor":7,"turns":4},{"damage":35,"enemies":"Gremlin Gang","floor":8,"turns":6},{"damage":4,"enemies":"2 Fungi Beasts","floor":11,"turns":4},{"damage":0,"enemies":"Blue Slaver","floor":12,"turns":4},{"damage":10,"enemies":"Large Slime","floor":13,"turns":7},{"damage":69,"enemies":"Gremlin Nob","floor":14,"turns":6}],"seed_played":"-3249581597757261545","potions_obtained":[{"floor":1,"key":"BloodPotion"},{"floor":8,"key":"SpeedPotion"},{"floor":12,"key":"Dexterity Potion"}],"is_trial":false,"path_per_floor":["M","M","M","M","?","$","M","M","T","R","M","M","M","E"],"character_chosen":"IRONCLAD","items_purchased":["Armaments","Good Instincts","Shrug It Off"],"campfire_rested":1,"item_purchase_floors":[6,6,6],"current_hp_per_floor":[80,79,80,63,56,56,62,33,33,57,59,65,61,0],"gold":101,"neow_bonus":"ONE_RARE_RELIC","is_prod":false,"is_daily":false,"chose_seed":false,"campfire_upgraded":0,"win_rate":0.0,"timestamp":1550478887,"path_taken":["M","?","M","M","?","$","M","M","T","R","M","M","M","E"],"build_version":"2019-01-23","purchased_purges":0,"victory":false,"max_hp_per_floor":[80,80,80,80,80,80,80,80,80,80,80,80,80,80],"card_choices":[{"not_picked":["Headbutt","Perfected Strike"],"picked":"Anger","floor":1},{"not_picked":["Thunderclap","Cleave"],"picked":"Shrug It Off","floor":2},{"not_picked":["True Grit","Headbutt"],"picked":"Inflame","floor":3},{"not_picked":["Fire Breathing","Sword Boomerang"],"picked":"Anger","floor":4},{"not_picked":["Perfected Strike","Intimidate"],"picked":"Brutality","floor":7},{"not_picked":["Shrug It Off","Warcry"],"picked":"Iron Wave","floor":8},{"not_picked":["Second Wind","Dual Wield"],"picked":"Armaments","floor":11},{"not_picked":["Demon Form","Feel No Pain"],"picked":"Armaments","floor":12},{"not_picked":["True Grit","Pommel Strike"],"picked":"Heavy Blade","floor":13}],"player_experience":4637,"relics_obtained":[{"floor":9,"key":"Dodecahedron"}],"event_choices":[{"cards_removed":["Shame"],"damage_healed":0,"gold_gain":0,"player_choice":"Card Removal","damage_taken":7,"max_hp_gain":0,"max_hp_loss":0,"event_name":"Golden Wing","floor":5,"gold_loss":0}],"is_beta":false,"boss_relics":[],"items_purged_floors":[],"is_endless":false,"potions_floor_spawned":[1,8,12],"killed_by":"Gremlin Nob","ascension_level":0}