{"gold_per_floor":[114,39,54,54,129,144,144,163,163,191,204,104,119,132,132,132],"floor_reached":16,"playtime":495,"items_purged":["Bash","Defend_R"],"score":104,"play_id":"985f3359-35ca-4fde-8c55-fc417dcadd33","local_time":"20180803230239","is_ascension_mode":false,"campfire_choices":[{"floor":7,"key":"REST"},{"data":"Perfected Strike","floor":15,"key":"SMITH"}],"neow_cost":"NONE","seed_source_timestamp":48168212578805,"circlet_count":0,"master_deck":["Strike_R","Strike_R","Strike_R","Strike_R","Strike_R","Defend_R","Defend_R","Defend_R","Shrug It Off","Perfected Strike+1","Perfected Strike","Battle Trance","Sever Soul","Hemokinesis"],"relics":["Burning Blood","Lantern","Bottled Flame","Frozen Egg 2"],"potions_floor_usage":[10,16,16],"damage_taken":[{"damage":8,"enemies":"2 Louse","floor":1,"turns":3},{"damage":10,"enemies":"Jaw Worm","floor":3,"turns":4},{"damage":0,"enemies":"Cultist","floor":6,"turns":3},{"damage":0,"enemies":"Exordium Wildlife","floor":8,"turns":4},{"damage":14,"enemies":"Gremlin Nob","floor":10,"turns":3},{"damage":0,"enemies":"3 Louse","floor":11,"turns":2},{"damage":8,"enemies":"Red Slaver","floor":13,"turns":2},{"damage":10,"enemies":"Blue Slaver","floor":14,"turns":2},{"damage":75,"enemies":"Hexaghost","floor":16,"turns":9}],"seed_played":"6916535126117179665","potions_obtained":[{"floor":1,"key":"Strength Potion"},{"floor":8,"key":"Fire Potion"},{"floor":11,"key":"FearPotion"}],"is_trial":false,"path_per_floor":["M","$","M","?","?","M","R","M","T","E","M","$","M","M","R"],"character_chosen":"IRONCLAD","items_purchased":[],"campfire_rested":1,"item_purchase_floors":[],"current_hp_per_floor":[78,78,74,74,63,69,80,80,80,72,78,78,76,72,72,0],"gold":132,"neow_bonus":"RANDOM_COMMON_RELIC","is_prod":false,"is_daily":false,"chose_seed":false,"campfire_upgraded":1,"win_rate":0.0,"timestamp":1533351759,"path_taken":["M","$","M","?","?","M","R","M","T","E","?","$","M","M","R","BOSS"],"build_version":"2018-08-02","purchased_purges":2,"victory":false,"max_hp_per_floor":[80,80,80,80,80,80,80,80,80,80,80,80,80,80,80,80],"card_choices":[{"not_picked":["Dual Wield","Warcry"],"picked":"Shrug It Off","floor":1},{"not_picked":["Iron Wave","Inflame"],"picked":"Perfected Strike","floor":3},{"not_picked":["Twin Strike","Warcry"],"picked":"Perfected Strike","floor":6},{"not_picked":["Second Wind","Iron Wave"],"picked":"Battle Trance","floor":8},{"not_picked":["Clothesline","Berserk"],"picked":"Sever Soul","floor":10},{"not_picked":["Body Slam","Blood for Blood","Corruption+1"],"picked":"SKIP","floor":11},{"not_picked":["Headbutt","Iron Wave"],"picked":"Hemokinesis","floor":13},{"not_picked":["Intimidate","Searing Blow","Clash"],"picked":"SKIP","floor":14}],"player_experience":300005,"relics_obtained":[{"floor":9,"key":"Bottled Flame"},{"floor":10,"key":"Frozen Egg 2"}],"event_choices":[{"event_name":"Golden Idol","player_choice":"Ignored","floor":4,"damage_taken":0},{"event_name":"World of Goop","player_choice":"Gather Gold","floor":5,"damage_taken":0}],"is_beta":false,"boss_relics":[],"items_purged_floors":[2,12],"is_endless":false,"potions_floor_spawned":[1,8,11],"killed_by":"Hexaghost","ascension_level":0}