{"gold_per_floor":[110,70,70,81,81,81,115,133,157,41,41,76,76,104,104,205,205,216,131,145,39,57,57,85,85,111,130,55,70,70,80,80,175,175,194,212,212],"floor_reached":37,"playtime":2131,"items_purged":[],"score":528,"play_id":"8a2f8297-d95b-4ab7-8c9f-0d9be2345f94","local_time":"20190404171527","is_ascension_mode":true,"campfire_choices":[{"data":"Chaos","floor":6.0,"key":"SMITH"},{"floor":13.0,"key":"REST"},{"floor":15.0,"key":"REST"},{"data":"Creative AI","floor":23.0,"key":"SMITH"},{"floor":25.0,"key":"REST"},{"floor":32,"key":"REST"}],"neow_cost":"NONE","seed_source_timestamp":0,"circlet_count":0,"master_deck":["Zap+1","Dualcast","Chaos","Loop","Chaos+1","Conserve Battery","Redo","Self Repair","Darkness+1","Chaos","Creative AI+1","Buffer","Stack","Melter","Heatsinks","Barrage","Scrape","Auto Shields","Chaos","Hello World+1","Redo","Capacitor","Fusion","Coolheaded+1","White Noise","Rainbow","Glacier+1"],"special_seed":0,"relics":["Cracked Core","NeowsBlessing","Bag of Preparation","Incense Burner","Dream Catcher","Happy Flower","Bag of Marbles","Pandora\u0027s Box","Bronze Scales","FossilizedHelix","War Paint","Inserter"],"potions_floor_usage":[31,33,37],"damage_taken":[{"damage":0.0,"enemies":"Small Slimes","floor":1.0,"turns":1.0},{"damage":0.0,"enemies":"2 Louse","floor":4.0,"turns":1.0},{"damage":0.0,"enemies":"3 Sentries","floor":7.0,"turns":1.0},{"damage":0.0,"enemies":"Jaw Worm","floor":8.0,"turns":5.0},{"damage":14.0,"enemies":"Lagavulin","floor":12.0,"turns":6.0},{"damage":21.0,"enemies":"3 Sentries","floor":14.0,"turns":6.0},{"damage":53.0,"enemies":"Hexaghost","floor":16.0,"turns":10.0},{"damage":12.0,"enemies":"Chosen","floor":18.0,"turns":5.0},{"damage":4.0,"enemies":"Spheric Guardian","floor":20.0,"turns":3.0},{"damage":18.0,"enemies":"Snecko","floor":22.0,"turns":5.0},{"damage":33.0,"enemies":"Book of Stabbing","floor":24.0,"turns":6.0},{"damage":18,"enemies":"Centurion and Healer","floor":27,"turns":7},{"damage":37,"enemies":"Shelled Parasite and Fungi","floor":29,"turns":6},{"damage":13,"enemies":"Snake Plant","floor":31,"turns":4},{"damage":22,"enemies":"Champ","floor":33,"turns":8},{"damage":30,"enemies":"3 Darklings","floor":35,"turns":5},{"damage":7,"enemies":"Orb Walker","floor":36,"turns":5},{"damage":65,"enemies":"2 Orb Walkers","floor":37,"turns":4}],"seed_played":"291042352032841871","potions_obtained":[{"floor":12.0,"key":"Block Potion"},{"floor":14.0,"key":"Fruit Juice"},{"floor":16.0,"key":"SkillPotion"},{"floor":20.0,"key":"Dexterity Potion"},{"floor":24.0,"key":"PowerPotion"},{"floor":33,"key":"LiquidBronze"},{"floor":35,"key":"Swift Potion"}],"is_trial":false,"path_per_floor":["M","$","?","M","?","R","E","M","T","$","?","E","R","E","R","B",null,"M","?","M","$","M","R","E","R","T","M","?","M","?","M","R","B",null,"M","M","?"],"character_chosen":"DEFECT","items_purchased":["Loop","Self Repair","Darkness","Capacitor","Fusion"],"campfire_rested":4,"item_purchase_floors":[2,10,10,21,21],"current_hp_per_floor":[75,75,80,80,62,62,62,62,62,62,46,39,63,54,79,33,85,80,80,83,83,72,72,46,71,71,60,60,30,30,24,49,27,85,62,62,0],"gold":212,"neow_bonus":"THREE_ENEMY_KILL","is_prod":false,"is_daily":false,"chose_seed":false,"campfire_upgraded":2,"win_rate":0,"timestamp":1554412527,"path_taken":["M","$","?","M","?","R","E","M","T","$","?","E","R","E","R","BOSS","M","?","M","$","M","R","E","R","T","M","?","M","?","M","R","BOSS","M","M","?"],"build_version":"2019-01-23","purchased_purges":0,"victory":false,"max_hp_per_floor":[75,75,80,80,80,80,80,80,80,80,80,80,80,85,85,85,85,85,85,85,85,85,85,85,85,85,85,85,85,85,85,85,85,85,85,85,85],"card_choices":[{"not_picked":["Rebound","Beam Cell"],"picked":"Chaos","floor":1.0},{"not_picked":["Force Field","Leap"],"picked":"Chaos","floor":4.0},{"not_picked":["Consume","Genetic Algorithm"],"picked":"Conserve Battery","floor":7.0},{"not_picked":["Stack","Self Repair"],"picked":"Redo","floor":8.0},{"not_picked":["Barrage","Rip and Tear","Sweeping Beam"],"picked":"SKIP","floor":12.0},{"not_picked":["Compile Driver","Cold Snap"],"picked":"Chaos","floor":13.0},{"not_picked":["Echo Form","Go for the Eyes"],"picked":"Creative AI","floor":14.0},{"not_picked":["Amplify","All For One"],"picked":"Buffer","floor":16.0},{"not_picked":["Steam Power","Skim"],"picked":"Hello World+1","floor":18.0},{"not_picked":["Ball Lightning","Stack+1"],"picked":"Redo","floor":20.0},{"not_picked":["Rebound","Sunder"],"picked":"Coolheaded+1","floor":22.0},{"not_picked":["Heatsinks","Aggregate"],"picked":"White Noise","floor":24.0},{"not_picked":["Recycle","Steam Power","Auto Shields"],"picked":"SKIP","floor":27},{"not_picked":["Coolheaded","Ball Lightning","Tempest"],"picked":"SKIP","floor":29},{"not_picked":["Steam","Cold Snap","Sweeping Beam+1"],"picked":"SKIP","floor":31},{"not_picked":["Amplify","Buffer"],"picked":"Rainbow","floor":33},{"not_picked":["Redo+1","Rebound"],"picked":"Glacier+1","floor":35},{"not_picked":["Reprogram","Genetic Algorithm","Undo+1"],"picked":"SKIP","floor":36}],"player_experience":204047,"relics_obtained":[{"floor":7.0,"key":"Incense Burner"},{"floor":9.0,"key":"Dream Catcher"},{"floor":12.0,"key":"Happy Flower"},{"floor":14.0,"key":"Bag of Marbles"},{"floor":24.0,"key":"FossilizedHelix"},{"floor":26,"key":"War Paint"}],"event_choices":[{"damage_healed":0.0,"max_hp_gain":5.0,"max_hp_loss":0.0,"gold_gain":0.0,"event_name":"Big Fish","player_choice":"Donut","floor":3.0,"gold_loss":0.0,"damage_taken":0.0},{"damage_healed":0.0,"max_hp_gain":0.0,"max_hp_loss":0.0,"gold_gain":0.0,"event_name":"Scrap Ooze","player_choice":"Success","floor":5.0,"gold_loss":0.0,"damage_taken":18.0,"relics_obtained":["Bag of Preparation"]},{"damage_healed":0.0,"max_hp_gain":0.0,"max_hp_loss":0.0,"gold_gain":0.0,"event_name":"Shining Light","player_choice":"Entered Light","floor":11.0,"gold_loss":0.0,"damage_taken":16.0,"cards_upgraded":["Strike_B","Strike_B"]},{"damage_healed":0.0,"max_hp_gain":0.0,"max_hp_loss":0.0,"gold_gain":0.0,"event_name":"Addict","player_choice":"Obtained Relic","floor":19.0,"gold_loss":85.0,"damage_taken":0.0,"relics_obtained":["Bronze Scales"]},{"cards_removed":["Hyperbeam"],"damage_healed":0,"gold_gain":0,"player_choice":"Gave Gold","damage_taken":0,"max_hp_gain":0,"max_hp_loss":0,"event_name":"Beggar","floor":28,"gold_loss":75},{"damage_healed":0,"gold_gain":0,"player_choice":"Ignored","damage_taken":0,"max_hp_gain":0,"max_hp_loss":0,"event_name":"Vampires","floor":30,"gold_loss":0},{"damage_healed":0,"gold_gain":0,"player_choice":"Fight","damage_taken":0,"max_hp_gain":0,"max_hp_loss":0,"event_name":"Mysterious Sphere","floor":37,"gold_loss":0}],"is_beta":false,"boss_relics":[{"not_picked":["Fusion Hammer","Busted Crown"],"picked":"Pandora\u0027s Box"},{"not_picked":["Runic Pyramid","Tiny House"],"picked":"Inserter"}],"items_purged_floors":[],"is_endless":false,"potions_floor_spawned":[12,14,16,20,24,33,35,36],"killed_by":"2 Orb Walkers","ascension_level":2}