{"gold_per_floor":[13,13,26,0,20,20,64,64,64,64,64,89,89],"floor_reached":13,"playtime":284,"items_purged":[],"score":166,"play_id":"83685579-c87a-4041-9110-c67f83983c9b","local_time":"20190316230852","is_ascension_mode":true,"campfire_choices":[{"data":"Bash","floor":6,"key":"SMITH"},{"data":"Pommel Strike","floor":8,"key":"SMITH"},{"data":"Sword Boomerang","floor":11,"key":"SMITH"}],"neow_cost":"NO_GOLD","seed_source_timestamp":90155808056897,"circlet_count":0,"master_deck":["AscendersBane","Strike_R","Strike_R","Strike_R","Strike_R","Strike_R","Defend_R","Defend_R","Defend_R","Defend_R","Bash+1","Sword Boomerang+1","Pommel Strike+1","Metallicize"],"relics":["Burning Blood","Nunchaku","Golden Idol","Pear","Meat on the Bone","Ornamental Fan"],"potions_floor_usage":[5,13],"damage_taken":[{"damage":11,"enemies":"Jaw Worm","floor":1,"turns":4},{"damage":0,"enemies":"Small Slimes","floor":3,"turns":3},{"damage":11,"enemies":"2 Louse","floor":5,"turns":4},{"damage":47,"enemies":"Gremlin Nob","floor":7,"turns":5},{"damage":2,"enemies":"Looter","floor":12,"turns":4},{"damage":42,"enemies":"Lagavulin","floor":13,"turns":5}],"seed_played":"-2134181376044580600","potions_obtained":[{"floor":3,"key":"Regen Potion"},{"floor":12,"key":"BloodPotion"}],"is_trial":false,"path_per_floor":["M","?","M","?","M","R","E","R","T","?","R","M","E"],"character_chosen":"IRONCLAD","items_purchased":[],"campfire_rested":0,"item_purchase_floors":[],"current_hp_per_floor":[63,37,43,43,50,50,19,19,19,8,8,24,0],"gold":89,"neow_bonus":"ONE_RARE_RELIC","is_prod":false,"is_daily":false,"chose_seed":false,"campfire_upgraded":3,"win_rate":0,"timestamp":1552763332,"path_taken":["M","?","M","?","M","R","E","R","T","?","R","M","E"],"build_version":"2019-01-23","purchased_purges":0,"victory":false,"max_hp_per_floor":[75,75,75,75,75,75,85,85,85,85,85,85,85],"card_choices":[{"not_picked":["Wild Strike","Havoc"],"picked":"Sword Boomerang","floor":1},{"not_picked":["Corruption","Twin Strike"],"picked":"Pommel Strike","floor":3},{"not_picked":["Iron Wave","Carnage"],"picked":"Metallicize","floor":5},{"not_picked":["Sword Boomerang","Rage","Sever Soul"],"picked":"SKIP","floor":7},{"not_picked":["Pummel","Warcry","Clash"],"picked":"SKIP","floor":12}],"player_experience":753141,"relics_obtained":[{"floor":7,"key":"Pear"},{"floor":9,"key":"Meat on the Bone"}],"event_choices":[{"damage_healed":0,"gold_gain":0,"player_choice":"Take Damage","damage_taken":26,"relics_obtained":["Golden Idol"],"max_hp_gain":0,"max_hp_loss":0,"event_name":"Golden Idol","floor":2,"gold_loss":0},{"damage_healed":0,"gold_gain":0,"player_choice":"Left Gold","damage_taken":0,"max_hp_gain":0,"max_hp_loss":0,"event_name":"World of Goop","floor":4,"gold_loss":26},{"damage_healed":0,"gold_gain":0,"player_choice":"Success","damage_taken":11,"relics_obtained":["Ornamental Fan"],"max_hp_gain":0,"max_hp_loss":0,"event_name":"Scrap Ooze","floor":10,"gold_loss":0}],"is_beta":false,"boss_relics":[],"items_purged_floors":[],"is_endless":false,"potions_floor_spawned":[3,12],"killed_by":"Lagavulin","ascension_level":20}