{"gold_per_floor":[109,124,274,291,366,366,3,3,3,3,46,46,70,70,70,70],"floor_reached":16,"playtime":251,"items_purged":["Doubt"],"score":196,"play_id":"b98766d9-da03-4707-a0ee-c7344d6cf4c9","local_time":"20190317135946","is_ascension_mode":true,"campfire_choices":[{"data":"Whirlwind","floor":6,"key":"SMITH"},{"floor":10,"key":"REST"},{"data":"Bash","floor":12,"key":"SMITH"},{"floor":15,"key":"REST"}],"neow_cost":"NONE","seed_source_timestamp":143645698576337,"circlet_count":0,"master_deck":["AscendersBane","Strike_R","Strike_R","Strike_R","Strike_R","Strike_R","Defend_R","Defend_R","Defend_R","Defend_R","Bash+1","Cleave","Twin Strike","Whirlwind+1","Headbutt"],"relics":["Burning Blood","Bag of Preparation","Meat on the Bone","Golden Idol","Gremlin Horn","Strawberry","Darkstone Periapt"],"potions_floor_usage":[13],"damage_taken":[{"damage":14,"enemies":"Small Slimes","floor":1,"turns":5},{"damage":11,"enemies":"2 Louse","floor":2,"turns":2},{"damage":12,"enemies":"Jaw Worm","floor":4,"turns":2},{"damage":57,"enemies":"Lagavulin","floor":11,"turns":6},{"damage":16,"enemies":"3 Louse","floor":13,"turns":2},{"damage":0,"enemies":"The Guardian","floor":16,"turns":1}],"seed_played":"-5063966937763851092","potions_obtained":[{"floor":1,"key":"Dexterity Potion"},{"floor":4,"key":"BloodPotion"},{"floor":13,"key":"Energy Potion"}],"is_trial":false,"path_per_floor":["M","M","?","M","?","R","$","?","T","R","E","R","M","T","R","B"],"character_chosen":"IRONCLAD","items_purchased":["Meat on the Bone"],"campfire_rested":2,"item_purchase_floors":[7],"current_hp_per_floor":[60,55,55,49,38,38,38,38,38,58,26,26,35,35,57,57],"gold":70,"neow_bonus":"RANDOM_COMMON_RELIC","is_prod":false,"is_daily":false,"chose_seed":false,"campfire_upgraded":2,"win_rate":0,"timestamp":1552816786,"path_taken":["M","M","?","M","?","R","$","?","T","R","E","R","M","?","R","BOSS"],"build_version":"2019-01-23","purchased_purges":1,"victory":false,"max_hp_per_floor":[75,75,75,75,75,75,75,68,68,68,75,75,75,75,75,75],"card_choices":[{"not_picked":["Dropkick","Clothesline"],"picked":"Cleave","floor":1},{"not_picked":["Wild Strike","Infernal Blade"],"picked":"Twin Strike","floor":2},{"not_picked":["Thunderclap","Anger"],"picked":"Whirlwind","floor":4},{"not_picked":["Infernal Blade","Flex"],"picked":"Headbutt","floor":11},{"not_picked":["Intimidate","Iron Wave","Anger"],"picked":"SKIP","floor":13}],"player_experience":756597,"relics_obtained":[{"floor":9,"key":"Gremlin Horn"},{"floor":11,"key":"Strawberry"},{"floor":14,"key":"Darkstone Periapt"}],"event_choices":[{"damage_healed":0,"gold_gain":150,"player_choice":"AGREE","damage_taken":0,"max_hp_gain":0,"max_hp_loss":0,"event_name":"Liars Game","floor":3,"gold_loss":0,"cards_obtained":["Doubt"]},{"damage_healed":0,"gold_gain":75,"player_choice":"Gather Gold","damage_taken":11,"max_hp_gain":0,"max_hp_loss":0,"event_name":"World of Goop","floor":5,"gold_loss":0},{"damage_healed":0,"gold_gain":0,"player_choice":"Lose Max HP","damage_taken":0,"relics_obtained":["Golden Idol"],"max_hp_gain":0,"max_hp_loss":7,"event_name":"Golden Idol","floor":8,"gold_loss":0}],"is_beta":false,"boss_relics":[],"items_purged_floors":[7],"is_endless":false,"potions_floor_spawned":[1,4,13],"killed_by":"The Guardian","ascension_level":20}