{"gold_per_floor":[112,187,187,38,38,38,38,38,38,38,57,69,36,55,55,152,152,168,168,179,79,79,79,93,113,138,138,207,257,63,77,77,173,173,192,242,262,273,339,339,373,373,373,18,68,68,103,113,113,113],"floor_reached":51,"playtime":1273,"items_purged":["Strike_R","Defend_R","Regret"],"score":793,"play_id":"3c28de93-f199-44d4-8ad5-825daf7bea9d","local_time":"20190408131144","is_ascension_mode":false,"campfire_choices":[{"data":"Flex","floor":6.0,"key":"SMITH"},{"data":"Bash","floor":7.0,"key":"SMITH"},{"data":"Whirlwind","floor":8.0,"key":"SMITH"},{"data":"Defend_R","floor":10.0,"key":"SMITH"},{"data":"Shockwave","floor":15.0,"key":"SMITH"},{"data":"Double Tap","floor":23.0,"key":"SMITH"},{"data":"Heavy Blade","floor":27.0,"key":"SMITH"},{"data":"Battle Trance","floor":32,"key":"SMITH"},{"data":"Madness","floor":40,"key":"SMITH"},{"data":"Demon Form","floor":42,"key":"SMITH"},{"data":"Madness","floor":46,"key":"SMITH"},{"data":"Flame Barrier","floor":49,"key":"SMITH"}],"neow_cost":"TEN_PERCENT_HP_LOSS","seed_source_timestamp":6729647268031,"circlet_count":0,"master_deck":["Strike_R","Strike_R","Defend_R","Defend_R","Defend_R+1","Bash+1","Flex+1","Whirlwind+1","Heavy Blade+1","Carnage","Shockwave+1","Double Tap+1","Havoc+1","Flex+1","Havoc+1","Battle Trance+1","Whirlwind+1","Master of Strategy","Flex+1","Demon Form+1","Madness+1","Madness+1","Flame Barrier+1","Inflame+1"],"special_seed":0,"relics":["Burning Blood","WingedGreaves","Magic Flower","Coffee Dripper","SsserpentHead","Vajra","Cursed Key","Kunai","Strawberry","PreservedInsect","Bag of Preparation"],"potions_floor_usage":[33,50,50,50],"damage_taken":[{"damage":5.0,"enemies":"Jaw Worm","floor":1.0,"turns":5.0},{"damage":0.0,"enemies":"2 Louse","floor":11.0,"turns":2.0},{"damage":0.0,"enemies":"Cultist","floor":12.0,"turns":2.0},{"damage":0.0,"enemies":"Exordium Wildlife","floor":14.0,"turns":2.0},{"damage":50.0,"enemies":"Hexaghost","floor":16.0,"turns":10.0},{"damage":0.0,"enemies":"Spheric Guardian","floor":18.0,"turns":3.0},{"damage":1.0,"enemies":"2 Thieves","floor":20.0,"turns":2.0},{"damage":0.0,"enemies":"Snecko","floor":24.0,"turns":2.0},{"damage":5.0,"enemies":"Chosen and Byrds","floor":25.0,"turns":2.0},{"damage":12.0,"enemies":"Centurion and Healer","floor":28.0,"turns":2.0},{"damage":1,"enemies":"Cultist and Chosen","floor":31,"turns":2},{"damage":0,"enemies":"Collector","floor":33,"turns":3},{"damage":20,"enemies":"3 Shapes","floor":35,"turns":4},{"damage":7,"enemies":"Orb Walker","floor":38,"turns":2},{"damage":0,"enemies":"Jaw Worm Horde","floor":39,"turns":2},{"damage":10,"enemies":"Giant Head","floor":41,"turns":5},{"damage":10,"enemies":"Reptomancer","floor":47,"turns":3},{"damage":0,"enemies":"Writhing Mass","floor":48,"turns":1},{"damage":73,"enemies":"Time Eater","floor":50,"turns":6}],"seed_played":"-4962339955789897474","potions_obtained":[{"floor":11.0,"key":"AttackPotion"},{"floor":12.0,"key":"AttackPotion"},{"floor":16.0,"key":"Ancient Potion"},{"floor":18.0,"key":"EssenceOfSteel"},{"floor":25.0,"key":"FearPotion"},{"floor":37,"key":"SkillPotion"},{"floor":37,"key":"FearPotion"},{"floor":47,"key":"LiquidBronze"},{"floor":48,"key":"PowerPotion"}],"is_trial":false,"path_per_floor":["M","?","?","$","?","R","R","R","T","R","M","M","$","M","R","B",null,"M","?","M","$","?","R","M","M","T","R","M","?","$","M","R","B",null,"M","?","?","M","M","R","E","R","T","$","?","R","E","M","R","B",null],"character_chosen":"IRONCLAD","items_purchased":["Whirlwind","Carnage","Master of Strategy","Flex","Ancient Potion","PreservedInsect"],"campfire_rested":0,"item_purchase_floors":[4,13,30,30,44,44],"current_hp_per_floor":[72,61,54,54,59,59,59,59,59,59,68,77,77,77,77,36,77,77,77,77,77,77,77,77,77,77,77,74,74,74,77,77,77,77,66,56,56,58,67,67,66,66,73,73,73,73,72,81,81,17],"gold":113,"neow_bonus":"ONE_RARE_RELIC","is_prod":false,"is_daily":false,"chose_seed":false,"campfire_upgraded":12,"win_rate":0,"timestamp":1554750704,"path_taken":["M","?","?","$","?","R","R","R","T","R","M","?","?","M","R","BOSS","M","?","?","?","?","R","M","M","T","R","?","?","?","M","R","BOSS","M","?","?","M","?","R","E","R","T","$","?","R","E","M","R","BOSS"],"build_version":"2019-01-23","purchased_purges":3,"victory":true,"max_hp_per_floor":[72,72,72,72,77,77,77,77,77,77,77,77,77,77,77,77,77,77,77,77,77,77,77,77,77,77,77,77,77,77,77,77,77,77,77,77,77,77,77,77,77,77,84,84,84,84,84,84,84,84],"card_choices":[{"not_picked":["Twin Strike","Anger"],"picked":"Flex","floor":1.0},{"not_picked":["Combust","Wild Strike"],"picked":"Heavy Blade","floor":11.0},{"not_picked":["Pommel Strike","Anger","Blood for Blood"],"picked":"SKIP","floor":12.0},{"not_picked":["Cleave","Corruption"],"picked":"Shockwave","floor":14.0},{"not_picked":["Fiend Fire","Brutality"],"picked":"Double Tap","floor":16.0},{"not_picked":["Body Slam","Rampage"],"picked":"Havoc+1","floor":18.0},{"not_picked":["Warcry","Twin Strike+1"],"picked":"Flex+1","floor":20.0},{"not_picked":["Pommel Strike","Cleave","Body Slam"],"picked":"SKIP","floor":24.0},{"not_picked":["Ghostly Armor+1","True Grit"],"picked":"Havoc+1","floor":25.0},{"not_picked":["Body Slam","Anger"],"picked":"Battle Trance","floor":28.0},{"not_picked":["Cleave","Rupture","Body Slam"],"picked":"SKIP","floor":31},{"not_picked":["Bludgeon","Feed"],"picked":"Demon Form","floor":33},{"not_picked":["Body Slam+1","Wild Strike+1","Cleave+1"],"picked":"SKIP","floor":35},{"not_picked":["Sever Soul","Warcry","Feel No Pain+1"],"picked":"SKIP","floor":38},{"not_picked":["True Grit","Warcry","Wild Strike+1"],"picked":"SKIP","floor":39},{"not_picked":["Heavy Blade","Rupture+1","Clash"],"picked":"SKIP","floor":41},{"not_picked":["Rage+1","Thunderclap+1"],"picked":"Flame Barrier","floor":47},{"not_picked":["Warcry","Dual Wield+1"],"picked":"Inflame+1","floor":48}],"player_experience":1158584,"relics_obtained":[{"floor":9.0,"key":"Magic Flower"},{"floor":26.0,"key":"Vajra"},{"floor":41,"key":"Kunai"},{"floor":43,"key":"Strawberry"},{"floor":47,"key":"Bag of Preparation"}],"event_choices":[{"damage_healed":0.0,"max_hp_gain":0.0,"max_hp_loss":0.0,"gold_gain":75.0,"event_name":"World of Goop","player_choice":"Gather Gold","floor":2.0,"gold_loss":0.0,"damage_taken":11.0},{"cards_removed":["Strike_R"],"damage_healed":0.0,"max_hp_gain":0.0,"max_hp_loss":0.0,"gold_gain":0.0,"event_name":"Golden Wing","player_choice":"Card Removal","floor":3.0,"gold_loss":0.0,"damage_taken":7.0},{"damage_healed":0.0,"max_hp_gain":5.0,"max_hp_loss":0.0,"gold_gain":0.0,"event_name":"Big Fish","player_choice":"Donut","floor":5.0,"gold_loss":0.0,"damage_taken":0.0},{"cards_removed":["Strike_R"],"damage_healed":0.0,"max_hp_gain":0.0,"max_hp_loss":0.0,"gold_gain":0.0,"event_name":"Bonfire Elementals","player_choice":"Offered Basic","floor":19.0,"gold_loss":0.0,"damage_taken":0.0},{"damage_healed":0.0,"max_hp_gain":0.0,"max_hp_loss":0.0,"gold_gain":0.0,"event_name":"FaceTrader","player_choice":"Trade","floor":22.0,"gold_loss":0.0,"damage_taken":0.0,"relics_obtained":["SsserpentHead"]},{"damage_healed":0.0,"max_hp_gain":0.0,"max_hp_loss":0.0,"gold_gain":0.0,"event_name":"Duplicator","player_choice":"Copied","floor":29.0,"gold_loss":0.0,"damage_taken":0.0,"cards_obtained":["Whirlwind"]},{"damage_healed":0,"gold_gain":0,"player_choice":"Embrace Madness","damage_taken":10,"max_hp_gain":0,"max_hp_loss":0,"event_name":"Winding Halls","floor":36,"gold_loss":0,"cards_obtained":["Madness","Madness"]},{"damage_healed":0,"gold_gain":0,"player_choice":"Bought 2 Potions","damage_taken":0,"max_hp_gain":0,"max_hp_loss":0,"event_name":"The Woman in Blue","floor":37,"gold_loss":0},{"damage_healed":0,"gold_gain":0,"player_choice":"Forge","damage_taken":0,"max_hp_gain":0,"max_hp_loss":0,"event_name":"Accursed Blacksmith","floor":45,"gold_loss":0,"cards_upgraded":["Flex"]}],"is_beta":false,"boss_relics":[{"not_picked":["Runic Pyramid","White Beast Statue"],"picked":"Coffee Dripper"},{"not_picked":["Runic Cube","Velvet Choker"],"picked":"Cursed Key"}],"items_purged_floors":[4,21,44],"is_endless":false,"potions_floor_spawned":[11,12,16,18,25,41,47,48],"ascension_level":0}