{"gold_per_floor":[113,188,188,208,222,222,240,254,254,268,268,293,293,293,293,293],"floor_reached":16,"playtime":433,"items_purged":[],"score":102,"play_id":"645dd287-8921-4af5-88e8-edc85f0025a7","local_time":"20190205183852","is_ascension_mode":false,"campfire_choices":[{"data":"Carnage","floor":6,"key":"SMITH"},{"data":"Armaments","floor":11,"key":"SMITH"},{"floor":15,"key":"REST"}],"neow_cost":"NONE","seed_source_timestamp":283970843601558,"circlet_count":0,"master_deck":["Strike_R","Strike_R","Strike_R","Strike_R","Strike_R","Defend_R","Defend_R","Defend_R","Defend_R","Bash+1","Armaments+1","Carnage+1","Sword Boomerang","Hemokinesis","Injury"],"relics":["Burning Blood","NeowsBlessing","Mummified Hand","Juzu Bracelet","Golden Idol"],"potions_floor_usage":[10],"damage_taken":[{"damage":0,"enemies":"Small Slimes","floor":1,"turns":2},{"damage":0,"enemies":"2 Louse","floor":4,"turns":1},{"damage":0,"enemies":"Cultist","floor":5,"turns":1},{"damage":19,"enemies":"Large Slime","floor":7,"turns":5},{"damage":9,"enemies":"Blue Slaver","floor":8,"turns":3},{"damage":31,"enemies":"Exordium Thugs","floor":10,"turns":4},{"damage":28,"enemies":"Gremlin Nob","floor":12,"turns":4},{"damage":58,"enemies":"Hexaghost","floor":16,"turns":5}],"seed_played":"-9070623311409099555","potions_obtained":[{"floor":1,"key":"Ancient Potion"},{"floor":5,"key":"BloodPotion"},{"floor":7,"key":"Regen Potion"},{"floor":8,"key":"Explosive Potion"},{"floor":12,"key":"EntropicBrew"}],"is_trial":false,"path_per_floor":["M","?","?","M","M","R","M","M","T","M","R","E","?","?","R","B"],"character_chosen":"IRONCLAD","items_purchased":[],"campfire_rested":1,"item_purchase_floors":[],"current_hp_per_floor":[80,69,69,75,80,80,67,64,64,51,51,29,29,29,53,0],"gold":293,"neow_bonus":"THREE_ENEMY_KILL","is_prod":false,"is_daily":false,"chose_seed":false,"campfire_upgraded":2,"win_rate":0.0,"timestamp":1549409932,"path_taken":["M","?","?","M","M","R","M","M","T","M","R","E","?","?","R","BOSS"],"build_version":"2019-01-23","purchased_purges":0,"victory":false,"max_hp_per_floor":[80,80,80,80,80,80,80,80,80,80,80,80,80,80,80,80],"card_choices":[{"not_picked":["Shockwave","Power Through","Searing Blow"],"picked":"SKIP","floor":1},{"not_picked":["Metallicize","Sentinel"],"picked":"Armaments","floor":4},{"not_picked":["Rupture","Battle Trance"],"picked":"Carnage","floor":5},{"not_picked":["Cleave","Rupture","Power Through"],"picked":"SKIP","floor":7},{"not_picked":["Flex","Ghostly Armor"],"picked":"Sword Boomerang","floor":8},{"not_picked":["True Grit","Clash","Combust"],"picked":"SKIP","floor":10},{"not_picked":["Entrench","Ghostly Armor"],"picked":"Hemokinesis","floor":12}],"player_experience":334278,"relics_obtained":[{"floor":9,"key":"Mummified Hand"},{"floor":12,"key":"Juzu Bracelet"}],"event_choices":[{"damage_healed":0,"gold_gain":75,"player_choice":"Gather Gold","damage_taken":11,"max_hp_gain":0,"max_hp_loss":0,"event_name":"World of Goop","floor":2,"gold_loss":0},{"damage_healed":0,"gold_gain":0,"player_choice":"Upgraded","damage_taken":0,"max_hp_gain":0,"max_hp_loss":0,"event_name":"Upgrade Shrine","floor":3,"gold_loss":0,"cards_upgraded":["Bash"]},{"damage_healed":0,"gold_gain":0,"player_choice":"Take Wound","damage_taken":0,"relics_obtained":["Golden Idol"],"max_hp_gain":0,"max_hp_loss":0,"event_name":"Golden Idol","floor":13,"gold_loss":0,"cards_obtained":["Injury"]},{"damage_healed":0,"gold_gain":0,"player_choice":"Ignored","damage_taken":0,"max_hp_gain":0,"max_hp_loss":0,"event_name":"Shining Light","floor":14,"gold_loss":0}],"is_beta":false,"boss_relics":[],"items_purged_floors":[],"is_endless":false,"potions_floor_spawned":[1,5,7,8,12],"killed_by":"Hexaghost","ascension_level":0}