{"gold_per_floor":[147,147,147,222,9,9,28,28,109,340,350,350,360,414,414,511,511,528,528,538,140,152,152,162,180,180,180,208,221,241,241,241,340,340,359,459,459,475,79,79,79,79,79,79,79,379,82,42,42,42,42,42,15,50,50],"floor_reached":55,"playtime":3831,"items_purged":["Regret","Strike_G","Strike_G","Strike_G"],"score":776,"play_id":"6009f6cd-97a6-4ce6-99c4-46f84e028f82","local_time":"20181224005636","is_ascension_mode":false,"campfire_choices":[{"data":"Dagger Spray","floor":6.0,"key":"SMITH"},{"data":"Dagger Spray","floor":8.0,"key":"SMITH"},{"data":"Blur","floor":12.0,"key":"SMITH"},{"data":"Backflip","floor":15.0,"key":"SMITH"},{"data":"Burst","floor":23.0,"key":"SMITH"},{"data":"Adrenaline","floor":27.0,"key":"SMITH"},{"data":"Neutralize","floor":32.0,"key":"SMITH"},{"data":"Adrenaline","floor":40.0,"key":"SMITH"},{"data":"Footwork","floor":42.0,"key":"SMITH"},{"floor":44.0,"key":"RECALL"},{"data":"After Image","floor":49.0,"key":"SMITH"},{"data":"Backflip","floor":52,"key":"SMITH"}],"neow_cost":"NONE","seed_source_timestamp":4832988877240900,"circlet_count":0,"master_deck":["Defend_G","Defend_G+1","Defend_G","Defend_G+1","Defend_G","Strike_G","Survivor","Neutralize+1","Dagger Spray+1","Blur+1","Flying Knee","Dagger Spray+1","Backflip+1","Dagger Spray+1","Backflip+1","Burst+1","Flying Knee+1","Predator+1","Quick Slash+1","Acrobatics","Adrenaline+1","Dagger Spray+1","Outmaneuver","Sucker Punch+1","Adrenaline+1","Distraction+1","Blur+1","Calculated Gamble","Footwork+1","Finisher+1","Adrenaline+1","After Image+1","Sucker Punch+1","Adrenaline"],"special_seed":0,"relics":["Ring of the Snake","Tiny Chest","Dream Catcher","Molten Egg 2","Old Coin","Juzu Bracelet","Coffee Dripper","Blood Vial","Happy Flower","Ninja Scroll","Bottled Flame","Nilry\u0027s Codex","Eternal Feather","WingedGreaves","War Paint","Boot"],"potions_floor_usage":[50,55,55],"damage_taken":[{"damage":0.0,"enemies":"Jaw Worm","floor":1.0,"turns":6.0},{"damage":0.0,"enemies":"Small Slimes","floor":7.0,"turns":2.0},{"damage":0.0,"enemies":"2 Louse","floor":11.0,"turns":2.0},{"damage":4.0,"enemies":"Looter","floor":13.0,"turns":3.0},{"damage":16.0,"enemies":"The Guardian","floor":16.0,"turns":13.0},{"damage":1.0,"enemies":"Chosen","floor":18.0,"turns":6.0},{"damage":9.0,"enemies":"2 Thieves","floor":20.0,"turns":4.0},{"damage":6.0,"enemies":"Snake Plant","floor":22.0,"turns":5.0},{"damage":0.0,"enemies":"Centurion and Healer","floor":24.0,"turns":4.0},{"damage":0.0,"enemies":"3 Cultists","floor":25.0,"turns":4.0},{"damage":7.0,"enemies":"Slavers","floor":28.0,"turns":3.0},{"damage":0.0,"enemies":"Snake Plant","floor":29.0,"turns":4.0},{"damage":3.0,"enemies":"Centurion and Healer","floor":30.0,"turns":4.0},{"damage":14.0,"enemies":"Collector","floor":33.0,"turns":10.0},{"damage":2.0,"enemies":"Orb Walker","floor":35.0,"turns":2.0},{"damage":0.0,"enemies":"Mind Bloom Boss Battle","floor":36.0,"turns":4.0},{"damage":6.0,"enemies":"3 Darklings","floor":38.0,"turns":2.0},{"damage":26,"enemies":"Donu and Deca","floor":50,"turns":18},{"damage":6,"enemies":"Shield and Spear","floor":54,"turns":10},{"damage":81,"enemies":"The Heart","floor":55,"turns":11}],"seed_played":"5495736873851651322","potions_obtained":[{"floor":1.0,"key":"Swift Potion"},{"floor":13.0,"key":"Strength Potion"},{"floor":20.0,"key":"Energy Potion"},{"floor":22.0,"key":"AttackPotion"},{"floor":29.0,"key":"Regen Potion"},{"floor":30.0,"key":"SkillPotion"},{"floor":35.0,"key":"Weak Potion"},{"floor":36.0,"key":"Explosive Potion"},{"floor":48.0,"key":"Swift Potion"},{"floor":48.0,"key":"SpeedPotion"}],"is_trial":false,"path_per_floor":["M","?","?","?","$","R","M","R","T","?","M","R","M","T","R","B",null,"M","?","M","$","M","R","M","M","T","R","E","M","M","?","R","B",null,"M","?","?","M","$","R","?","R","T","R","?","?","$","?","R","B",null,"R","$","E","B"],"character_chosen":"THE_SILENT","items_purchased":["Blur","Flying Knee","Dagger Spray","Blood Vial","Happy Flower","Footwork","War Paint","Finisher+1","After Image","Sucker Punch+1"],"campfire_rested":0,"item_purchase_floors":[5,5,5,21,21,39,39,39,47,53],"current_hp_per_floor":[70,63,63,52,52,52,52,52,52,52,52,52,48,48,48,32,70,69,69,60,60,56,56,58,60,60,60,55,57,56,40,40,28,70,68,70,70,64,64,70,66,66,66,66,66,66,66,66,66,40,66,66,66,60,0],"gold":50,"neow_bonus":"RANDOM_COMMON_RELIC","is_prod":false,"is_daily":false,"chose_seed":false,"campfire_upgraded":11,"win_rate":0,"timestamp":1545641796,"path_taken":["M","?","?","?","?","R","M","R","T","?","?","R","M","?","R","BOSS","M","?","M","$","M","R","M","M","T","R","E","M","M","?","R","BOSS","M","?","?","M","$","R","?","R","T","R","?","?","$","?","R","BOSS","R","$","E","BOSS"],"build_version":"2018-12-20","purchased_purges":4,"victory":false,"max_hp_per_floor":[70,70,70,70,70,70,70,70,70,70,70,70,70,70,70,70,70,70,70,70,70,70,70,70,70,70,70,70,70,70,70,70,70,70,70,70,70,70,70,70,66,66,66,66,66,66,66,66,66,66,66,66,66,66,66],"card_choices":[{"not_picked":["Quick Slash","Deflect"],"picked":"Dagger Spray","floor":1.0},{"not_picked":["Poisoned Stab","Bane"],"picked":"Backflip","floor":7.0},{"not_picked":["Expertise","Deadly Poison"],"picked":"Dagger Spray+1","floor":11.0},{"not_picked":["Masterful Stab+1","Choke+1"],"picked":"Backflip","floor":13.0},{"not_picked":["Bullet Time","Malaise"],"picked":"Burst","floor":16.0},{"not_picked":["Bane+1","Underhanded Strike+1"],"picked":"Flying Knee+1","floor":18.0},{"not_picked":["Concentrate","Sucker Punch+1"],"picked":"Quick Slash+1","floor":20.0},{"not_picked":["Bane+1","Underhanded Strike+1"],"picked":"Acrobatics","floor":22.0},{"not_picked":["Terror","Outmaneuver"],"picked":"Adrenaline","floor":24.0},{"not_picked":["Dodge and Roll","Dagger Throw+1"],"picked":"Dagger Spray+1","floor":25.0},{"not_picked":["Endless Agony+1","Dodge and Roll+1"],"picked":"Flying Knee+1","floor":28.0},{"not_picked":["Deadly Poison","Underhanded Strike+1"],"picked":"Outmaneuver","floor":29.0},{"not_picked":["Corpse Explosion","Deflect"],"picked":"Sucker Punch+1","floor":30.0},{"not_picked":["Night Terror","Grand Finale+1"],"picked":"Adrenaline","floor":33.0},{"not_picked":["Bane+1","Deflect"],"picked":"Distraction+1","floor":35.0},{"not_picked":["Slice+1","Underhanded Strike+1"],"picked":"Blur+1","floor":36.0},{"not_picked":["Prepared","Acrobatics"],"picked":"Calculated Gamble","floor":38.0},{"not_picked":["Underhanded Strike+1","Cloak And Dagger+1"],"picked":"Adrenaline","floor":54}],"player_experience":3150438,"relics_obtained":[{"floor":9.0,"key":"Molten Egg 2"},{"floor":14.0,"key":"Juzu Bracelet"},{"floor":26.0,"key":"Ninja Scroll"},{"floor":28.0,"key":"Bottled Flame"},{"floor":31.0,"key":"Nilry\u0027s Codex"},{"floor":36.0,"key":"WingedGreaves"},{"floor":54,"key":"Boot"}],"event_choices":[{"cards_removed":["Strike_G"],"damage_healed":0.0,"max_hp_gain":0.0,"max_hp_loss":0.0,"gold_gain":0.0,"event_name":"Golden Wing","player_choice":"Card Removal","floor":2.0,"gold_loss":0.0,"damage_taken":7.0},{"damage_healed":0.0,"max_hp_gain":0.0,"max_hp_loss":0.0,"gold_gain":0.0,"event_name":"Big Fish","player_choice":"Box","floor":3.0,"gold_loss":0.0,"damage_taken":0.0,"relics_obtained":["Dream Catcher"],"cards_obtained":["Regret"]},{"damage_healed":0.0,"max_hp_gain":0.0,"max_hp_loss":0.0,"gold_gain":75.0,"event_name":"World of Goop","player_choice":"Gather Gold","floor":4.0,"gold_loss":0.0,"damage_taken":11.0},{"damage_healed":0.0,"max_hp_gain":0.0,"max_hp_loss":0.0,"gold_gain":0.0,"event_name":"WeMeetAgain","player_choice":"Paid Gold","floor":10.0,"gold_loss":69.0,"damage_taken":0.0,"relics_obtained":["Old Coin"]},{"damage_healed":0.0,"max_hp_gain":0.0,"max_hp_loss":0.0,"gold_gain":0.0,"event_name":"The Library","player_choice":"Read","floor":19.0,"gold_loss":0.0,"damage_taken":0.0,"cards_obtained":["Predator"]},{"damage_healed":0.0,"max_hp_gain":0.0,"max_hp_loss":0.0,"gold_gain":0.0,"event_name":"Cursed Tome","player_choice":"Obtained Book","floor":31.0,"gold_loss":0.0,"damage_taken":16.0},{"damage_healed":0.0,"max_hp_gain":0.0,"max_hp_loss":0.0,"gold_gain":0.0,"event_name":"MindBloom","player_choice":"Fight","floor":36.0,"gold_loss":0.0,"damage_taken":0.0},{"cards_removed":["Flying Knee"],"damage_healed":0.0,"max_hp_gain":0.0,"max_hp_loss":0.0,"gold_gain":0.0,"event_name":"Falling","player_choice":"Removed Attack","floor":37.0,"gold_loss":0.0,"damage_taken":0.0},{"damage_healed":0.0,"max_hp_gain":0.0,"max_hp_loss":4.0,"gold_gain":0.0,"event_name":"Winding Halls","player_choice":"Max HP","floor":41.0,"gold_loss":0.0,"damage_taken":0.0},{"damage_healed":0.0,"max_hp_gain":0.0,"max_hp_loss":0.0,"gold_gain":0.0,"event_name":"Duplicator","player_choice":"Copied","floor":45.0,"gold_loss":0.0,"damage_taken":0.0,"cards_obtained":["Adrenaline"]},{"damage_healed":0.0,"max_hp_gain":0.0,"max_hp_loss":0.0,"gold_gain":300.0,"event_name":"Wheel of Change","player_choice":"Gold","floor":46.0,"gold_loss":0.0,"damage_taken":0.0},{"damage_healed":0.0,"max_hp_gain":0.0,"max_hp_loss":0.0,"gold_gain":0.0,"event_name":"The Woman in Blue","player_choice":"Bought 3 Potions","floor":48.0,"gold_loss":0.0,"damage_taken":0.0}],"is_beta":true,"boss_relics":[{"not_picked":["Snecko Eye","Tiny House"],"picked":"Coffee Dripper"},{"not_picked":["Empty Cage","Lizard Tail"],"picked":"Eternal Feather"}],"items_purged_floors":[5,21,39,47],"is_endless":false,"potions_floor_spawned":[1,13,20,22,29,30,35,36],"killed_by":"The Heart","ascension_level":0}