{"gold_per_floor":[115,115,126,145,163,197,197,227,227,258,281,322,334,346,358,370],"floor_reached":16,"playtime":1646,"items_purged":[],"score":122,"play_id":"a836a0c0-822f-4315-b56c-5cf4fd9a4a3e","local_time":"20190220200703","is_ascension_mode":false,"campfire_choices":[{"data":"True Grit","floor":7,"key":"SMITH"},{"floor":15,"key":"REST"}],"neow_cost":"NONE","seed_source_timestamp":405854401531955,"circlet_count":0,"master_deck":["Strike_R","Strike_R","Strike_R","Strike_R","Defend_R","Defend_R","Defend_R+1","Defend_R+1","Bash","Iron Wave","Flame Barrier","True Grit+1","Iron Wave","Iron Wave"],"relics":["Burning Blood","NeowsBlessing","Regal Pillow","War Paint","MawBank","Letter Opener","Centennial Puzzle"],"potions_floor_usage":[8,8,8,16],"damage_taken":[{"damage":0,"enemies":"2 Louse","floor":1,"turns":1},{"damage":0,"enemies":"Cultist","floor":3,"turns":1},{"damage":0,"enemies":"Jaw Worm","floor":4,"turns":1},{"damage":6,"enemies":"3 Louse","floor":5,"turns":4},{"damage":41,"enemies":"3 Sentries","floor":6,"turns":15},{"damage":35,"enemies":"Lagavulin","floor":8,"turns":12},{"damage":0,"enemies":"Large Slime","floor":10,"turns":12},{"damage":4,"enemies":"Looter","floor":11,"turns":5},{"damage":7,"enemies":"3 Sentries","floor":12,"turns":16},{"damage":59,"enemies":"Hexaghost","floor":16,"turns":16}],"seed_played":"7762322014056896426","potions_obtained":[{"floor":1,"key":"PowerPotion"},{"floor":5,"key":"Poison Potion"},{"floor":6,"key":"AttackPotion"},{"floor":10,"key":"Explosive Potion"},{"floor":11,"key":"SpeedPotion"}],"is_trial":false,"path_per_floor":["M","?","M","M","M","E","R","E","T","M","M","E","?","$","R","B"],"character_chosen":"IRONCLAD","items_purchased":[],"campfire_rested":1,"item_purchase_floors":[],"current_hp_per_floor":[80,80,80,80,80,45,45,16,16,22,24,23,20,20,59,0],"gold":370,"neow_bonus":"THREE_ENEMY_KILL","is_prod":false,"is_daily":false,"chose_seed":false,"campfire_upgraded":1,"win_rate":0.0,"timestamp":1550711223,"path_taken":["M","?","M","M","M","E","R","E","T","M","?","E","?","$","R","BOSS"],"build_version":"2019-01-23","purchased_purges":0,"victory":false,"max_hp_per_floor":[80,80,80,80,80,80,80,80,80,80,80,80,80,80,80,80],"card_choices":[{"not_picked":["Hemokinesis","Cleave"],"picked":"Iron Wave","floor":1},{"not_picked":["Perfected Strike","Bloodletting","Heavy Blade"],"picked":"SKIP","floor":3},{"not_picked":["Power Through","Body Slam"],"picked":"Flame Barrier","floor":4},{"not_picked":["Dropkick","Perfected Strike"],"picked":"True Grit","floor":5},{"not_picked":["Combust","Warcry","Inflame"],"picked":"SKIP","floor":6},{"not_picked":["Second Wind","Sever Soul","Dropkick"],"picked":"SKIP","floor":8},{"not_picked":["Cleave","Pommel Strike","Pummel"],"picked":"SKIP","floor":10},{"not_picked":["Thunderclap","Bloodletting"],"picked":"Iron Wave","floor":11},{"not_picked":["Seeing Red","Flex"],"picked":"Iron Wave","floor":12}],"player_experience":44584,"relics_obtained":[{"floor":6,"key":"Regal Pillow"},{"floor":8,"key":"War Paint"},{"floor":9,"key":"MawBank"},{"floor":12,"key":"Letter Opener"}],"event_choices":[{"cards_removed":["Strike_R"],"damage_healed":0,"gold_gain":0,"player_choice":"Purged","damage_taken":0,"max_hp_gain":0,"max_hp_loss":0,"event_name":"Purifier","floor":2,"gold_loss":0},{"damage_healed":0,"gold_gain":0,"player_choice":"Success","damage_taken":3,"relics_obtained":["Centennial Puzzle"],"max_hp_gain":0,"max_hp_loss":0,"event_name":"Scrap Ooze","floor":13,"gold_loss":0}],"is_beta":false,"boss_relics":[],"items_purged_floors":[],"is_endless":false,"potions_floor_spawned":[1,5,6,10,11],"killed_by":"Hexaghost","ascension_level":0}