{"gold_per_floor":[118,193,343,222,241,267,279,279,279,295,295,307,307,326,326,400,400,417,417],"floor_reached":19,"playtime":777,"items_purged":["Doubt"],"score":383,"play_id":"68a459ab-2c4d-4110-8293-a5f2e40f2e8a","local_time":"20190315005448","is_ascension_mode":true,"campfire_choices":[{"data":"Body Slam","floor":8,"key":"SMITH"},{"floor":13,"key":"REST"},{"data":"Barricade","floor":15,"key":"SMITH"}],"neow_cost":"NONE","seed_source_timestamp":222725078611126,"circlet_count":0,"master_deck":["AscendersBane","Strike_R","Strike_R","Strike_R","Strike_R","Defend_R","Defend_R","Defend_R","Defend_R","Bash","Entrench","Body Slam+1","Barricade+1","Ghostly Armor","True Grit","Shockwave","Body Slam","Headbutt"],"relics":["Burning Blood","NeowsBlessing","Torii","Sundial","Runic Pyramid"],"potions_floor_usage":[7,10,14],"damage_taken":[{"damage":0,"enemies":"Cultist","floor":1,"turns":1},{"damage":0,"enemies":"2 Louse","floor":5,"turns":1},{"damage":0,"enemies":"Lagavulin","floor":6,"turns":1},{"damage":12,"enemies":"Jaw Worm","floor":7,"turns":5},{"damage":52,"enemies":"Lots of Slimes","floor":10,"turns":10},{"damage":17,"enemies":"Exordium Wildlife","floor":12,"turns":10},{"damage":6,"enemies":"Gremlin Gang","floor":14,"turns":5},{"damage":33,"enemies":"The Guardian","floor":16,"turns":11},{"damage":42,"enemies":"Spheric Guardian","floor":18,"turns":9},{"damage":12,"enemies":"3 Byrds","floor":19,"turns":11}],"seed_played":"9125613076477028565","potions_obtained":[{"floor":5,"key":"SkillPotion"},{"floor":6,"key":"Energy Potion"},{"floor":12,"key":"LiquidBronze"},{"floor":18,"key":"Strength Potion"}],"is_trial":false,"path_per_floor":["M","?","?","$","M","E","M","R","T","M","?","M","R","M","R","B",null,"M","M"],"character_chosen":"IRONCLAD","items_purchased":["Body Slam"],"campfire_rested":1,"item_purchase_floors":[4],"current_hp_per_floor":[74,63,63,63,69,75,69,69,69,23,23,12,34,34,34,7,58,22,10],"gold":417,"neow_bonus":"THREE_ENEMY_KILL","is_prod":false,"is_daily":false,"chose_seed":false,"campfire_upgraded":2,"win_rate":0,"timestamp":1552596888,"path_taken":["M","?","?","?","M","E","M","R","T","?","?","?","R","M","R","BOSS","M","M"],"build_version":"2019-01-23","purchased_purges":1,"victory":false,"max_hp_per_floor":[75,75,75,75,75,75,75,75,75,75,75,75,75,75,75,75,75,75,75],"card_choices":[{"not_picked":["Armaments","Rupture"],"picked":"Entrench","floor":1},{"not_picked":["Perfected Strike","Dropkick","Sever Soul"],"picked":"SKIP","floor":5},{"not_picked":["Clash","Sever Soul"],"picked":"Barricade","floor":6},{"not_picked":["Wild Strike","Headbutt"],"picked":"Ghostly Armor","floor":7},{"not_picked":["Anger","Perfected Strike"],"picked":"True Grit","floor":10},{"not_picked":["Seeing Red","Spot Weakness"],"picked":"Body Slam","floor":12},{"not_picked":["Rage","Corruption","Uppercut"],"picked":"SKIP","floor":14},{"not_picked":["Reckless Charge","Rampage"],"picked":"Headbutt","floor":18}],"player_experience":718042,"relics_obtained":[{"floor":6,"key":"Torii"},{"floor":9,"key":"Sundial"}],"event_choices":[{"damage_healed":0,"gold_gain":75,"player_choice":"Gather Gold","damage_taken":11,"max_hp_gain":0,"max_hp_loss":0,"event_name":"World of Goop","floor":2,"gold_loss":0},{"damage_healed":0,"gold_gain":150,"player_choice":"AGREE","damage_taken":0,"max_hp_gain":0,"max_hp_loss":0,"event_name":"Liars Game","floor":3,"gold_loss":0,"cards_obtained":["Doubt"]},{"damage_healed":0,"gold_gain":0,"cards_transformed":["Strike_R"],"player_choice":"Transformed","damage_taken":0,"max_hp_gain":0,"max_hp_loss":0,"event_name":"Transmorgrifier","floor":11,"gold_loss":0,"cards_obtained":["Shockwave"]}],"is_beta":false,"boss_relics":[{"not_picked":["Runic Cube","Lizard Tail"],"picked":"Runic Pyramid"}],"items_purged_floors":[4],"is_endless":false,"potions_floor_spawned":[5,6,12,18],"killed_by":"3 Byrds","ascension_level":15}