{"gold_per_floor":[111,125,50,70,84,84,84,99,168,168,168,182,198,50,50,145,145,159,64,82,98,108,108,126,126,149,166,166,166,81,95,95,95],"floor_reached":33,"playtime":4024,"items_purged":["Strike_G","Strike_G"],"score":243,"play_id":"7e472a87-e512-43ce-9e5d-023487905ac2","local_time":"20180720165440","is_ascension_mode":false,"campfire_choices":[{"floor":6,"key":"REST"},{"floor":10,"key":"REST"},{"data":"Cloak And Dagger","floor":15,"key":"SMITH"},{"floor":23,"key":"REST"},{"floor":25,"key":"REST"},{"floor":28,"key":"REST"},{"data":"Slice","floor":32,"key":"SMITH"}],"neow_cost":"NONE","seed_source_timestamp":203411924596379,"circlet_count":0,"master_deck":["Defend_G","Defend_G","Defend_G","Defend_G","Defend_G","Strike_G","Strike_G","Strike_G","Survivor","Neutralize+1","Slice+1","Flying Knee","Leg Sweep","Slice+1","Cloak And Dagger+1","Cloak And Dagger","Glass Knife","Dagger Throw+1","Accuracy","Slice","Endless Agony+1","Backflip","Backstab","Backflip+1"],"relics":["WristBlade","Matryoshka","Lizard Tail","Smiling Mask","Snake Skull","Bronze Scales"],"potions_floor_usage":[16,22,33,33,33],"damage_taken":[{"damage":1,"enemies":"2 Louse","floor":1,"turns":4},{"damage":3,"enemies":"Jaw Worm","floor":2,"turns":3},{"damage":0,"enemies":"Small Slimes","floor":4,"turns":4},{"damage":15,"enemies":"Exordium Wildlife","floor":5,"turns":6},{"damage":3,"enemies":"Lots of Slimes","floor":8,"turns":4},{"damage":0,"enemies":"3 Louse","floor":12,"turns":4},{"damage":7,"enemies":"Gremlin Gang","floor":13,"turns":6},{"damage":39,"enemies":"The Guardian","floor":16,"turns":13},{"damage":7,"enemies":"Shell Parasite","floor":18,"turns":5},{"damage":3,"enemies":"3 Byrds","floor":20,"turns":5},{"damage":32,"enemies":"Snake Plant","floor":21,"turns":5},{"damage":9,"enemies":"Sentry and Sphere","floor":22,"turns":5},{"damage":13,"enemies":"Snecko","floor":24,"turns":5},{"damage":18,"enemies":"Snake Plant","floor":27,"turns":5},{"damage":5,"enemies":"3 Cultists","floor":31,"turns":5},{"damage":135,"enemies":"Collector","floor":33,"turns":6}],"seed_played":"3368229560121012782","potions_obtained":[{"floor":2,"key":"Block Potion"},{"floor":8,"key":"Fruit Juice"},{"floor":11,"key":"SkillPotion"},{"floor":11,"key":"GhostInAJar"},{"floor":20,"key":"Strength Potion"},{"floor":27,"key":"SteroidPotion"}],"is_trial":false,"path_per_floor":["M","M","$","M","M","R","?","M","T","R","?","M","M","$","R","B",null,"M","$","M","M","M","R","M","R","T","M","R","?","?","M","R"],"character_chosen":"THE_SILENT","items_purchased":["Cloak And Dagger","Accuracy","Slice"],"campfire_rested":5,"item_purchase_floors":[14,19,19],"current_hp_per_floor":[69,66,66,66,51,70,56,53,53,70,70,70,63,63,63,29,75,68,68,65,33,24,46,33,55,55,37,59,59,59,54,54,0],"gold":95,"neow_bonus":"BOSS_RELIC","is_prod":false,"is_daily":false,"chose_seed":false,"campfire_upgraded":2,"win_rate":0,"timestamp":1532120080,"path_taken":["M","M","$","M","M","R","?","M","T","R","?","M","?","$","R","BOSS","M","$","?","M","M","R","M","R","T","M","R","?","?","?","R","BOSS"],"build_version":"2018-07-19v2","purchased_purges":2,"victory":false,"max_hp_per_floor":[70,70,70,70,70,70,70,70,70,70,70,70,70,70,70,75,75,75,75,75,75,75,75,75,75,75,75,75,75,75,75,75,75],"card_choices":[{"not_picked":["Flechettes","PiercingWail"],"picked":"Slice","floor":1},{"not_picked":["Dagger Spray","PiercingWail","Underhanded Strike"],"picked":"SKIP","floor":2},{"not_picked":["Poisoned Stab","Deadly Poison"],"picked":"Flying Knee","floor":4},{"not_picked":["Escape Plan","Bane"],"picked":"Leg Sweep","floor":5},{"not_picked":["Quick Slash","Well Laid Plans"],"picked":"Slice","floor":8},{"not_picked":["Bouncing Flask","Venomology"],"picked":"Cloak And Dagger","floor":12},{"not_picked":["Predator","PiercingWail","Caltrops"],"picked":"SKIP","floor":13},{"not_picked":["Tools of the Trade","Adrenaline"],"picked":"Glass Knife","floor":16},{"not_picked":["Eviscerate","Calculated Gamble"],"picked":"Dagger Throw+1","floor":18},{"not_picked":["PiercingWail","Slice"],"picked":"Endless Agony+1","floor":20},{"not_picked":["Deadly Poison","Riddle With Holes","Accuracy"],"picked":"SKIP","floor":21},{"not_picked":["Poisoned Stab+1","Noxious Fumes"],"picked":"Backflip","floor":22},{"not_picked":["Underhanded Strike+1","Slice"],"picked":"Backstab","floor":24},{"not_picked":["Deflect+1","Outmaneuver"],"picked":"Backflip+1","floor":27},{"not_picked":["Noxious Fumes","Sucker Punch","Crippling Poison"],"picked":"SKIP","floor":31}],"player_experience":277228,"relics_obtained":[{"floor":9,"key":"Matryoshka"},{"floor":26,"key":"Smiling Mask"},{"floor":26,"key":"Snake Skull"}],"event_choices":[{"event_name":"Shining Light","player_choice":"Entered Light","floor":7,"damage_taken":0},{"event_name":"The Lab","player_choice":"Got Potions","floor":11,"damage_taken":0},{"event_name":"Cursed Tome","player_choice":"Ignored","floor":29,"damage_taken":0},{"event_name":"Addict","player_choice":"Obtained Relic","floor":30,"damage_taken":0}],"is_beta":false,"boss_relics":[{"not_picked":["Ectoplasm","Fusion Hammer"],"picked":"Lizard Tail"}],"items_purged_floors":[3,14],"is_endless":false,"potions_floor_spawned":[2,8,12,13,20,27],"killed_by":"Collector","ascension_level":0}