{"gold_per_floor":[117,117,128,75,87,87,119,14,14,28,39,39,39,52,52,126,126,145,145,145,24,42,42],"floor_reached":23,"playtime":896,"items_purged":[],"score":482,"play_id":"5b9b31a7-ddf8-4cc4-8e02-330b2a17e298","local_time":"20190216130453","is_ascension_mode":true,"campfire_choices":[{"data":"Zap","floor":6,"key":"SMITH"},{"data":"Fusion","floor":12,"key":"SMITH"},{"data":"Buffer","floor":15,"key":"SMITH"}],"neow_cost":"TEN_PERCENT_HP_LOSS","seed_source_timestamp":703804205500,"circlet_count":0,"master_deck":["AscendersBane","Strike_B+1","Strike_B+1","Strike_B+1","Defend_B+1","Defend_B+1","Defend_B+1","Defend_B+1","Zap+1","Dualcast","Ball Lightning","Auto Shields","Beam Cell","Beam Cell","Gash","Turbo","Buffer+1","Fusion+1","Capacitor","Seek","Darkness","Defragment","Coolheaded+1"],"relics":["Cracked Core","Unceasing Top","Sundial","Symbiotic Virus","Snecko Eye"],"potions_floor_usage":[7,11,18,23],"damage_taken":[{"damage":0,"enemies":"Small Slimes","floor":1,"turns":3},{"damage":7,"enemies":"Jaw Worm","floor":3,"turns":2},{"damage":0,"enemies":"2 Louse","floor":5,"turns":2},{"damage":19,"enemies":"Lagavulin","floor":7,"turns":5},{"damage":20,"enemies":"Exordium Wildlife","floor":10,"turns":4},{"damage":0,"enemies":"Blue Slaver","floor":11,"turns":2},{"damage":0,"enemies":"Looter","floor":14,"turns":2},{"damage":0,"enemies":"Slime Boss","floor":16,"turns":7},{"damage":19,"enemies":"3 Byrds","floor":18,"turns":5},{"damage":4,"enemies":"Chosen","floor":22,"turns":6},{"damage":48,"enemies":"Slavers","floor":23,"turns":4}],"seed_played":"8419972807230796687","potions_obtained":[{"floor":5,"key":"FearPotion"},{"floor":10,"key":"Regen Potion"},{"floor":14,"key":"SteroidPotion"},{"floor":16,"key":"SpeedPotion"}],"is_trial":false,"path_per_floor":["M","?","M","?","M","R","E","$","T","M","M","R","?","M","R","B",null,"M","?","?","$","M","E"],"character_chosen":"DEFECT","items_purchased":["Gash","Turbo","Regen Potion","Defragment"],"campfire_rested":0,"item_purchase_floors":[8,8,21,21],"current_hp_per_floor":[64,57,50,50,50,50,31,31,31,11,16,16,37,37,37,37,57,38,38,38,38,34,0],"gold":42,"neow_bonus":"ONE_RARE_RELIC","is_prod":false,"is_daily":false,"chose_seed":false,"campfire_upgraded":3,"win_rate":0,"timestamp":1550351093,"path_taken":["M","?","M","?","M","R","E","$","T","M","M","R","?","M","R","BOSS","M","?","?","?","M","E"],"build_version":"2019-02-06","purchased_purges":0,"victory":false,"max_hp_per_floor":[64,64,64,64,64,64,64,64,64,64,64,64,64,64,64,64,64,64,64,64,64,64,64],"card_choices":[{"not_picked":["Redo","Rebound"],"picked":"Ball Lightning","floor":1},{"not_picked":["Go for the Eyes","Hologram"],"picked":"Auto Shields","floor":3},{"not_picked":["Hologram","Static Discharge"],"picked":"Beam Cell","floor":5},{"not_picked":["Undo","Chaos"],"picked":"Beam Cell","floor":7},{"not_picked":["Stack","Lockon"],"picked":"Buffer","floor":10},{"not_picked":["Cold Snap","Chaos"],"picked":"Fusion","floor":11},{"not_picked":["Sweeping Beam","Turbo"],"picked":"Capacitor","floor":14},{"not_picked":["Thunder Strike","Core Surge"],"picked":"Seek","floor":16},{"not_picked":["Stack","Heatsinks"],"picked":"Darkness","floor":18},{"not_picked":["Compile Driver","Heatsinks"],"picked":"Coolheaded+1","floor":22}],"player_experience":3272983,"relics_obtained":[{"floor":7,"key":"Sundial"},{"floor":9,"key":"Symbiotic Virus"}],"event_choices":[{"cards_removed":["Strike_B"],"damage_healed":0,"gold_gain":0,"player_choice":"Card Removal","damage_taken":7,"max_hp_gain":0,"max_hp_loss":0,"event_name":"Golden Wing","floor":2,"gold_loss":0},{"damage_healed":0,"gold_gain":0,"player_choice":"Left Gold","damage_taken":0,"max_hp_gain":0,"max_hp_loss":0,"event_name":"World of Goop","floor":4,"gold_loss":53},{"damage_healed":21,"gold_gain":0,"player_choice":"Banana","damage_taken":0,"max_hp_gain":0,"max_hp_loss":0,"event_name":"Big Fish","floor":13,"gold_loss":0},{"damage_healed":0,"gold_gain":0,"player_choice":"Simplicity","damage_taken":0,"max_hp_gain":0,"max_hp_loss":0,"event_name":"Back to Basics","floor":19,"gold_loss":0,"cards_upgraded":["Strike_B","Strike_B","Strike_B","Defend_B","Defend_B","Defend_B","Defend_B"]},{"damage_healed":0,"gold_gain":0,"player_choice":"Ignored","damage_taken":0,"max_hp_gain":0,"max_hp_loss":0,"event_name":"Ghosts","floor":20,"gold_loss":0}],"is_beta":true,"boss_relics":[{"not_picked":["Velvet Choker","Lizard Tail"],"picked":"Snecko Eye"}],"items_purged_floors":[],"is_endless":false,"potions_floor_spawned":[5,10,14,16],"killed_by":"Slavers","ascension_level":20}