{"gold_per_floor":[110,110,120,26,0,0,0,34,34,64,14,41,41,69,69,166,166,182,182,182,202,217,217,248,248,248,282,282],"floor_reached":28,"playtime":1429,"items_purged":["Parasite"],"score":324,"play_id":"934d38c8-8062-46bc-bf5b-13bd6ae7fe32","local_time":"20190406121113","is_ascension_mode":true,"campfire_choices":[{"data":"Armaments","floor":7,"key":"SMITH"},{"floor":13,"key":"REST"},{"floor":15,"key":"REST"},{"floor":23,"key":"REST"},{"floor":25,"key":"REST"}],"neow_cost":"CURSE","seed_source_timestamp":234448959464263,"circlet_count":0,"master_deck":["Strike_R","Strike_R","Strike_R","Strike_R","Strike_R","Defend_R","Defend_R","Defend_R","Bash","Perfected Strike","Armaments+1","Pommel Strike","Wild Strike","Shrug It Off","Perfected Strike","Headbutt","Berserk","Flex+1","Twin Strike","Armaments+1","Infernal Blade+1","Pommel Strike"],"relics":["Burning Blood","Peace Pipe","Strawberry","Toxic Egg 2","Smiling Mask","Odd Mushroom","Ancient Tea Set","Black Star","Art of War","Darkstone Periapt","Blue Candle","Omamori","Lantern"],"potions_floor_usage":[8,10,12,24,27],"damage_taken":[{"damage":1,"enemies":"Cultist","floor":1,"turns":3},{"damage":10,"enemies":"2 Louse","floor":3,"turns":3},{"damage":35,"enemies":"3 Sentries","floor":8,"turns":8},{"damage":35,"enemies":"Lagavulin","floor":10,"turns":4},{"damage":22,"enemies":"The Mushroom Lair","floor":12,"turns":4},{"damage":8,"enemies":"Gremlin Nob","floor":14,"turns":3},{"damage":43,"enemies":"The Guardian","floor":16,"turns":12},{"damage":31,"enemies":"3 Byrds","floor":18,"turns":6},{"damage":26,"enemies":"2 Thieves","floor":21,"turns":4},{"damage":24,"enemies":"Snake Plant","floor":22,"turns":3},{"damage":42,"enemies":"Gremlin Leader","floor":24,"turns":6},{"damage":34,"enemies":"Slavers","floor":27,"turns":7},{"damage":42,"enemies":"Shelled Parasite and Fungi","floor":28,"turns":3}],"seed_played":"3442610259230305057","potions_obtained":[{"floor":1,"key":"FearPotion"},{"floor":2,"key":"BloodPotion"},{"floor":2,"key":"Regen Potion"},{"floor":14,"key":"PowerPotion"},{"floor":21,"key":"Ancient Potion"},{"floor":22,"key":"GamblersBrew"},{"floor":24,"key":"Regen Potion"}],"is_trial":false,"path_per_floor":["M","?","M","$","?","?","R","E","T","E","$","?","R","E","R","B",null,"M","?","?","M","M","R","E","R","T","E","M"],"character_chosen":"IRONCLAD","items_purchased":["Pommel Strike","Wild Strike"],"campfire_rested":4,"item_purchase_floors":[4,4],"current_hp_per_floor":[80,80,76,76,76,81,81,74,74,45,45,37,63,61,87,50,89,64,64,64,44,26,52,16,42,42,29,0],"gold":282,"neow_bonus":"ONE_RARE_RELIC","is_prod":false,"is_daily":false,"chose_seed":false,"campfire_upgraded":1,"win_rate":0,"timestamp":1554567073,"path_taken":["M","?","M","?","?","?","R","E","T","E","$","?","R","E","R","BOSS","M","?","?","?","M","R","E","R","T","E","M"],"build_version":"2019-01-23","purchased_purges":1,"victory":false,"max_hp_per_floor":[80,80,80,80,80,85,85,92,92,92,89,89,89,89,89,89,89,89,89,89,89,89,89,89,89,89,89,89],"card_choices":[{"not_picked":["True Grit","Hemokinesis"],"picked":"Perfected Strike","floor":1},{"not_picked":["Reckless Charge","Cleave"],"picked":"Armaments","floor":3},{"not_picked":["Clothesline","Clash"],"picked":"Shrug It Off","floor":8},{"not_picked":["Whirlwind","Heavy Blade"],"picked":"Perfected Strike","floor":10},{"not_picked":["Clothesline","Rupture"],"picked":"Headbutt","floor":12},{"not_picked":["Heavy Blade","Dual Wield+1","Body Slam"],"picked":"SKIP","floor":14},{"not_picked":["Fiend Fire","Exhume+1"],"picked":"Berserk","floor":16},{"not_picked":["Cleave","True Grit+1","Havoc+1"],"picked":"SKIP","floor":18},{"not_picked":["Cleave","True Grit+1","Havoc+1"],"picked":"SKIP","floor":18},{"not_picked":["Combust","Rupture+1"],"picked":"Twin Strike","floor":21},{"not_picked":["Warcry+1","Combust"],"picked":"Armaments+1","floor":22},{"not_picked":["Iron Wave","True Grit+1"],"picked":"Infernal Blade+1","floor":24},{"not_picked":["True Grit+1","Offering+1"],"picked":"Pommel Strike","floor":27}],"player_experience":211624,"relics_obtained":[{"floor":8,"key":"Strawberry"},{"floor":9,"key":"Toxic Egg 2"},{"floor":10,"key":"Smiling Mask"},{"floor":12,"key":"Odd Mushroom"},{"floor":14,"key":"Ancient Tea Set"},{"floor":24,"key":"Art of War"},{"floor":24,"key":"Darkstone Periapt"},{"floor":26,"key":"Blue Candle"},{"floor":27,"key":"Omamori"},{"floor":27,"key":"Lantern"}],"event_choices":[{"damage_healed":0,"gold_gain":0,"player_choice":"Got Potions","damage_taken":0,"max_hp_gain":0,"max_hp_loss":0,"event_name":"Lab","floor":2,"gold_loss":0},{"damage_healed":0,"gold_gain":0,"player_choice":"Left Gold","damage_taken":0,"max_hp_gain":0,"max_hp_loss":0,"event_name":"World of Goop","floor":5,"gold_loss":26},{"damage_healed":0,"gold_gain":0,"player_choice":"Donut","damage_taken":0,"max_hp_gain":5,"max_hp_loss":0,"event_name":"Big Fish","floor":6,"gold_loss":0},{"damage_healed":0,"gold_gain":0,"player_choice":"Fought Mushrooms","damage_taken":0,"max_hp_gain":0,"max_hp_loss":0,"event_name":"Mushrooms","floor":12,"gold_loss":0},{"damage_healed":0,"gold_gain":0,"player_choice":"Ignored","damage_taken":0,"max_hp_gain":0,"max_hp_loss":0,"event_name":"Ghosts","floor":19,"gold_loss":0},{"damage_healed":0,"gold_gain":0,"cards_transformed":["Defend_R"],"player_choice":"Transformed","damage_taken":0,"max_hp_gain":0,"max_hp_loss":0,"event_name":"Transmorgrifier","floor":20,"gold_loss":0,"cards_obtained":["Flex"]}],"is_beta":false,"boss_relics":[{"not_picked":["Orrery","Empty Cage"],"picked":"Black Star"}],"items_purged_floors":[11],"is_endless":false,"potions_floor_spawned":[1,3,14,21,22,24],"killed_by":"Shelled Parasite and Fungi","ascension_level":4}