{"path_per_floor":["M","?","?","$","M","R","M","?","T","R","M","M","R","M","R","B",null,"M","$","?","?","M","E","R","M","T","M","R","M","M","M","R","B",null,"M","M","?","?","M","R"],"character_chosen":"IRONCLAD","items_purchased":["Perfected Strike","Inflame","Heavy Blade"],"gold_per_floor":[115,215,215,1,19,19,39,39,64,64,75,88,88,105,105,207,207,226,126,126,126,139,170,170,180,180,195,195,210,228,247,247,345,345,357,376,376,0,18,18,18],"floor_reached":41,"campfire_rested":5,"playtime":1152,"item_purchase_floors":[4,4,4],"current_hp_per_floor":[74,74,74,74,74,74,80,62,62,80,80,80,80,74,74,35,80,80,80,80,80,76,34,64,33,33,39,69,65,71,53,80,23,80,71,44,44,44,44,76,0],"items_purged":["Bash","Defend_R"],"gold":18,"score":432,"play_id":"353784c5-998f-46eb-b0b9-61f569533df7","local_time":"20180620222451","is_prod":false,"is_daily":false,"chose_seed":false,"is_ascension_mode":false,"campfire_upgraded":3,"win_rate":0.0,"timestamp":1529547891,"campfire_choices":[{"data":"Perfected Strike","floor":6,"key":"SMITH"},{"floor":10,"key":"REST"},{"data":"Perfected Strike","floor":13,"key":"SMITH"},{"data":"Double Tap","floor":15,"key":"SMITH"},{"floor":24,"key":"REST"},{"floor":28,"key":"REST"},{"floor":32,"key":"REST"},{"floor":40,"key":"REST"}],"path_taken":["M","?","?","$","M","R","?","?","T","R","M","M","R","M","R","BOSS","M","$","?","?","M","E","R","M","T","M","R","M","M","?","R","BOSS","M","?","?","?","M","R","E"],"build_version":"2018-06-14v2","seed_source_timestamp":438492553339300,"purchased_purges":2,"victory":false,"master_deck":["Strike_R","Strike_R","Strike_R","Strike_R","Strike_R","Defend_R","Defend_R","Defend_R","Perfected Strike+1","Perfected Strike+1","Inflame","Heavy Blade","Thunderclap","Perfected Strike","Double Tap+1","Perfected Strike","Immolate","Perfected Strike","Perfected Strike","Bandage Up"],"max_hp_per_floor":[80,80,80,80,80,80,80,80,80,80,80,80,80,80,80,80,80,80,80,80,80,80,80,80,80,80,80,80,80,80,80,80,80,80,80,80,80,80,80,80,80],"relics":["Burning Blood","Omamori","Happy Flower","Lantern","Eternal Feather","Potion Belt","Dodecahedron","Black Star","Red Mask"],"card_choices":[{"not_picked":["Rupture","True Grit"],"picked":"Perfected Strike","floor":1},{"not_picked":["Feel No Pain","Clash"],"picked":"Thunderclap","floor":5},{"not_picked":["Twin Strike","Body Slam","True Grit"],"picked":"SKIP","floor":7},{"not_picked":["Carnage","Flame Barrier"],"picked":"Perfected Strike","floor":11},{"not_picked":["Thunderclap","True Grit","Havoc"],"picked":"SKIP","floor":12},{"not_picked":["Wild Strike","Blood for Blood"],"picked":"Double Tap","floor":14},{"not_picked":["Cleave+1","True Grit+1","Rampage+1"],"picked":"SKIP","floor":18},{"not_picked":["Shrug It Off","Anger"],"picked":"Perfected Strike","floor":22},{"not_picked":["Flex","Reaper","Rage"],"picked":"SKIP","floor":23},{"not_picked":["Cleave","True Grit","Combust"],"picked":"SKIP","floor":25},{"not_picked":["Warcry","Heavy Blade","Rupture+1"],"picked":"SKIP","floor":27},{"not_picked":["Body Slam","Infernal Blade+1","Pommel Strike"],"picked":"SKIP","floor":29},{"not_picked":["Havoc","Ghostly Armor","Iron Wave"],"picked":"SKIP","floor":30},{"not_picked":["Pommel Strike","Inflame","Headbutt+1"],"picked":"SKIP","floor":31},{"not_picked":["Exhume","Barricade"],"picked":"Immolate","floor":33},{"not_picked":["Body Slam","Iron Wave"],"picked":"Perfected Strike","floor":35},{"not_picked":["Havoc","Whirlwind"],"picked":"Perfected Strike","floor":36},{"not_picked":["Flash of Steel","Madness"],"picked":"Bandage Up","floor":37},{"not_picked":["Entrench","Sword Boomerang","Pommel Strike"],"picked":"SKIP","floor":39}],"player_experience":157848,"potions_floor_usage":[16,23,29,33,33,33,41],"damage_taken":[{"damage":12,"enemies":"Jaw Worm","floor":1,"turns":5},{"damage":6,"enemies":"Cultist","floor":5,"turns":3},{"damage":0,"enemies":"Small Slimes","floor":7,"turns":3},{"damage":5,"enemies":"Looter","floor":11,"turns":2},{"damage":0,"enemies":"Red Slaver","floor":12,"turns":1},{"damage":12,"enemies":"3 Louse","floor":14,"turns":3},{"damage":45,"enemies":"Hexaghost","floor":16,"turns":8},{"damage":0,"enemies":"Chosen","floor":18,"turns":1},{"damage":10,"enemies":"Spheric Guardian","floor":22,"turns":3},{"damage":48,"enemies":"Slavers","floor":23,"turns":4},{"damage":37,"enemies":"Snake Plant","floor":25,"turns":3},{"damage":0,"enemies":"Chosen and Byrds","floor":27,"turns":4},{"damage":10,"enemies":"Sentry and Sphere","floor":29,"turns":3},{"damage":0,"enemies":"Snecko","floor":30,"turns":2},{"damage":24,"enemies":"Centurion and Healer","floor":31,"turns":3},{"damage":71,"enemies":"Collector","floor":33,"turns":5},{"damage":15,"enemies":"3 Shapes","floor":35,"turns":2},{"damage":33,"enemies":"Orb Walker","floor":36,"turns":3},{"damage":6,"enemies":"Sphere and 2 Shapes","floor":39,"turns":1},{"damage":118,"enemies":"Giant Head","floor":41,"turns":7}],"relics_obtained":[{"floor":9,"key":"Lantern"},{"floor":23,"key":"Potion Belt"},{"floor":26,"key":"Dodecahedron"}],"event_choices":[{"event_name":"Golden Shrine","player_choice":"Pray","floor":2,"damage_taken":0},{"event_name":"The Lab","player_choice":"Got Potions","floor":3,"damage_taken":0},{"event_name":"Scrap Ooze","player_choice":"success","floor":8,"damage_taken":18},{"event_name":"The Mausoleum","player_choice":"No","floor":20,"damage_taken":0},{"event_name":"Forgotten Altar","player_choice":"Smashed Altar","floor":21,"damage_taken":0},{"event_name":"SensoryStone","player_choice":"Memory 1","floor":37,"damage_taken":0},{"event_name":"Tomb of Lord Red Mask","player_choice":"Paid","floor":38,"damage_taken":0}],"boss_relics":[{"not_picked":["Coffee Dripper","Runic Cube"],"picked":"Eternal Feather"},{"not_picked":["Velvet Choker","Runic Dome"],"picked":"Black Star"}],"items_purged_floors":[4,19],"is_endless":false,"potions_floor_spawned":[1,7,11,12,14,22,23,27,33,39],"seed_played":"-6856969065597508797","killed_by":"Giant Head","ascension_level":0,"potions_obtained":[{"floor":1,"key":"SkillPotion"},{"floor":3,"key":"BloodPotion"},{"floor":3,"key":"Explosive Potion"},{"floor":22,"key":"FearPotion"},{"floor":23,"key":"SkillPotion"},{"floor":27,"key":"AttackPotion"},{"floor":33,"key":"Strength Potion"},{"floor":39,"key":"SpeedPotion"}],"is_trial":false}