{"gold_per_floor":[15,26,26,44,60,86,86,99,123,135,100,116,130,148,148,246,246,261,78,98,98,117,117,117,117,117,117,117,17,17,27,27,127,127,142,17,32,52,152,152,152,152,198,223,246,258,281,293,305,317],"floor_reached":50,"playtime":12955,"items_purged":["Meteor Strike","Multi-Cast","Compile Driver"],"score":448,"play_id":"dc3b60f5-4ac7-43cf-9f53-dd71427497e6","local_time":"20190402023118","is_ascension_mode":false,"campfire_choices":[{"floor":7.0,"key":"REST"},{"floor":15.0,"key":"REST"},{"floor":23.0,"key":"REST"},{"floor":25.0,"key":"REST"},{"floor":28.0,"key":"REST"},{"data":"Zap","floor":30.0,"key":"SMITH"},{"data":"Panache","floor":32.0,"key":"SMITH"},{"floor":40,"key":"REST"},{"floor":42,"key":"REST"},{"floor":46,"key":"REST"},{"floor":49,"key":"REST"}],"neow_cost":"NO_GOLD","seed_source_timestamp":0,"circlet_count":0,"master_deck":["Zap+1","Dualcast","Panache+1","Rebound","Ball Lightning","Scrape","Go for the Eyes","Gash","Echo Form","FTL","Redo","Sunder","Reinforced Body","Gash+1","Electrodynamics","Scrape","White Noise+1"],"special_seed":0,"relics":["Cracked Core","Thread and Needle","Ancient Tea Set","Nloth\u0027s Gift","Bottled Tornado","MutagenicStrength","Empty Cage","Incense Burner","MawBank","NlothsMask"],"potions_floor_usage":[39,39,47,50],"damage_taken":[{"damage":4.0,"enemies":"Cultist","floor":1.0,"turns":4.0},{"damage":6.0,"enemies":"2 Louse","floor":2.0,"turns":3.0},{"damage":5.0,"enemies":"Small Slimes","floor":4.0,"turns":2.0},{"damage":7.0,"enemies":"Looter","floor":5.0,"turns":3.0},{"damage":35.0,"enemies":"3 Sentries","floor":6.0,"turns":6.0},{"damage":14.0,"enemies":"3 Louse","floor":8.0,"turns":3.0},{"damage":12.0,"enemies":"Exordium Thugs","floor":10.0,"turns":4.0},{"damage":0.0,"enemies":"Blue Slaver","floor":12.0,"turns":3.0},{"damage":0.0,"enemies":"Large Slime","floor":13.0,"turns":5.0},{"damage":0.0,"enemies":"Red Slaver","floor":14.0,"turns":3.0},{"damage":22.0,"enemies":"Hexaghost","floor":16.0,"turns":7.0},{"damage":2.0,"enemies":"Chosen","floor":18.0,"turns":4.0},{"damage":13.0,"enemies":"Spheric Guardian","floor":20.0,"turns":4.0},{"damage":31.0,"enemies":"Snake Plant","floor":22.0,"turns":5.0},{"damage":6.0,"enemies":"Centurion and Healer","floor":31.0,"turns":4.0},{"damage":27.0,"enemies":"Collector","floor":33.0,"turns":6.0},{"damage":37,"enemies":"3 Darklings","floor":35,"turns":3},{"damage":8,"enemies":"3 Shapes","floor":37,"turns":4},{"damage":0,"enemies":"Jaw Worm Horde","floor":38,"turns":2},{"damage":34,"enemies":"Mind Bloom Boss Battle","floor":39,"turns":8},{"damage":13,"enemies":"4 Shapes","floor":44,"turns":3},{"damage":43,"enemies":"3 Darklings","floor":45,"turns":3},{"damage":14,"enemies":"Spire Growth","floor":47,"turns":3},{"damage":46,"enemies":"Donu and Deca","floor":50,"turns":4}],"seed_played":"-2287349679167333045","potions_obtained":[{"floor":1.0,"key":"Swift Potion"},{"floor":2.0,"key":"SpeedPotion"},{"floor":10.0,"key":"Poison Potion"},{"floor":13.0,"key":"EssenceOfSteel"},{"floor":16.0,"key":"LiquidBronze"},{"floor":18.0,"key":"SteroidPotion"},{"floor":35,"key":"Regen Potion"},{"floor":38,"key":"Energy Potion"},{"floor":39,"key":"AttackPotion"},{"floor":45,"key":"Poison Potion"}],"is_trial":false,"path_per_floor":["M","M","?","M","M","E","R","M","T","M","?","M","M","M","R","B",null,"M","$","M","?","M","R","?","R","T","?","R","$","R","M","R","B",null,"M","$","M","M","?","R","?","R","T","M","M","R","M","?","R","B"],"character_chosen":"DEFECT","items_purchased":["Sunder","Reinforced Body"],"campfire_rested":9,"item_purchase_floors":[19,19],"current_hp_per_floor":[71,65,58,53,46,11,33,19,19,7,25,25,25,25,47,25,75,73,73,60,60,29,51,37,61,61,61,80,80,80,74,74,47,80,43,43,35,35,16,40,40,64,64,51,8,32,18,18,42,0],"gold":317,"neow_bonus":"RANDOM_COLORLESS_2","is_prod":false,"is_daily":false,"chose_seed":false,"campfire_upgraded":2,"win_rate":0,"timestamp":1554186678,"path_taken":["M","M","?","M","M","E","R","M","T","M","?","M","M","M","R","BOSS","M","$","M","?","?","R","?","R","T","?","R","$","R","?","R","BOSS","M","$","M","M","?","R","?","R","T","M","M","R","?","?","R","BOSS"],"build_version":"2019-01-23","purchased_purges":3,"victory":false,"max_hp_per_floor":[75,75,75,75,75,75,75,75,75,75,75,75,75,75,75,75,75,75,75,75,75,75,75,80,80,80,80,80,80,80,80,80,80,80,80,80,80,80,80,80,80,80,80,80,80,80,80,80,80,80],"card_choices":[{"not_picked":["Heatsinks","Sweeping Beam"],"picked":"Rebound","floor":1.0},{"not_picked":["Conserve Battery","Coolheaded"],"picked":"Ball Lightning","floor":2.0},{"not_picked":["Reinforced Body","Auto Shields"],"picked":"Scrape","floor":4.0},{"not_picked":["Compile Driver","Genetic Algorithm","Steam Power"],"picked":"SKIP","floor":5.0},{"not_picked":["Hyperbeam","Sweeping Beam"],"picked":"Go for the Eyes","floor":6.0},{"not_picked":["Chill","Cold Snap","Hello World"],"picked":"SKIP","floor":8.0},{"not_picked":["Sweeping Beam","Core Surge","Leap"],"picked":"SKIP","floor":10.0},{"not_picked":["Stack","Go for the Eyes","Coolheaded"],"picked":"SKIP","floor":12.0},{"not_picked":["Reprogram","Compile Driver","Sweeping Beam"],"picked":"SKIP","floor":13.0},{"not_picked":["Sweeping Beam","Heatsinks"],"picked":"Gash","floor":14.0},{"not_picked":["Biased Cognition","Meteor Strike"],"picked":"Echo Form","floor":16.0},{"not_picked":["Turbo+1","Storm","Leap"],"picked":"SKIP","floor":18.0},{"not_picked":["Stack+1","Steam Power","Recycle"],"picked":"SKIP","floor":20.0},{"not_picked":["Cold Snap+1","Coolheaded"],"picked":"Gash+1","floor":22.0},{"not_picked":["Steam","Double Energy","Hello World+1"],"picked":"SKIP","floor":31.0},{"not_picked":["Amplify","Machine Learning"],"picked":"Electrodynamics","floor":33.0},{"not_picked":["Cold Snap+1","Hologram+1","Beam Cell+1"],"picked":"SKIP","floor":35},{"not_picked":["Glacier","Barrage+1","Chaos+1"],"picked":"SKIP","floor":37},{"not_picked":["Creative AI","Beam Cell","Rebound"],"picked":"SKIP","floor":38},{"not_picked":["Recycle","Creative AI"],"picked":"Scrape","floor":39},{"not_picked":["Hologram","Reprogram+1"],"picked":"White Noise+1","floor":44},{"not_picked":["Steam","Go for the Eyes","Redo"],"picked":"SKIP","floor":45},{"not_picked":["Conserve Battery+1","Leap+1","Steam+1"],"picked":"SKIP","floor":47}],"player_experience":426458,"relics_obtained":[{"floor":6.0,"key":"Thread and Needle"},{"floor":9.0,"key":"Ancient Tea Set"},{"floor":26.0,"key":"Bottled Tornado"},{"floor":39,"key":"Incense Burner"},{"floor":43,"key":"MawBank"}],"event_choices":[{"cards_removed":["Strike_B"],"damage_healed":0.0,"max_hp_gain":0.0,"max_hp_loss":0.0,"gold_gain":0.0,"event_name":"Golden Wing","player_choice":"Card Removal","floor":3.0,"gold_loss":0.0,"damage_taken":7.0},{"damage_healed":18.0,"max_hp_gain":0.0,"max_hp_loss":0.0,"gold_gain":0.0,"event_name":"The Cleric","player_choice":"Healed","floor":11.0,"gold_loss":35.0,"damage_taken":0.0},{"damage_healed":0.0,"max_hp_gain":0.0,"max_hp_loss":0.0,"gold_gain":0.0,"event_name":"N\u0027loth","player_choice":"Traded Relic","floor":21.0,"relics_lost":["Pandora\u0027s Box"],"gold_loss":0.0,"damage_taken":0.0,"relics_obtained":["Nloth\u0027s Gift"]},{"damage_healed":0.0,"max_hp_gain":5.0,"max_hp_loss":0.0,"gold_gain":0.0,"event_name":"Forgotten Altar","player_choice":"Shed Blood","floor":24.0,"gold_loss":0.0,"damage_taken":19.0},{"damage_healed":0.0,"max_hp_gain":0.0,"max_hp_loss":0.0,"gold_gain":0.0,"event_name":"Drug Dealer","player_choice":"Inject Mutagens","floor":27.0,"gold_loss":0.0,"damage_taken":0.0,"relics_obtained":["MutagenicStrength"]},{"damage_healed":0,"gold_gain":0,"player_choice":"Fight","damage_taken":0,"max_hp_gain":0,"max_hp_loss":0,"event_name":"MindBloom","floor":39,"gold_loss":0},{"cards_removed":["Blind"],"damage_healed":0,"gold_gain":0,"player_choice":"Removed Skill","damage_taken":0,"max_hp_gain":0,"max_hp_loss":0,"event_name":"Falling","floor":41,"gold_loss":0},{"damage_healed":0,"gold_gain":0,"player_choice":"Trade","damage_taken":0,"relics_obtained":["NlothsMask"],"max_hp_gain":0,"max_hp_loss":0,"event_name":"FaceTrader","floor":48,"gold_loss":0}],"is_beta":false,"boss_relics":[{"not_picked":["Calling Bell","Snecko Eye"],"picked":"Pandora\u0027s Box"},{"not_picked":["Orrery","Sozu"],"picked":"Empty Cage"}],"items_purged_floors":[19,29,36],"is_endless":false,"potions_floor_spawned":[1,2,10,13,16,18,20,31,35,38,39,45],"killed_by":"Donu and Deca","ascension_level":0}