{"gold_per_floor":[116,135,135,135,151,151,183,201,201,201,218,218,218,236,236,366,366,389,403,328,58,72,72,72,88,88,88,108,123,123,136,136,266,266,280,304,304,1303,399,442,442,463,463,24,62,80,158,203,203,203],"floor_reached":51,"playtime":1549,"items_purged":["Strike_R","Normality","Normality"],"score":708,"play_id":"a37198f7-6a3d-4e2b-9c08-e21afd3bb905","local_time":"20190415224812","is_ascension_mode":false,"campfire_choices":[{"data":"Shockwave","floor":6,"key":"SMITH"},{"data":"Clothesline","floor":10,"key":"SMITH"},{"data":"Flame Barrier","floor":12,"key":"SMITH"},{"data":"Whirlwind","floor":15,"key":"SMITH"},{"data":"Fiend Fire","floor":23,"key":"SMITH"},{"data":"Metallicize","floor":27,"key":"SMITH"},{"data":"Carnage","floor":30,"key":"SMITH"},{"data":"Dark Embrace","floor":32,"key":"SMITH"},{"data":"Demon Form","floor":41,"key":"SMITH"},{"data":"Metallicize","floor":49,"key":"SMITH"}],"neow_cost":"NONE","seed_source_timestamp":31024064764733,"circlet_count":0,"master_deck":["Strike_R","Strike_R+1","Strike_R","Defend_R","Defend_R","Defend_R","Defend_R+1","Bash+1","Shockwave+1","Clothesline+1","Dark Embrace+1","Metallicize+1","Flame Barrier+1","True Grit+1","Whirlwind+1","Fiend Fire+1","Carnage+1","Demon Form+1","HandOfGreed","Flame Barrier+1","Armaments+1","Metallicize+1"],"relics":["Snecko Eye","Meat on the Bone","Toxic Egg 2","Golden Idol","Sozu","Medical Kit","Ornamental Fan","Busted Crown","TheAbacus","Magic Flower","Boot","Bottled Lightning","Happy Flower","Blood Vial","Du-Vu Doll"],"potions_floor_usage":[50,50,50],"damage_taken":[{"damage":0,"enemies":"Small Slimes","floor":1,"turns":3},{"damage":1,"enemies":"Jaw Worm","floor":2,"turns":3},{"damage":0,"enemies":"2 Louse","floor":5,"turns":1},{"damage":13,"enemies":"Lagavulin","floor":7,"turns":6},{"damage":6,"enemies":"Blue Slaver","floor":8,"turns":2},{"damage":4,"enemies":"Red Slaver","floor":11,"turns":4},{"damage":0,"enemies":"2 Fungi Beasts","floor":14,"turns":3},{"damage":4,"enemies":"Slime Boss","floor":16,"turns":8},{"damage":8,"enemies":"2 Thieves","floor":18,"turns":3},{"damage":0,"enemies":"Spheric Guardian","floor":19,"turns":3},{"damage":0,"enemies":"Centurion and Healer","floor":22,"turns":5},{"damage":0,"enemies":"Snecko","floor":25,"turns":2},{"damage":0,"enemies":"Sentry and Sphere","floor":28,"turns":2},{"damage":13,"enemies":"Snake Plant","floor":29,"turns":2},{"damage":0,"enemies":"Centurion and Healer","floor":31,"turns":2},{"damage":25,"enemies":"Automaton","floor":33,"turns":8},{"damage":0,"enemies":"3 Darklings","floor":35,"turns":2},{"damage":0,"enemies":"3 Shapes","floor":36,"turns":3},{"damage":28,"enemies":"Reptomancer","floor":40,"turns":5},{"damage":0,"enemies":"Transient","floor":42,"turns":5},{"damage":2,"enemies":"Sphere and 2 Shapes","floor":45,"turns":3},{"damage":3,"enemies":"Maw","floor":46,"turns":5},{"damage":0,"enemies":"2 Orb Walkers","floor":47,"turns":3},{"damage":0,"enemies":"4 Shapes","floor":48,"turns":3},{"damage":1,"enemies":"Time Eater","floor":50,"turns":9}],"seed_played":"7963780540253188207","potions_obtained":[{"floor":1,"key":"EssenceOfSteel"},{"floor":14,"key":"BloodPotion"},{"floor":16,"key":"Regen Potion"}],"is_trial":false,"path_per_floor":["M","M","?","?","M","R","E","M","T","R","M","R","?","M","R","B",null,"M","M","?","$","M","R","?","M","T","R","M","M","R","M","R","B",null,"M","M","?","?","$","E","R","M","T","$","M","M","?","M","R","B",null],"character_chosen":"IRONCLAD","items_purchased":["Medical Kit","TheAbacus","Magic Flower","Boot","HandOfGreed","Flame Barrier+1","Armaments+1","Metallicize","Blood Vial"],"campfire_rested":0,"item_purchase_floors":[21,39,39,39,39,44,44,44,44],"current_hp_per_floor":[80,79,79,63,63,63,50,44,44,44,52,52,32,44,44,52,80,72,72,72,72,72,72,72,72,72,72,72,59,59,59,59,46,80,80,80,80,80,80,52,52,52,52,52,53,53,56,59,59,73],"gold":203,"neow_bonus":"BOSS_RELIC","is_prod":false,"is_daily":false,"chose_seed":false,"campfire_upgraded":10,"win_rate":0,"timestamp":1555390092,"path_taken":["M","M","?","?","M","R","E","M","T","R","M","R","?","?","R","BOSS","M","M","?","$","M","R","?","M","T","R","?","M","R","M","R","BOSS","M","M","?","?","$","E","R","M","T","$","M","M","?","M","R","BOSS"],"build_version":"2019-01-23","purchased_purges":3,"victory":true,"max_hp_per_floor":[80,80,80,80,80,80,80,80,80,80,80,80,80,80,80,80,80,80,80,80,80,80,80,80,80,80,80,80,80,80,80,80,80,80,80,80,80,80,80,80,80,80,80,80,80,80,80,80,80,80],"card_choices":[{"not_picked":["Evolve","Anger"],"picked":"Shockwave","floor":1},{"not_picked":["Body Slam","Perfected Strike"],"picked":"Clothesline","floor":2},{"not_picked":["Sword Boomerang","Iron Wave"],"picked":"Dark Embrace","floor":5},{"not_picked":["Hemokinesis","Thunderclap"],"picked":"Metallicize","floor":7},{"not_picked":["Sever Soul","Cleave"],"picked":"Flame Barrier","floor":8},{"not_picked":["Fire Breathing","Entrench+1"],"picked":"True Grit+1","floor":11},{"not_picked":["Wild Strike","True Grit+1"],"picked":"Whirlwind","floor":14},{"not_picked":["Limit Break+1","Bludgeon"],"picked":"Fiend Fire","floor":16},{"not_picked":["Thunderclap+1","Warcry+1","Anger+1"],"picked":"SKIP","floor":18},{"not_picked":["Wild Strike","Havoc+1","Dual Wield+1"],"picked":"SKIP","floor":19},{"not_picked":["Clash+1","Rage+1","Armaments+1"],"picked":"SKIP","floor":22},{"not_picked":["Perfected Strike","Armaments+1","Cleave+1"],"picked":"SKIP","floor":25},{"not_picked":["Flex+1","Iron Wave+1","Evolve"],"picked":"SKIP","floor":28},{"not_picked":["Havoc+1","Flex+1"],"picked":"Carnage","floor":29},{"not_picked":["Bloodletting+1","Pommel Strike","Armaments+1"],"picked":"SKIP","floor":31},{"not_picked":["Exhume+1","Double Tap+1"],"picked":"Demon Form","floor":33},{"not_picked":["Twin Strike"],"picked":"SKIP","floor":35},{"not_picked":["Rupture"],"picked":"SKIP","floor":36},{"not_picked":["Clash"],"picked":"SKIP","floor":40},{"not_picked":["Hemokinesis+1"],"picked":"SKIP","floor":42},{"not_picked":["Thunderclap"],"picked":"SKIP","floor":45},{"not_picked":["Cleave+1"],"picked":"SKIP","floor":46},{"not_picked":["Clothesline+1"],"picked":"SKIP","floor":48}],"player_experience":1229984,"relics_obtained":[{"floor":7,"key":"Meat on the Bone"},{"floor":9,"key":"Toxic Egg 2"},{"floor":26,"key":"Ornamental Fan"},{"floor":40,"key":"Bottled Lightning"},{"floor":43,"key":"Happy Flower"},{"floor":47,"key":"Du-Vu Doll"}],"event_choices":[{"damage_healed":0,"gold_gain":0,"player_choice":"Grow","damage_taken":0,"max_hp_gain":0,"max_hp_loss":0,"event_name":"Living Wall","floor":3,"gold_loss":0,"cards_upgraded":["Bash"]},{"damage_healed":0,"gold_gain":0,"player_choice":"Entered Light","damage_taken":16,"max_hp_gain":0,"max_hp_loss":0,"event_name":"Shining Light","floor":4,"gold_loss":0,"cards_upgraded":["Defend_R","Strike_R"]},{"damage_healed":0,"gold_gain":0,"player_choice":"Take Damage","damage_taken":20,"relics_obtained":["Golden Idol"],"max_hp_gain":0,"max_hp_loss":0,"event_name":"Golden Idol","floor":13,"gold_loss":0},{"cards_removed":["Strike_R"],"damage_healed":0,"gold_gain":0,"player_choice":"Gave Gold","damage_taken":0,"max_hp_gain":0,"max_hp_loss":0,"event_name":"Beggar","floor":20,"gold_loss":75},{"damage_healed":0,"gold_gain":0,"player_choice":"Got Potions","damage_taken":0,"max_hp_gain":0,"max_hp_loss":0,"event_name":"Lab","floor":24,"gold_loss":0},{"damage_healed":0,"gold_gain":0,"player_choice":"Ignored","damage_taken":0,"max_hp_gain":0,"max_hp_loss":0,"event_name":"Tomb of Lord Red Mask","floor":37,"gold_loss":0},{"damage_healed":0,"gold_gain":999,"player_choice":"Gold","damage_taken":0,"max_hp_gain":0,"max_hp_loss":0,"event_name":"MindBloom","floor":38,"gold_loss":0,"cards_obtained":["Normality","Normality"]},{"damage_healed":0,"gold_gain":0,"player_choice":"Fight","damage_taken":0,"max_hp_gain":0,"max_hp_loss":0,"event_name":"Mysterious Sphere","floor":47,"gold_loss":0}],"is_beta":false,"boss_relics":[{"not_picked":["Fusion Hammer","Calling Bell"],"picked":"Sozu"},{"not_picked":["Black Star","Coffee Dripper"],"picked":"Busted Crown"}],"items_purged_floors":[21,39,44],"is_endless":false,"potions_floor_spawned":[1,14,16,18,22,25,28,33,42,45,48],"ascension_level":0}