{"gold_per_floor":[218,229,229,3,17,42,42,56,56,56,72,48,73,89,89,193,193,204,223,235,251,262,262,281,281,281,281,298,298,316,316,316,316],"floor_reached":33,"playtime":1863,"items_purged":["Strike_R"],"score":263,"play_id":"94e74552-dde3-4fdf-a01e-a847032dd973","local_time":"20180704205107","is_ascension_mode":false,"campfire_choices":[{"data":"Pommel Strike","floor":7,"key":"SMITH"},{"floor":10,"key":"REST"},{"floor":15,"key":"REST"},{"floor":23,"key":"REST"},{"floor":27,"key":"REST"},{"floor":29,"key":"REST"},{"floor":32,"key":"REST"}],"neow_cost":"NONE","seed_source_timestamp":35764067264179,"circlet_count":0,"master_deck":["Pommel Strike+1","Iron Wave","Flex","Flash of Steel","Shrug It Off","Whirlwind","Bloodletting","Havoc","Pommel Strike","Fiend Fire","Thunderclap","True Grit","Inflame","Clash","Pummel","Havoc","Clash","Havoc","Carnage+1","Searing Blow+1","Power Through+1"],"relics":["Burning Blood","Self Forming Clay","Ornamental Fan","Kunai","Pandora\u0027s Box","Question Card"],"potions_floor_usage":[16,16,16,33,33,33,33],"damage_taken":[{"damage":13,"enemies":"Cultist","floor":1,"turns":5},{"damage":0,"enemies":"Small Slimes","floor":2,"turns":3},{"damage":3,"enemies":"Jaw Worm","floor":5,"turns":3},{"damage":22,"enemies":"3 Sentries","floor":6,"turns":8},{"damage":0,"enemies":"Large Slime","floor":8,"turns":4},{"damage":11,"enemies":"Lots of Slimes","floor":11,"turns":3},{"damage":21,"enemies":"Lagavulin","floor":13,"turns":5},{"damage":14,"enemies":"3 Louse","floor":14,"turns":2},{"damage":56,"enemies":"Hexaghost","floor":16,"turns":11},{"damage":3,"enemies":"Chosen","floor":18,"turns":4},{"damage":22,"enemies":"3 Byrds","floor":19,"turns":5},{"damage":21,"enemies":"3 Cultists","floor":20,"turns":4},{"damage":4,"enemies":"Snecko","floor":21,"turns":3},{"damage":39,"enemies":"Centurion and Healer","floor":22,"turns":5},{"damage":40,"enemies":"Slaver and Parasite","floor":24,"turns":5},{"damage":24,"enemies":"Snake Plant","floor":28,"turns":4},{"damage":18,"enemies":"Snecko","floor":30,"turns":4},{"damage":90,"enemies":"Collector","floor":33,"turns":5}],"seed_played":"-5347370392316422499","potions_obtained":[{"floor":5,"key":"LiquidBronze"},{"floor":11,"key":"SpeedPotion"},{"floor":13,"key":"Dexterity Potion"},{"floor":16,"key":"Regen Potion"},{"floor":19,"key":"Ancient Potion"},{"floor":22,"key":"EntropicBrew"}],"is_trial":false,"path_per_floor":["M","M","?","$","M","E","R","M","T","R","M","$","E","M","R","B",null,"M","M","M","M","M","R","M","?","T","R","M","R","M","?","R"],"character_chosen":"IRONCLAD","items_purchased":["Flex","Flash of Steel","Havoc"],"campfire_rested":6,"item_purchase_floors":[4,4,12],"current_hp_per_floor":[73,79,63,63,66,50,50,56,56,80,75,75,60,52,76,26,80,80,64,49,51,18,42,8,8,8,32,14,38,26,26,50,0],"gold":316,"neow_bonus":"HUNDRED_GOLD","is_prod":false,"is_daily":false,"chose_seed":false,"campfire_upgraded":1,"win_rate":0.0,"timestamp":1530751867,"path_taken":["M","M","?","$","?","E","R","?","T","R","M","$","E","M","R","BOSS","M","M","M","M","M","R","M","?","T","R","M","R","M","?","R","BOSS"],"build_version":"2018-06-28","purchased_purges":1,"victory":false,"max_hp_per_floor":[80,80,80,80,80,80,80,80,80,80,80,80,80,80,80,80,80,80,80,80,80,80,80,80,80,80,80,80,80,80,80,80,80],"card_choices":[{"not_picked":["Sword Boomerang","Thunderclap"],"picked":"Pommel Strike","floor":1},{"not_picked":["Body Slam","Wild Strike"],"picked":"Iron Wave","floor":2},{"not_picked":["True Grit","Pommel Strike"],"picked":"Shrug It Off","floor":5},{"not_picked":["Bludgeon","Dual Wield"],"picked":"Whirlwind","floor":6},{"not_picked":["Rage","Shrug It Off","Cleave"],"picked":"SKIP","floor":8},{"not_picked":["Twin Strike","Cleave"],"picked":"Bloodletting","floor":11},{"not_picked":["Battle Trance","Headbutt","Flame Barrier"],"picked":"SKIP","floor":13},{"not_picked":["Armaments","Sword Boomerang"],"picked":"Pommel Strike","floor":14},{"not_picked":["Berserk","Limit Break"],"picked":"Fiend Fire","floor":16},{"not_picked":["Armaments","Pommel Strike"],"picked":"Carnage+1","floor":18},{"not_picked":["Twin Strike","Armaments"],"picked":"Searing Blow+1","floor":19},{"not_picked":["Twin Strike","Sword Boomerang","Flex+1"],"picked":"SKIP","floor":20},{"not_picked":["Thunderclap","Twin Strike"],"picked":"Power Through+1","floor":21},{"not_picked":["Searing Blow","Infernal Blade","Armaments"],"picked":"SKIP","floor":22},{"not_picked":["Perfected Strike","Shrug It Off+1","Clothesline"],"picked":"SKIP","floor":24},{"not_picked":["Twin Strike+1","Exhume","Uppercut+1","Body Slam"],"picked":"SKIP","floor":28},{"not_picked":["True Grit","Heavy Blade","Body Slam+1","Ghostly Armor"],"picked":"SKIP","floor":30}],"player_experience":192489,"relics_obtained":[{"floor":6,"key":"Self Forming Clay"},{"floor":9,"key":"Ornamental Fan"},{"floor":13,"key":"Kunai"},{"floor":26,"key":"Question Card"}],"event_choices":[{"event_name":"Shining Light","player_choice":"Entered Light","floor":3,"damage_taken":0},{"event_name":"Purifier","player_choice":"One Purge","floor":25,"damage_taken":0},{"event_name":"N\u0027loth","player_choice":"Ignored","floor":31,"damage_taken":0}],"boss_relics":[{"not_picked":["Busted Crown","Philosopher\u0027s Stone"],"picked":"Pandora\u0027s Box"}],"items_purged_floors":[4],"is_endless":false,"potions_floor_spawned":[5,11,13,14,16,19,22],"killed_by":"Collector","ascension_level":0}