{"gold_per_floor":[109,70,70,49,62,90,102,177,177,191,191,209,209,209,209,209],"floor_reached":16,"playtime":538,"items_purged":[],"score":250,"play_id":"58d6d80b-87dc-404e-9492-0c2db47b1f75","local_time":"20190302132737","is_ascension_mode":true,"campfire_choices":[{"data":"Body Slam","floor":13,"key":"SMITH"},{"data":"Perfected Strike","floor":15,"key":"SMITH"}],"neow_cost":"NONE","seed_source_timestamp":662514383800,"circlet_count":0,"master_deck":["AscendersBane","Strike_R","Strike_R","Strike_R","Strike_R","Strike_R","Defend_R","Defend_R","Defend_R","Defend_R","Bash","Body Slam+1","Corruption","True Grit+1","Shrug It Off","Anger","Iron Wave","Cleave","Perfected Strike+1"],"relics":["Burning Blood","NeowsBlessing","The Courier","Bag of Marbles","Art of War","Golden Idol"],"potions_floor_usage":[16],"damage_taken":[{"damage":0,"enemies":"Small Slimes","floor":1,"turns":1},{"damage":0,"enemies":"Jaw Worm","floor":5,"turns":1},{"damage":0,"enemies":"Gremlin Nob","floor":6,"turns":1},{"damage":0,"enemies":"Cultist","floor":7,"turns":3},{"damage":6,"enemies":"Looter","floor":10,"turns":3},{"damage":3,"enemies":"3 Louse","floor":12,"turns":3},{"damage":70,"enemies":"The Guardian","floor":16,"turns":9}],"seed_played":"1195748796098111486","potions_obtained":[{"floor":12,"key":"Energy Potion"}],"is_trial":false,"path_per_floor":["M","$","?","$","M","E","M","?","T","M","?","M","R","?","R","B"],"character_chosen":"IRONCLAD","items_purchased":["Corruption","True Grit"],"campfire_rested":0,"item_purchase_floors":[2,4],"current_hp_per_floor":[74,74,56,56,62,68,74,63,63,63,63,66,66,66,66,0],"gold":209,"neow_bonus":"THREE_ENEMY_KILL","is_prod":false,"is_daily":false,"chose_seed":false,"campfire_upgraded":2,"win_rate":0,"timestamp":1551562057,"path_taken":["M","$","?","$","M","E","M","?","T","M","?","M","R","?","R","BOSS"],"build_version":"2019-02-06","purchased_purges":0,"victory":false,"max_hp_per_floor":[75,75,75,75,75,75,75,75,75,75,68,68,68,68,68,68],"card_choices":[{"not_picked":["Armaments","Clash"],"picked":"Body Slam","floor":1},{"not_picked":["Havoc","Evolve"],"picked":"Shrug It Off","floor":5},{"not_picked":["Limit Break","Second Wind"],"picked":"Anger","floor":6},{"not_picked":["Inflame","Searing Blow"],"picked":"Iron Wave","floor":7},{"not_picked":["Intimidate","Clothesline"],"picked":"Cleave","floor":10},{"not_picked":["Burning Pact","Intimidate"],"picked":"Perfected Strike","floor":12}],"player_experience":3325932,"relics_obtained":[{"floor":6,"key":"Bag of Marbles"},{"floor":9,"key":"Art of War"}],"event_choices":[{"damage_healed":0,"gold_gain":0,"player_choice":"Success","damage_taken":18,"relics_obtained":["The Courier"],"max_hp_gain":0,"max_hp_loss":0,"event_name":"Scrap Ooze","floor":3,"gold_loss":0},{"damage_healed":0,"gold_gain":75,"player_choice":"Gather Gold","damage_taken":11,"max_hp_gain":0,"max_hp_loss":0,"event_name":"World of Goop","floor":8,"gold_loss":0},{"damage_healed":0,"gold_gain":0,"player_choice":"Lose Max HP","damage_taken":0,"relics_obtained":["Golden Idol"],"max_hp_gain":0,"max_hp_loss":7,"event_name":"Golden Idol","floor":11,"gold_loss":0},{"damage_healed":0,"gold_gain":0,"player_choice":"Grow","damage_taken":0,"max_hp_gain":0,"max_hp_loss":0,"event_name":"Living Wall","floor":14,"gold_loss":0,"cards_upgraded":["True Grit"]}],"is_beta":true,"boss_relics":[],"items_purged_floors":[],"is_endless":false,"potions_floor_spawned":[12],"killed_by":"The Guardian","ascension_level":20}