{"path_per_floor":["M","?","M","M","?","R","M","?","T","M","R","M","$","M","R","B",null,"M","M","?","?","T","R","?","M","T","$","M","M","?","$","R"],"character_chosen":"IRONCLAD","items_purchased":["Hemokinesis"],"gold_per_floor":[111,111,121,138,138,138,150,150,150,163,163,175,100,118,118,216,216,235,253,253,253,279,279,194,206,232,95,108,128,51,51,51,51],"floor_reached":33,"campfire_rested":2,"playtime":1229,"item_purchase_floors":[27],"current_hp_per_floor":[80,80,80,80,80,80,77,77,77,74,74,78,78,75,75,36,80,76,72,72,56,56,80,80,45,45,45,26,17,17,17,41,0],"items_purged":["Strike_R","Corruption+1"],"gold":51,"score":239,"play_id":"0b9dc659-75c6-48e6-a3f7-6bc50736a951","local_time":"20180618201127","is_prod":false,"is_daily":false,"chose_seed":false,"is_ascension_mode":false,"campfire_upgraded":3,"win_rate":0.0,"timestamp":1529367087,"campfire_choices":[{"data":"Hemokinesis","floor":6,"key":"SMITH"},{"data":"Wild Strike","floor":11,"key":"SMITH"},{"data":"Bash","floor":15,"key":"SMITH"},{"floor":23,"key":"REST"},{"floor":32,"key":"REST"}],"path_taken":["M","?","M","M","?","R","M","?","T","M","R","M","?","M","R","BOSS","M","M","?","?","?","R","?","M","T","$","M","M","?","?","R","BOSS"],"build_version":"2018-06-14v2","seed_source_timestamp":257615215347417,"purchased_purges":2,"victory":false,"master_deck":["Defend_R","Defend_R","Defend_R","Defend_R","Bash+1","Blood for Blood+1","Flex","Hemokinesis+1","Wild Strike+1","Bludgeon","Flame Barrier+1","Sword Boomerang+1","Shrug It Off+1","Hemokinesis","J.A.X."],"max_hp_per_floor":[80,80,80,80,80,80,80,80,80,80,80,80,80,80,80,80,80,80,80,80,80,80,80,80,80,80,80,80,80,80,80,80,80],"relics":["Burning Blood","NeowsBlessing","Centennial Puzzle","Astrolabe","Enchiridion","Juzu Bracelet","The Courier","Dream Catcher"],"card_choices":[{"not_picked":["Wild Strike","Flex"],"picked":"Blood for Blood","floor":1},{"not_picked":["Metallicize","Iron Wave"],"picked":"Hemokinesis","floor":3},{"not_picked":["Thunderclap","Evolve"],"picked":"Wild Strike","floor":4},{"not_picked":["Iron Wave","Twin Strike","Thunderclap"],"picked":"SKIP","floor":7},{"not_picked":["Clash","Rampage","Shrug It Off"],"picked":"SKIP","floor":10},{"not_picked":["Juggernaut","Anger","Metallicize"],"picked":"SKIP","floor":12},{"not_picked":["Twin Strike","Body Slam","Iron Wave"],"picked":"SKIP","floor":14},{"not_picked":["Brutality","Offering"],"picked":"Bludgeon","floor":16},{"not_picked":["Battle Trance","Warcry"],"picked":"Shrug It Off+1","floor":18},{"not_picked":["Ghostly Armor","Perfected Strike+1","Twin Strike"],"picked":"SKIP","floor":19},{"not_picked":["Clothesline","Flame Barrier","Heavy Blade+1"],"picked":"SKIP","floor":25},{"not_picked":["Thunderclap","Flex+1","Inflame"],"picked":"SKIP","floor":28},{"not_picked":["Pommel Strike","Reaper","Perfected Strike"],"picked":"SKIP","floor":29}],"player_experience":107645,"potions_floor_usage":[16,16,29,33],"damage_taken":[{"damage":0,"enemies":"Small Slimes","floor":1,"turns":1},{"damage":0,"enemies":"Cultist","floor":3,"turns":1},{"damage":0,"enemies":"2 Louse","floor":4,"turns":1},{"damage":9,"enemies":"2 Fungi Beasts","floor":7,"turns":2},{"damage":9,"enemies":"Blue Slaver","floor":10,"turns":2},{"damage":2,"enemies":"Looter","floor":12,"turns":2},{"damage":9,"enemies":"2 Fungi Beasts","floor":14,"turns":2},{"damage":45,"enemies":"Slime Boss","floor":16,"turns":10},{"damage":10,"enemies":"2 Thieves","floor":18,"turns":4},{"damage":10,"enemies":"Spheric Guardian","floor":19,"turns":3},{"damage":41,"enemies":"Centurion and Healer","floor":25,"turns":6},{"damage":25,"enemies":"Sentry and Sphere","floor":28,"turns":4},{"damage":15,"enemies":"Cultist and Chosen","floor":29,"turns":5},{"damage":41,"enemies":"Collector","floor":33,"turns":3}],"relics_obtained":[{"floor":9,"key":"Centennial Puzzle"},{"floor":21,"key":"Enchiridion"},{"floor":22,"key":"Juzu Bracelet"},{"floor":26,"key":"Dream Catcher"}],"event_choices":[{"event_name":"Transmorgrifier","player_choice":"Transform","floor":2,"damage_taken":0},{"event_name":"Living Wall","player_choice":"Grow","floor":5,"damage_taken":0},{"event_name":"Shining Light","player_choice":"Ignored","floor":8,"damage_taken":0},{"event_name":"The Mausoleum","player_choice":"No","floor":20,"damage_taken":0},{"event_name":"Cursed Tome","player_choice":"Obtained Book","floor":21,"damage_taken":0},{"event_name":"Addict","player_choice":"Obtained Relic","floor":24,"damage_taken":0},{"event_name":"Drug Dealer","player_choice":"Got JAXXED","floor":30,"damage_taken":0}],"boss_relics":[{"not_picked":["Tiny House","Runic Dome"],"picked":"Astrolabe"}],"items_purged_floors":[13,27],"is_endless":false,"potions_floor_spawned":[1,4,7,19,28],"seed_played":"-7124573704978917497","killed_by":"Collector","ascension_level":0,"potions_obtained":[{"floor":1,"key":"LiquidBronze"},{"floor":4,"key":"Swift Potion"},{"floor":7,"key":"Ancient Potion"},{"floor":19,"key":"LiquidBronze"},{"floor":28,"key":"FearPotion"}],"is_trial":false}