{"gold_per_floor":[115,30,105,105,115,115,129,129,197,214,214,160,176,187,187,187],"floor_reached":16,"playtime":407,"items_purged":[],"score":184,"play_id":"ec6def89-1556-408b-94a8-eb60501de11b","local_time":"20190414224227","is_ascension_mode":true,"campfire_choices":[{"data":"Seeing Red","floor":6,"key":"SMITH"},{"data":"True Grit","floor":11,"key":"SMITH"},{"floor":15,"key":"REST"}],"neow_cost":"NONE","seed_source_timestamp":304447007038451,"circlet_count":0,"master_deck":["AscendersBane","Strike_R","Strike_R","Strike_R","Strike_R","Strike_R","Defend_R","Defend_R","Defend_R","Defend_R","Bash","Whirlwind","Seeing Red+1","True Grit+1","Feel No Pain","Shrug It Off","Havoc","Ghostly Armor"],"relics":["Burning Blood","NeowsBlessing","Boot","Sundial"],"potions_floor_usage":[16,16],"damage_taken":[{"damage":0,"enemies":"Cultist","floor":1,"turns":1},{"damage":0,"enemies":"2 Louse","floor":5,"turns":1},{"damage":0,"enemies":"Jaw Worm","floor":7,"turns":1},{"damage":20,"enemies":"Gremlin Gang","floor":10,"turns":3},{"damage":14,"enemies":"Exordium Thugs","floor":13,"turns":6},{"damage":16,"enemies":"3 Louse","floor":14,"turns":3},{"damage":76,"enemies":"Hexaghost","floor":16,"turns":14}],"seed_played":"-5406576604371302681","potions_obtained":[{"floor":1,"key":"LiquidBronze"}],"is_trial":false,"path_per_floor":["M","$","?","?","M","R","M","?","T","M","R","$","M","M","R","B"],"character_chosen":"IRONCLAD","items_purchased":["Seeing Red","Poison Potion"],"campfire_rested":1,"item_purchase_floors":[2,12],"current_hp_per_floor":[74,74,63,68,74,74,80,75,75,61,61,61,53,43,67,0],"gold":187,"neow_bonus":"THREE_ENEMY_KILL","is_prod":false,"is_daily":false,"chose_seed":false,"campfire_upgraded":2,"win_rate":0,"timestamp":1555306947,"path_taken":["M","?","?","?","M","R","M","?","T","M","R","$","?","M","R","BOSS"],"build_version":"2019-01-23","purchased_purges":0,"victory":false,"max_hp_per_floor":[75,75,75,80,80,80,80,80,80,80,80,80,80,80,80,80],"card_choices":[{"not_picked":["Hemokinesis","Wild Strike"],"picked":"Whirlwind","floor":1},{"not_picked":["Armaments","Reckless Charge"],"picked":"True Grit","floor":5},{"not_picked":["Flex","Cleave"],"picked":"Feel No Pain","floor":7},{"not_picked":["Headbutt","Thunderclap"],"picked":"Shrug It Off","floor":10},{"not_picked":["Wild Strike","Sever Soul"],"picked":"Havoc","floor":13},{"not_picked":["Corruption","Heavy Blade"],"picked":"Ghostly Armor","floor":14}],"player_experience":669289,"relics_obtained":[{"floor":9,"key":"Sundial"}],"event_choices":[{"damage_healed":0,"gold_gain":75,"player_choice":"Gather Gold","damage_taken":11,"max_hp_gain":0,"max_hp_loss":0,"event_name":"World of Goop","floor":3,"gold_loss":0},{"damage_healed":0,"gold_gain":0,"player_choice":"Donut","damage_taken":0,"max_hp_gain":5,"max_hp_loss":0,"event_name":"Big Fish","floor":4,"gold_loss":0},{"damage_healed":0,"gold_gain":0,"player_choice":"Success","damage_taken":5,"relics_obtained":["Boot"],"max_hp_gain":0,"max_hp_loss":0,"event_name":"Scrap Ooze","floor":8,"gold_loss":0}],"is_beta":false,"boss_relics":[],"items_purged_floors":[],"is_endless":false,"potions_floor_spawned":[1,13,14],"killed_by":"Hexaghost","ascension_level":20}