{"gold_per_floor":[114,129,144,219,234,234,234,249,324,339,369,384,83,98,98,198,198,213,228,243,258,258],"floor_reached":22,"playtime":1011,"items_purged":["Defend_R"],"score":194,"play_id":"af9f98d0-6589-4719-9297-927539bece05","local_time":"20190223205653","daily_mods":["Heirloom","Uncertain Future","DeadlyEvents"],"is_ascension_mode":false,"campfire_choices":[{"data":"Inflame","floor":6,"key":"SMITH"},{"data":"Armaments","floor":15,"key":"SMITH"}],"neow_cost":"","seed_source_timestamp":0,"circlet_count":0,"master_deck":["Strike_R","Strike_R","Strike_R","Strike_R","Strike_R","Defend_R","Defend_R","Defend_R","Bash","Inflame+1","Pommel Strike","Shrug It Off","Metallicize+1","Armaments+1","Demon Form+1","Flame Barrier"],"special_seed":17951,"relics":["Burning Blood","StoneCalendar","Dream Catcher","Frozen Egg 2","Shuriken","Lee\u0027s Waffle","Cursed Key"],"potions_floor_usage":[12,12,18],"damage_taken":[{"damage":9,"enemies":"2 Louse","floor":1,"turns":2},{"damage":11,"enemies":"Jaw Worm","floor":2,"turns":3},{"damage":10,"enemies":"Small Slimes","floor":3,"turns":3},{"damage":13,"enemies":"Red Slaver","floor":5,"turns":4},{"damage":18,"enemies":"Exordium Thugs","floor":8,"turns":4},{"damage":2,"enemies":"Blue Slaver","floor":10,"turns":4},{"damage":22,"enemies":"Gremlin Nob","floor":11,"turns":5},{"damage":19,"enemies":"Lots of Slimes","floor":12,"turns":4},{"damage":0,"enemies":"Exordium Thugs","floor":14,"turns":5},{"damage":65,"enemies":"The Guardian","floor":16,"turns":11},{"damage":25,"enemies":"Shell Parasite","floor":18,"turns":4},{"damage":13,"enemies":"Spheric Guardian","floor":19,"turns":4},{"damage":14,"enemies":"Snake Plant","floor":20,"turns":5},{"damage":40,"enemies":"Shelled Parasite and Fungi","floor":21,"turns":6},{"damage":21,"enemies":"Snecko","floor":22,"turns":5}],"seed_played":"4396462369862563879","potions_obtained":[{"floor":1,"key":"PowerPotion"},{"floor":11,"key":"Dexterity Potion"},{"floor":12,"key":"EssenceOfSteel"},{"floor":16,"key":"AttackPotion"},{"floor":19,"key":"Ancient Potion"},{"floor":20,"key":"Fire Potion"}],"is_trial":false,"path_per_floor":["M","M","M","?","M","R","T","M","T","M","E","M","$","M","R","B",null,"M","M","M","M","M"],"character_chosen":"IRONCLAD","items_purchased":["Lee\u0027s Waffle","Armaments"],"campfire_rested":0,"item_purchase_floors":[13,13],"current_hp_per_floor":[77,72,68,57,50,50,50,38,38,42,26,13,87,87,87,28,87,68,61,53,19,0],"gold":258,"neow_bonus":"","is_prod":false,"is_daily":true,"chose_seed":false,"campfire_upgraded":2,"win_rate":0,"timestamp":1550973413,"path_taken":["M","M","M","?","M","R","?","M","T","M","E","?","$","M","R","BOSS","M","M","M","M","M"],"build_version":"2019-01-23","purchased_purges":1,"victory":false,"max_hp_per_floor":[80,80,80,80,80,80,80,80,80,80,80,80,87,87,87,87,87,87,87,87,87,87],"card_choices":[{"not_picked":["Flex","Anger"],"picked":"Inflame","floor":1},{"not_picked":["Anger","Metallicize"],"picked":"Pommel Strike","floor":2},{"not_picked":["Sentinel","Seeing Red","Clothesline"],"picked":"SKIP","floor":3},{"not_picked":["Iron Wave","Heavy Blade"],"picked":"Shrug It Off","floor":5},{"not_picked":["Uppercut","Heavy Blade","Pommel Strike"],"picked":"SKIP","floor":8},{"not_picked":["Sentinel","Flex"],"picked":"Metallicize+1","floor":10},{"not_picked":["Warcry","Sentinel","Brutality+1"],"picked":"SKIP","floor":11},{"not_picked":["Carnage","Rupture+1","Combust+1"],"picked":"SKIP","floor":12},{"not_picked":["Clothesline","Searing Blow","Whirlwind"],"picked":"SKIP","floor":14},{"not_picked":["Exhume","Limit Break"],"picked":"Demon Form+1","floor":16},{"not_picked":["Dropkick+1","Power Through","Clothesline"],"picked":"SKIP","floor":18},{"not_picked":["Thunderclap","Flame Barrier","Warcry"],"picked":"SKIP","floor":19},{"not_picked":["Thunderclap","Warcry"],"picked":"Flame Barrier","floor":19},{"not_picked":["Pommel Strike","Feel No Pain+1","Heavy Blade"],"picked":"SKIP","floor":20},{"not_picked":["Clash","Wild Strike+1","Cleave"],"picked":"SKIP","floor":21}],"player_experience":405565,"relics_obtained":[{"floor":7,"key":"Dream Catcher"},{"floor":9,"key":"Frozen Egg 2"},{"floor":11,"key":"Shuriken"}],"event_choices":[{"damage_healed":0,"gold_gain":75,"player_choice":"Gather Gold","damage_taken":11,"max_hp_gain":0,"max_hp_loss":0,"event_name":"World of Goop","floor":4,"gold_loss":0}],"is_beta":false,"boss_relics":[{"not_picked":["Eternal Feather","Runic Dome"],"picked":"Cursed Key"}],"items_purged_floors":[13],"is_endless":false,"potions_floor_spawned":[1,11,12,16,19,20],"killed_by":"Snecko","ascension_level":0}