{"path_per_floor":["M","?","M","M","?","E","T","$","T","R","M","?","M","M","R"],"character_chosen":"IRONCLAD","items_purchased":["Metallicize","Secret Technique"],"gold_per_floor":[113,113,127,145,145,176,250,22,77,77,96,196,207,225,225,225],"floor_reached":16,"campfire_rested":2,"playtime":1147,"item_purchase_floors":[8,8],"current_hp_per_floor":[80,80,80,80,80,66,66,66,66,80,70,70,57,51,75,0],"items_purged":[],"gold":225,"score":102,"play_id":"e8e9e263-d8f8-48cf-a9ed-04af13de204a","local_time":"20180615150725","daily_mods":["Draft","Diverse"],"is_prod":false,"is_daily":false,"chose_seed":true,"is_ascension_mode":false,"campfire_upgraded":0,"win_rate":0.0,"timestamp":1529089645,"campfire_choices":[{"floor":10,"key":"REST"},{"floor":15,"key":"REST"}],"path_taken":["M","?","M","M","?","E","?","$","T","R","M","?","M","M","R","BOSS"],"build_version":"2018-06-14v2","seed_source_timestamp":199346421778836,"purchased_purges":0,"victory":false,"master_deck":["Sucker Punch","Cleave","White Noise","Dash","Tempest","Capacitor","Prepared","Carnage","Self Repair","Sword Boomerang","Quick Slash","Clothesline","Rebound","Steam","Consume","Shrug It Off","Streamline","Clothesline","Metallicize","Secret Technique","Clothesline","Unload"],"max_hp_per_floor":[80,80,80,80,80,80,80,80,80,80,80,80,80,80,80,80],"special_seed":50471966854428,"relics":["Burning Blood","Juzu Bracelet","Bottled Flame","Tiny Chest"],"card_choices":[{"not_picked":["Barrage","Reckless Charge"],"picked":"Sucker Punch","floor":0},{"not_picked":["Outmaneuver","Redo"],"picked":"Cleave","floor":0},{"not_picked":["Iron Wave","Force Field"],"picked":"White Noise","floor":0},{"not_picked":["Heavy Blade","Calculated Gamble"],"picked":"Dash","floor":0},{"not_picked":["Deadly Poison","Pummel"],"picked":"Tempest","floor":0},{"not_picked":["Underhanded Strike","Recycle"],"picked":"Concentrate","floor":0},{"not_picked":["Body Slam","Poisoned Stab"],"picked":"Capacitor","floor":0},{"not_picked":["Twin Strike","Beam Cell"],"picked":"Prepared","floor":0},{"not_picked":["Heavy Blade","Leap"],"picked":"Carnage","floor":0},{"not_picked":["Dagger Throw","Coolheaded"],"picked":"Self Repair","floor":0},{"not_picked":["Backflip","Burning Pact"],"picked":"Sword Boomerang","floor":0},{"not_picked":["Outmaneuver","Leap"],"picked":"Quick Slash","floor":0},{"not_picked":["Bane","Perfected Strike"],"picked":"Clothesline","floor":0},{"not_picked":["Conserve Battery","Sucker Punch"],"picked":"Rebound","floor":0},{"not_picked":["Compile Driver","Noxious Fumes"],"picked":"Steam","floor":0},{"not_picked":["Escape Plan","Cold Snap","Compile Driver"],"picked":"SKIP","floor":1},{"not_picked":["Compile Driver","Beam Cell"],"picked":"Shrug It Off","floor":3},{"not_picked":["Flex","Whirlwind"],"picked":"Streamline","floor":4},{"not_picked":["Corpse Explosion","Intimidate"],"picked":"Clothesline","floor":6},{"not_picked":["Expertise","Warcry"],"picked":"Clothesline","floor":11},{"not_picked":["BootSequence","Seeing Red","Dagger Spray"],"picked":"SKIP","floor":13},{"not_picked":["Flying Knee","Sucker Punch"],"picked":"Unload","floor":14}],"player_experience":51891,"potions_floor_usage":[11,13,16],"damage_taken":[{"damage":0,"enemies":"Jaw Worm","floor":1,"turns":3},{"damage":9,"enemies":"Cultist","floor":3,"turns":4},{"damage":8,"enemies":"Small Slimes","floor":4,"turns":2},{"damage":27,"enemies":"3 Sentries","floor":6,"turns":6},{"damage":23,"enemies":"Exordium Wildlife","floor":11,"turns":3},{"damage":26,"enemies":"Gremlin Gang","floor":13,"turns":4},{"damage":12,"enemies":"Blue Slaver","floor":14,"turns":3},{"damage":76,"enemies":"Hexaghost","floor":16,"turns":9}],"relics_obtained":[{"floor":6,"key":"Juzu Bracelet"},{"floor":7,"key":"Bottled Flame"},{"floor":9,"key":"Tiny Chest"}],"event_choices":[{"event_name":"Transmorgrifier","player_choice":"Transform","floor":2,"damage_taken":0},{"event_name":"Golden Idol","player_choice":"Ignored","floor":5,"damage_taken":0},{"event_name":"Golden Shrine","player_choice":"Pray","floor":12,"damage_taken":0}],"boss_relics":[],"items_purged_floors":[],"is_endless":false,"potions_floor_spawned":[3,6,11],"seed_played":"-137171593182935930","killed_by":"Hexaghost","ascension_level":0,"potions_obtained":[{"floor":3,"key":"Dexterity Potion"},{"floor":6,"key":"AttackPotion"},{"floor":11,"key":"AttackPotion"}],"is_trial":true}