{"path_per_floor":["M","M","M","?","M","R","E","$","T","R","?","R","M","M","R","B",null,"M","M","$","M"],"character_chosen":"DEFECT","items_purchased":["Madness","Secret Technique"],"gold_per_floor":[20,39,54,54,72,72,98,2,2,2,31,31,50,69,69,172,172,183,193,13,30,30],"floor_reached":22,"campfire_rested":4,"playtime":2886,"item_purchase_floors":[8,20],"current_hp_per_floor":[65,65,63,63,34,56,25,25,25,47,37,59,58,39,61,17,75,65,34,34,14,0],"items_purged":[],"gold":30,"score":188,"play_id":"bb76be17-4048-4463-92e0-e352d8728790","local_time":"20180614230842","is_prod":false,"is_daily":false,"chose_seed":false,"is_ascension_mode":false,"campfire_upgraded":0,"win_rate":0.0,"timestamp":1529032122,"campfire_choices":[{"floor":6,"key":"REST"},{"floor":10,"key":"REST"},{"floor":12,"key":"REST"},{"floor":15,"key":"REST"}],"path_taken":["M","M","M","?","M","R","E","?","T","R","?","R","M","M","R","BOSS","M","M","$","M","M"],"build_version":"2018-06-14","seed_source_timestamp":140088907762370,"purchased_purges":0,"victory":false,"master_deck":["Strike_B","Strike_B","Strike_B","Strike_B","Defend_B","Defend_B","Defend_B","Defend_B","Zap","Dualcast","Biased Cognition","Conserve Battery","Redo","Streamline","Beam Cell","Madness","Stack","Lockon","Auto Shields","Thunder Strike","Doom and Gloom+1","Secret Technique"],"max_hp_per_floor":[75,75,75,75,75,75,75,75,75,75,75,75,75,75,75,75,75,75,75,75,75,75],"relics":["Cracked Core","Bottled Flame","Incense Burner","Odd Mushroom","Snecko Eye"],"card_choices":[{"not_picked":["Machine Learning","Buffer"],"picked":"Biased Cognition","floor":0},{"not_picked":["Beam Cell","Coolheaded"],"picked":"Conserve Battery","floor":1},{"not_picked":["Coolheaded","Rip and Tear"],"picked":"Redo","floor":2},{"not_picked":["BootSequence","Beam Cell"],"picked":"Streamline","floor":3},{"not_picked":["Compile Driver","Conserve Battery"],"picked":"Beam Cell","floor":5},{"not_picked":["Fusion","Beam Cell","Coolheaded"],"picked":"SKIP","floor":7},{"not_picked":["Undo","Hologram"],"picked":"Stack","floor":11},{"not_picked":["Amplify","Barrage"],"picked":"Lockon","floor":13},{"not_picked":["FTL","Chaos"],"picked":"Auto Shields","floor":14},{"not_picked":["Seek","Reboot"],"picked":"Thunder Strike","floor":16},{"not_picked":["Chill","Leap","Chaos"],"picked":"SKIP","floor":18},{"not_picked":["Coolheaded+1","Force Field"],"picked":"Doom and Gloom+1","floor":19},{"not_picked":["Compile Driver","Steam","Beam Cell"],"picked":"SKIP","floor":21}],"player_experience":31150,"potions_floor_usage":[16,21,22],"damage_taken":[{"damage":10,"enemies":"2 Louse","floor":1,"turns":3},{"damage":0,"enemies":"Jaw Worm","floor":2,"turns":3},{"damage":2,"enemies":"Small Slimes","floor":3,"turns":3},{"damage":29,"enemies":"Exordium Thugs","floor":5,"turns":4},{"damage":31,"enemies":"Lagavulin","floor":7,"turns":5},{"damage":10,"floor":11,"turns":4},{"damage":1,"enemies":"Looter","floor":13,"turns":3},{"damage":19,"enemies":"Blue Slaver","floor":14,"turns":3},{"damage":44,"enemies":"The Guardian","floor":16,"turns":12},{"damage":10,"enemies":"Chosen","floor":18,"turns":4},{"damage":31,"enemies":"3 Byrds","floor":19,"turns":5},{"damage":20,"enemies":"3 Cultists","floor":21,"turns":5},{"damage":16,"enemies":"Snecko","floor":22,"turns":3}],"relics_obtained":[{"floor":7,"key":"Bottled Flame"},{"floor":9,"key":"Incense Burner"},{"floor":11,"key":"Odd Mushroom"}],"event_choices":[{"event_name":"Golden Idol","player_choice":"Ignored","floor":4,"damage_taken":0},{"event_name":"Mushrooms","player_choice":"Fought Mushrooms","floor":11,"damage_taken":0}],"boss_relics":[{"not_picked":["Ectoplasm","Black Star"],"picked":"Snecko Eye"}],"items_purged_floors":[],"is_endless":false,"potions_floor_spawned":[2,11,13,14],"seed_played":"1088226928776991850","killed_by":"Snecko","ascension_level":0,"potions_obtained":[{"floor":2,"key":"Energy Potion"},{"floor":11,"key":"Weak Potion"},{"floor":13,"key":"Dexterity Potion"},{"floor":14,"key":"EssenceOfSteel"}],"is_trial":false}