{"gold_per_floor":[116,116,116,43,43,71,71,83,107,107,121,153,153,11,11,106,106,122,108,108,207,222,222,222],"floor_reached":24,"playtime":1172,"items_purged":[],"score":222,"play_id":"4cd058b5-27d9-4494-89dc-6dc18d31193f","local_time":"20190410185530","is_ascension_mode":true,"campfire_choices":[{"floor":7.0,"key":"REST"},{"data":"Capacitor","floor":10.0,"key":"SMITH"},{"floor":13.0,"key":"REST"},{"data":"Machine Learning","floor":15.0,"key":"SMITH"},{"floor":23,"key":"REST"}],"neow_cost":"NONE","seed_source_timestamp":0,"circlet_count":0,"master_deck":["Strike_B","Defend_B","Defend_B","Defend_B","Defend_B","Zap+1","Dualcast","Multi-Cast","Capacitor+1","Defragment+1","Steam","Leap","Machine Learning+1","Static Discharge","Conserve Battery","Ball Lightning","Biased Cognition","Capacitor+1","Steam","Glacier","Leap+1"],"special_seed":0,"relics":["Cracked Core","Kunai","Blood Vial","Vajra","Inserter"],"potions_floor_usage":[],"damage_taken":[{"damage":4.0,"enemies":"2 Louse","floor":1.0,"turns":2.0},{"damage":26.0,"enemies":"Lagavulin","floor":6.0,"turns":5.0},{"damage":9.0,"enemies":"Small Slimes","floor":8.0,"turns":3.0},{"damage":0.0,"enemies":"Cultist","floor":11.0,"turns":4.0},{"damage":17.0,"enemies":"3 Sentries","floor":12.0,"turns":8.0},{"damage":39.0,"enemies":"Hexaghost","floor":16.0,"turns":6.0},{"damage":28,"enemies":"3 Byrds","floor":18,"turns":3},{"damage":19,"enemies":"2 Thieves","floor":19,"turns":4},{"damage":19,"enemies":"Sentry and Sphere","floor":22,"turns":4},{"damage":49,"enemies":"Centurion and Healer","floor":24,"turns":14}],"seed_played":"9127480469183521047","potions_obtained":[{"floor":1.0,"key":"SpeedPotion"},{"floor":12.0,"key":"FocusPotion"},{"floor":16.0,"key":"SteroidPotion"},{"floor":18,"key":"Dexterity Potion"}],"is_trial":false,"path_per_floor":["M","?","?","$","?","E","R","M","T","R","M","E","R","$","R","B",null,"M","M","?","?","M","R","M"],"character_chosen":"DEFECT","items_purchased":["Defragment","Static Discharge","Conserve Battery","Ball Lightning"],"campfire_rested":3,"item_purchase_floors":[4,14,14,14],"current_hp_per_floor":[71,64,64,64,64,38,60,51,51,51,53,38,60,60,60,23,75,47,30,30,30,13,35,0],"gold":222,"neow_bonus":"ONE_RANDOM_RARE_CARD","is_prod":false,"is_daily":false,"chose_seed":false,"campfire_upgraded":2,"win_rate":0,"timestamp":1554936930,"path_taken":["M","?","?","$","?","E","R","M","T","R","M","E","R","$","R","BOSS","M","M","?","?","M","R","?"],"build_version":"2019-01-23","purchased_purges":0,"victory":false,"max_hp_per_floor":[75,75,75,75,75,75,75,75,75,75,75,75,75,75,75,75,75,75,75,75,75,75,75,75],"card_choices":[{"not_picked":["Melter","Turbo"],"picked":"Capacitor","floor":1.0},{"not_picked":["Hello World","Coolheaded","Recycle"],"picked":"SKIP","floor":6.0},{"not_picked":["Barrage","Sweeping Beam"],"picked":"Steam","floor":8.0},{"not_picked":["Tempest","Capacitor"],"picked":"Leap","floor":11.0},{"not_picked":["Sunder","Doom and Gloom"],"picked":"Machine Learning","floor":12.0},{"not_picked":["Buffer","Machine Learning"],"picked":"Biased Cognition","floor":16.0},{"not_picked":["FTL","Coolheaded","Cold Snap"],"picked":"SKIP","floor":18},{"not_picked":["Rebound+1","Redo"],"picked":"Capacitor+1","floor":19},{"not_picked":["Ball Lightning+1","Force Field"],"picked":"Leap+1","floor":22}],"player_experience":228190,"relics_obtained":[{"floor":6.0,"key":"Kunai"},{"floor":9.0,"key":"Blood Vial"},{"floor":12.0,"key":"Vajra"}],"event_choices":[{"cards_removed":["Strike_B"],"damage_healed":0.0,"max_hp_gain":0.0,"max_hp_loss":0.0,"gold_gain":0.0,"event_name":"Golden Wing","player_choice":"Card Removal","floor":2.0,"gold_loss":0.0,"damage_taken":7.0},{"damage_healed":0.0,"max_hp_gain":0.0,"max_hp_loss":0.0,"gold_gain":0.0,"event_name":"Living Wall","player_choice":"Grow","floor":3.0,"gold_loss":0.0,"damage_taken":0.0,"cards_upgraded":["Zap"]},{"damage_healed":0.0,"max_hp_gain":0.0,"max_hp_loss":0.0,"gold_gain":0.0,"event_name":"Upgrade Shrine","player_choice":"Upgraded","floor":5.0,"gold_loss":0.0,"damage_taken":0.0,"cards_upgraded":["Defragment"]},{"damage_healed":0,"gold_gain":0,"cards_transformed":["Strike_B","Strike_B"],"player_choice":"Became Test Subject","damage_taken":0,"max_hp_gain":0,"max_hp_loss":0,"event_name":"Drug Dealer","floor":20,"gold_loss":0,"cards_obtained":["Steam","Glacier"]},{"damage_healed":0,"gold_gain":99,"player_choice":"Stole From Cult","damage_taken":0,"max_hp_gain":0,"max_hp_loss":0,"event_name":"Nest","floor":21,"gold_loss":0}],"is_beta":false,"boss_relics":[{"not_picked":["Nuclear Battery","Eternal Feather"],"picked":"Inserter"}],"items_purged_floors":[],"is_endless":false,"potions_floor_spawned":[1,12,16,18,22],"killed_by":"Centurion and Healer","ascension_level":2}