{"gold_per_floor":[160,178,253,52,52,83,83,94,174,186,198,198,228,243,243,344,344,362,382,398,398],"floor_reached":21,"playtime":1540,"items_purged":["Strike_B"],"score":183,"play_id":"2a6528e1-535f-444d-bc36-e8c391d3c2f0","local_time":"20180824204142","is_ascension_mode":false,"campfire_choices":[{"floor":7.0,"key":"REST"},{"floor":12.0,"key":"REST"},{"data":"Sunder","floor":15.0,"key":"SMITH"}],"neow_cost":"NONE","seed_source_timestamp":0,"circlet_count":0,"master_deck":["Strike_B","Strike_B","Strike_B","Defend_B","Defend_B","Defend_B","Defend_B+1","Zap","Dualcast","Glacier","Hologram","Ball Lightning","Sunder+1","Rebound","Ball Lightning","Zap","Conserve Battery","Fission","Rainbow","Gash+1"],"special_seed":0,"relics":["Tiny House","Vajra","Ornamental Fan","Runic Pyramid"],"potions_floor_usage":[],"damage_taken":[{"damage":3.0,"enemies":"Cultist","floor":1.0,"turns":6.0},{"damage":0.0,"enemies":"Small Slimes","floor":2.0,"turns":4.0},{"damage":22.0,"enemies":"3 Sentries","floor":6.0,"turns":6.0},{"damage":0.0,"enemies":"2 Louse","floor":8.0,"turns":2.0},{"damage":0.0,"enemies":"2 Fungi Beasts","floor":10.0,"turns":3.0},{"damage":0.0,"enemies":"Lots of Slimes","floor":11.0,"turns":4.0},{"damage":0.0,"enemies":"Large Slime","floor":14.0,"turns":5.0},{"damage":62.0,"enemies":"The Guardian","floor":16.0,"turns":9.0},{"damage":34,"enemies":"Shell Parasite","floor":18,"turns":5},{"damage":9,"enemies":"2 Thieves","floor":19,"turns":3},{"damage":28,"enemies":"Shelled Parasite and Fungi","floor":20,"turns":5},{"damage":14,"enemies":"Snake Plant","floor":21,"turns":2}],"seed_played":"-997945713744497612","potions_obtained":[{"floor":0.0,"key":"Energy Potion"},{"floor":1.0,"key":"Energy Potion"},{"floor":10.0,"key":"Poison Potion"}],"is_trial":false,"path_per_floor":["M","M","?","$","?","E","R","M","T","M","M","R","?","M","R","B",null,"M","M","M"],"character_chosen":"DEFECT","items_purchased":["Sunder","Rebound"],"campfire_rested":2,"item_purchase_floors":[4,4],"current_hp_per_floor":[77,77,66,66,66,44,68,68,68,68,68,80,80,80,80,18,80,46,37,9,0],"gold":398,"neow_bonus":"BOSS_RELIC","is_prod":false,"is_daily":false,"chose_seed":false,"campfire_upgraded":1,"win_rate":0,"timestamp":1535157702,"path_taken":["M","M","?","$","?","E","R","M","T","M","M","R","?","M","R","BOSS","M","M","M","M"],"build_version":"2018-08-23v2","purchased_purges":1,"victory":false,"max_hp_per_floor":[80,80,80,80,80,80,80,80,80,80,80,80,80,80,80,80,80,80,80,80,80],"card_choices":[{"not_picked":["Double Energy","Stack"],"picked":"Glacier","floor":0.0},{"not_picked":["Stack","Steam"],"picked":"Hologram","floor":1.0},{"not_picked":["Thunder Strike","Force Field"],"picked":"Ball Lightning","floor":2.0},{"not_picked":["Glacier","Go for the Eyes"],"picked":"Conserve Battery","floor":6.0},{"not_picked":["Redo","Compile Driver","Loop"],"picked":"SKIP","floor":8.0},{"not_picked":["Go for the Eyes","Leap","Recycle"],"picked":"SKIP","floor":10.0},{"not_picked":["Sweeping Beam","Gash"],"picked":"Fission","floor":11.0},{"not_picked":["Steam","Compile Driver","Beam Cell"],"picked":"SKIP","floor":14.0},{"not_picked":["Hyperbeam","Thunder Strike"],"picked":"Rainbow","floor":16.0},{"not_picked":["Cold Snap","Compile Driver"],"picked":"Gash+1","floor":18},{"not_picked":["Rebound","Conserve Battery","Gash"],"picked":"SKIP","floor":19},{"not_picked":["Barrage+1","Go for the Eyes","Compile Driver"],"picked":"SKIP","floor":20}],"player_experience":308137,"relics_obtained":[{"floor":6.0,"key":"Vajra"},{"floor":9.0,"key":"Ornamental Fan"}],"event_choices":[{"event_name":"World of Goop","player_choice":"Gather Gold","floor":3.0,"damage_taken":0.0},{"event_name":"Match and Keep!","player_choice":"2 cards matched","floor":5.0,"damage_taken":0.0},{"event_name":"Dead Adventurer","player_choice":"Searched \u00271\u0027 times","floor":13.0,"damage_taken":0.0}],"is_beta":false,"boss_relics":[{"not_picked":["Black Star","Philosopher\u0027s Stone"],"picked":"Runic Pyramid"}],"items_purged_floors":[4],"is_endless":false,"potions_floor_spawned":[1,10,11,19,20],"killed_by":"Snake Plant","ascension_level":0}