{"gold_per_floor":[118,137,153,172,172,207,282,296,319,45,45],"floor_reached":11,"playtime":497,"items_purged":["Strike_G"],"score":75,"play_id":"95894845-5e74-4cbc-9dea-2cfc26e4db95","local_time":"20180624151429","is_ascension_mode":false,"campfire_choices":[],"neow_cost":"NONE","seed_source_timestamp":201351137824489,"circlet_count":0,"master_deck":["Defend_G+1","Defend_G","Defend_G","Defend_G","Defend_G","Strike_G","Strike_G","Strike_G","Strike_G","Survivor","Neutralize+1","Infinite Blades","Poisoned Stab","Outmaneuver","Acrobatics+1","Choke","Flying Knee"],"relics":["Ring of the Snake","Torii","Strawberry","War Paint"],"potions_floor_usage":[8,11,11],"damage_taken":[{"damage":0,"enemies":"Cultist","floor":1,"turns":4},{"damage":0,"enemies":"Jaw Worm","floor":2,"turns":4},{"damage":3,"enemies":"2 Louse","floor":3,"turns":3},{"damage":5,"enemies":"2 Fungi Beasts","floor":4,"turns":5},{"damage":35,"enemies":"3 Sentries","floor":6,"turns":10},{"damage":10,"enemies":"Large Slime","floor":8,"turns":4},{"damage":21,"enemies":"Exordium Wildlife","floor":11,"turns":3}],"seed_played":"-4543886189066709647","potions_obtained":[{"floor":2,"key":"SpeedPotion"},{"floor":6,"key":"FearPotion"},{"floor":8,"key":"AttackPotion"}],"is_trial":false,"path_per_floor":["M","M","M","M","?","E","?","M","T","$"],"character_chosen":"THE_SILENT","items_purchased":["Flying Knee","War Paint"],"campfire_rested":0,"item_purchase_floors":[10,10],"current_hp_per_floor":[70,70,67,62,62,27,16,6,13,13,0],"gold":45,"neow_bonus":"UPGRADE_CARD","is_prod":false,"is_daily":false,"chose_seed":false,"campfire_upgraded":0,"win_rate":0,"timestamp":1529867669,"path_taken":["M","?","M","M","?","E","?","M","T","$","M"],"build_version":"2018-06-21v2","purchased_purges":1,"victory":false,"max_hp_per_floor":[70,70,70,70,70,70,70,70,77,77,77],"card_choices":[{"not_picked":["Dodge and Roll","Sucker Punch"],"picked":"Infinite Blades","floor":1},{"not_picked":["Slice","Footwork","Finisher"],"picked":"SKIP","floor":2},{"not_picked":["Dagger Throw","Sucker Punch"],"picked":"Poisoned Stab","floor":3},{"not_picked":["Cloak And Dagger","Deflect"],"picked":"Outmaneuver","floor":4},{"not_picked":["Predator","Distraction"],"picked":"Acrobatics","floor":6},{"not_picked":["Dagger Spray","Backflip"],"picked":"Choke","floor":8}],"player_experience":170925,"relics_obtained":[{"floor":6,"key":"Torii"},{"floor":9,"key":"Strawberry"}],"event_choices":[{"event_name":"Liars Game","player_choice":"disagreed","floor":5,"damage_taken":0},{"event_name":"World of Goop","player_choice":"Gather Gold","floor":7,"damage_taken":0}],"boss_relics":[],"items_purged_floors":[10],"is_endless":false,"potions_floor_spawned":[2,6,8],"killed_by":"Exordium Wildlife","ascension_level":0}