{"gold_per_floor":[116,127,147,147,165,198,198,229,229,229,229,229,244,64,64,161,161,175,195,42,54,71,71,102,102,128,128,128,3,3,17,17,17],"floor_reached":33,"playtime":969,"items_purged":["Strike_B","Strike_B","Defend_B"],"score":275,"play_id":"a59ee5d4-1c2f-4d36-93f0-4379f3bdc971","local_time":"20190212153837","is_ascension_mode":false,"campfire_choices":[{"floor":7,"key":"REST"},{"data":"Zap","floor":10,"key":"SMITH"},{"floor":12,"key":"REST"},{"data":"Streamline","floor":15,"key":"SMITH"},{"data":"Ball Lightning","floor":23,"key":"SMITH"},{"floor":25,"key":"REST"},{"floor":27,"key":"REST"},{"floor":32,"key":"REST"}],"neow_cost":"NONE","seed_source_timestamp":198078882971385,"circlet_count":0,"master_deck":["Strike_B","Strike_B","Defend_B","Defend_B","Defend_B","Zap+1","Dualcast","Streamline+1","Ball Lightning+1","Tempest+1","Gash","Conserve Battery","Core Surge","Rebound","Gash"],"relics":["Cracked Core","NeowsBlessing","Vajra","Torii","Ginger","Du-Vu Doll","Inserter","Blood Vial","Happy Flower"],"potions_floor_usage":[6,16,16,19,24,33,33,33],"damage_taken":[{"damage":0,"enemies":"Jaw Worm","floor":1,"turns":1},{"damage":0,"enemies":"2 Louse","floor":2,"turns":1},{"damage":0,"enemies":"Small Slimes","floor":3,"turns":1},{"damage":10,"enemies":"Looter","floor":5,"turns":3},{"damage":26,"enemies":"3 Sentries","floor":6,"turns":5},{"damage":14,"enemies":"Gremlin Nob","floor":8,"turns":3},{"damage":7,"enemies":"Exordium Thugs","floor":13,"turns":3},{"damage":23,"enemies":"The Guardian","floor":16,"turns":9},{"damage":0,"enemies":"Chosen","floor":18,"turns":4},{"damage":8,"enemies":"Shell Parasite","floor":19,"turns":4},{"damage":2,"enemies":"Snecko","floor":21,"turns":4},{"damage":7,"enemies":"Chosen and Byrds","floor":22,"turns":4},{"damage":51,"enemies":"Book of Stabbing","floor":24,"turns":4},{"damage":8,"enemies":"Snake Plant","floor":31,"turns":3},{"damage":85,"enemies":"Champ","floor":33,"turns":9}],"seed_played":"91211235893150399","potions_obtained":[{"floor":1,"key":"SpeedPotion"},{"floor":5,"key":"Regen Potion"},{"floor":8,"key":"SkillPotion"},{"floor":13,"key":"Block Potion"},{"floor":16,"key":"Fire Potion"},{"floor":21,"key":"Swift Potion"},{"floor":24,"key":"Ancient Potion"},{"floor":31,"key":"Regen Potion"}],"is_trial":false,"path_per_floor":["M","M","M","?","M","E","R","E","T","R","?","R","M","$","R","B",null,"M","M","$","M","M","R","E","R","T","R","?","$","?","M","R","B"],"character_chosen":"DEFECT","items_purchased":["Gash","Conserve Battery","Rebound"],"campfire_rested":5,"item_purchase_floors":[14,14,20],"current_hp_per_floor":[75,75,75,50,40,26,48,34,34,34,34,56,49,49,49,26,75,75,67,67,65,58,58,7,29,29,51,51,51,51,45,67,0],"gold":17,"neow_bonus":"THREE_ENEMY_KILL","is_prod":false,"is_daily":false,"chose_seed":false,"campfire_upgraded":3,"win_rate":0,"timestamp":1550003917,"path_taken":["M","M","M","?","M","E","R","E","T","R","?","R","M","?","R","BOSS","M","M","$","M","M","R","E","R","T","R","?","$","?","M","R","BOSS"],"build_version":"2019-01-23","purchased_purges":3,"victory":false,"max_hp_per_floor":[75,75,75,75,75,75,75,75,75,75,75,75,75,75,75,75,75,75,75,75,75,75,75,75,75,75,75,75,75,75,75,75,75],"card_choices":[{"not_picked":["Lockon","Sweeping Beam"],"picked":"Streamline","floor":1},{"not_picked":["Coolheaded","Sweeping Beam","Heatsinks"],"picked":"SKIP","floor":2},{"not_picked":["Stack","Melter","Doom and Gloom"],"picked":"SKIP","floor":3},{"not_picked":["Storm","Cold Snap"],"picked":"Ball Lightning","floor":5},{"not_picked":["Melter","Fission","Compile Driver"],"picked":"SKIP","floor":6},{"not_picked":["Recycle","Cold Snap"],"picked":"Tempest","floor":8},{"not_picked":["Redo","Hologram","Glacier"],"picked":"SKIP","floor":13},{"not_picked":["Multi-Cast","Biased Cognition"],"picked":"Core Surge","floor":16},{"not_picked":["Stack","Cold Snap","Consume"],"picked":"SKIP","floor":18},{"not_picked":["Leap+1","Beam Cell","Turbo"],"picked":"SKIP","floor":19},{"not_picked":["Compile Driver","Sweeping Beam","Rebound"],"picked":"SKIP","floor":21},{"not_picked":["Static Discharge","Defragment"],"picked":"Gash","floor":22},{"not_picked":["Stack+1","Melter","Capacitor"],"picked":"SKIP","floor":24},{"not_picked":["Turbo","Self Repair","Ball Lightning"],"picked":"SKIP","floor":31}],"player_experience":398893,"relics_obtained":[{"floor":6,"key":"Torii"},{"floor":8,"key":"Ginger"},{"floor":9,"key":"Du-Vu Doll"},{"floor":24,"key":"Blood Vial"},{"floor":26,"key":"Happy Flower"}],"event_choices":[{"damage_healed":0,"gold_gain":0,"player_choice":"Success","damage_taken":25,"relics_obtained":["Vajra"],"max_hp_gain":0,"max_hp_loss":0,"event_name":"Scrap Ooze","floor":4,"gold_loss":0},{"damage_healed":0,"gold_gain":0,"player_choice":"Grow","damage_taken":0,"max_hp_gain":0,"max_hp_loss":0,"event_name":"Living Wall","floor":11,"gold_loss":0,"cards_upgraded":["Tempest"]},{"damage_healed":0,"gold_gain":0,"player_choice":"Ignored","damage_taken":0,"max_hp_gain":0,"max_hp_loss":0,"event_name":"The Mausoleum","floor":28,"gold_loss":0}],"is_beta":false,"boss_relics":[{"not_picked":["Black Star","Orrery"],"picked":"Inserter"}],"items_purged_floors":[14,20,29],"is_endless":false,"potions_floor_spawned":[1,5,8,13,16,21,24,31],"killed_by":"Champ","ascension_level":0}