{"gold_per_floor":[111,13,25,45,45,76,76,93,164,191,191,224,237,250,250,250],"floor_reached":16,"playtime":675,"items_purged":[],"score":232,"play_id":"430b6e6b-991c-4b77-94ee-fc8a056c628b","local_time":"20190331200822","is_ascension_mode":true,"campfire_choices":[{"data":"Apotheosis","floor":7,"key":"SMITH"},{"floor":11,"key":"REST"},{"floor":15,"key":"REST"}],"neow_cost":"CURSE","seed_source_timestamp":298399825938408,"circlet_count":0,"master_deck":["AscendersBane","Strike_R","Strike_R","Strike_R","Strike_R","Defend_R","Defend_R","Defend_R","Defend_R","Bash","Apotheosis+1","Violence","Regret","Anger","Trip","Searing Blow","Bloodletting","Berserk","Disarm","True Grit","Pummel","Body Slam"],"relics":["Burning Blood","Champion Belt","Kunai","Orichalcum","Gambling Chip"],"potions_floor_usage":[6,6,12,16],"damage_taken":[{"damage":0,"enemies":"Cultist","floor":1,"turns":3},{"damage":6,"enemies":"2 Louse","floor":3,"turns":3},{"damage":16,"enemies":"Jaw Worm","floor":4,"turns":3},{"damage":29,"enemies":"3 Sentries","floor":6,"turns":8},{"damage":12,"enemies":"Large Slime","floor":8,"turns":4},{"damage":21,"enemies":"Lagavulin","floor":10,"turns":7},{"damage":20,"enemies":"Gremlin Nob","floor":12,"turns":4},{"damage":17,"enemies":"Exordium Thugs","floor":13,"turns":4},{"damage":1,"enemies":"Looter","floor":14,"turns":3},{"damage":45,"enemies":"The Guardian","floor":16,"turns":2}],"seed_played":"2906002897920609002","potions_obtained":[{"floor":1,"key":"Strength Potion"},{"floor":3,"key":"FearPotion"},{"floor":4,"key":"Block Potion"},{"floor":10,"key":"FearPotion"},{"floor":12,"key":"Dexterity Potion"}],"is_trial":false,"path_per_floor":["M","$","M","M","?","E","R","M","T","E","R","E","M","M","R","B"],"character_chosen":"IRONCLAD","items_purchased":["Trip"],"campfire_rested":2,"item_purchase_floors":[2],"current_hp_per_floor":[74,74,74,64,64,41,41,35,35,20,42,28,17,22,44,0],"gold":250,"neow_bonus":"RANDOM_COLORLESS_2","is_prod":false,"is_daily":false,"chose_seed":false,"campfire_upgraded":1,"win_rate":0,"timestamp":1554088102,"path_taken":["M","?","M","M","?","E","R","?","T","E","R","E","M","M","R","BOSS"],"build_version":"2019-01-23","purchased_purges":0,"victory":false,"max_hp_per_floor":[75,75,75,75,75,75,75,75,75,75,75,75,75,75,75,75],"card_choices":[{"not_picked":["Clothesline","Hemokinesis"],"picked":"Anger","floor":1},{"not_picked":["Wild Strike","Sword Boomerang"],"picked":"Searing Blow","floor":3},{"not_picked":["Sword Boomerang","Pummel"],"picked":"Bloodletting","floor":4},{"not_picked":["Fiend Fire","Headbutt"],"picked":"Disarm","floor":6},{"not_picked":["Entrench","Flex","Headbutt"],"picked":"SKIP","floor":8},{"not_picked":["Flame Barrier","Sentinel"],"picked":"True Grit","floor":10},{"not_picked":["Wild Strike","Clothesline","Evolve"],"picked":"SKIP","floor":12},{"not_picked":["Sword Boomerang","Carnage"],"picked":"Pummel","floor":13},{"not_picked":["Wild Strike","Clash"],"picked":"Body Slam","floor":14}],"player_experience":648667,"relics_obtained":[{"floor":6,"key":"Champion Belt"},{"floor":9,"key":"Kunai"},{"floor":10,"key":"Orichalcum"},{"floor":12,"key":"Gambling Chip"}],"event_choices":[{"damage_healed":0,"gold_gain":0,"cards_transformed":["Strike_R"],"player_choice":"Transformed","damage_taken":0,"max_hp_gain":0,"max_hp_loss":0,"event_name":"Transmorgrifier","floor":5,"gold_loss":0,"cards_obtained":["Berserk"]}],"is_beta":false,"boss_relics":[],"items_purged_floors":[],"is_endless":false,"potions_floor_spawned":[1,3,4,10,12],"killed_by":"The Guardian","ascension_level":18}