{"gold_per_floor":[113,113,113,32,32,65,12,12,58,58,58,23,43,66,66,66],"floor_reached":16,"playtime":283,"items_purged":[],"score":236,"play_id":"974c46b9-b97d-4906-88ad-e5dda110dac9","local_time":"20190402193741","is_ascension_mode":true,"campfire_choices":[{"data":"Searing Blow+1","floor":8,"key":"SMITH"},{"data":"Searing Blow+2","floor":11,"key":"SMITH"},{"data":"Searing Blow+3","floor":15,"key":"SMITH"}],"neow_cost":"NONE","seed_source_timestamp":336981770907133,"circlet_count":0,"master_deck":["AscendersBane","Strike_R","Strike_R","Strike_R","Strike_R","Strike_R","Defend_R","Defend_R","Defend_R","Defend_R","Bash","Shrug It Off","Searing Blow+4","Shrug It Off","Shrug It Off"],"relics":["Burning Blood","NeowsBlessing","Golden Idol","Regal Pillow","Juzu Bracelet","Champion Belt"],"potions_floor_usage":[16,16],"damage_taken":[{"damage":0,"enemies":"Jaw Worm","floor":1,"turns":1},{"damage":0,"enemies":"Gremlin Nob","floor":6,"turns":1},{"damage":0,"enemies":"2 Louse","floor":13,"turns":1},{"damage":4,"enemies":"Small Slimes","floor":14,"turns":4},{"damage":82,"enemies":"Hexaghost","floor":16,"turns":11}],"seed_played":"3161072502219290251","potions_obtained":[{"floor":1,"key":"Dexterity Potion"}],"is_trial":false,"path_per_floor":["M","?","?","$","?","E","$","R","T","?","R","?","M","M","R","B"],"character_chosen":"IRONCLAD","items_purchased":["Searing Blow","SkillPotion"],"campfire_rested":0,"item_purchase_floors":[4,7],"current_hp_per_floor":[74,79,51,51,51,57,57,57,57,46,46,66,72,74,74,0],"gold":66,"neow_bonus":"THREE_ENEMY_KILL","is_prod":false,"is_daily":false,"chose_seed":false,"campfire_upgraded":3,"win_rate":0,"timestamp":1554259061,"path_taken":["M","?","?","?","?","E","$","R","T","?","R","?","M","M","R","BOSS"],"build_version":"2019-01-23","purchased_purges":0,"victory":false,"max_hp_per_floor":[75,80,80,80,80,80,80,80,80,80,80,80,80,80,80,80],"card_choices":[{"not_picked":["Heavy Blade","Body Slam"],"picked":"Shrug It Off","floor":1},{"not_picked":["Impervious","Bloodletting"],"picked":"Shrug It Off","floor":6},{"not_picked":["Burning Pact","Rampage"],"picked":"Shrug It Off","floor":13},{"not_picked":["Headbutt","Flex","Blood for Blood"],"picked":"SKIP","floor":14}],"player_experience":652719,"relics_obtained":[{"floor":6,"key":"Regal Pillow"},{"floor":9,"key":"Juzu Bracelet"}],"event_choices":[{"damage_healed":0,"gold_gain":0,"player_choice":"Donut","damage_taken":0,"max_hp_gain":5,"max_hp_loss":0,"event_name":"Big Fish","floor":2,"gold_loss":0},{"damage_healed":0,"gold_gain":0,"player_choice":"Take Damage","damage_taken":28,"relics_obtained":["Golden Idol"],"max_hp_gain":0,"max_hp_loss":0,"event_name":"Golden Idol","floor":3,"gold_loss":0},{"damage_healed":0,"gold_gain":0,"player_choice":"Forge","damage_taken":0,"max_hp_gain":0,"max_hp_loss":0,"event_name":"Accursed Blacksmith","floor":5,"gold_loss":0,"cards_upgraded":["Searing Blow"]},{"damage_healed":0,"gold_gain":0,"player_choice":"Success","damage_taken":11,"relics_obtained":["Champion Belt"],"max_hp_gain":0,"max_hp_loss":0,"event_name":"Scrap Ooze","floor":10,"gold_loss":0},{"damage_healed":20,"gold_gain":0,"player_choice":"Healed","damage_taken":0,"max_hp_gain":0,"max_hp_loss":0,"event_name":"The Cleric","floor":12,"gold_loss":35}],"is_beta":false,"boss_relics":[],"items_purged_floors":[],"is_endless":false,"potions_floor_spawned":[1,13,14],"killed_by":"Hexaghost","ascension_level":19}