{"gold_per_floor":[118,135,151,151,175,175,190,190,267,286,305,305,337,19,19,93,93,113,140,90,15,15,42,42,42,42,42,53,81,27,46,46,121,121,134,151,67,85,85,85,85,85,112,123,137,2,16,16,16,16],"floor_reached":51,"playtime":2384,"items_purged":["Strike_R","Parasite"],"score":1463,"play_id":"76d9468c-5525-4e71-922a-485bb1fd18f1","local_time":"20190316001303","is_ascension_mode":true,"campfire_choices":[{"data":"Corruption","floor":6,"key":"SMITH"},{"data":"Fiend Fire","floor":8,"key":"SMITH"},{"data":"Intimidate","floor":12,"key":"SMITH"},{"data":"Burning Pact","floor":15,"key":"SMITH"},{"data":"Havoc","floor":25,"key":"SMITH"},{"data":"Power Through","floor":27,"key":"SMITH"},{"data":"Armaments","floor":32,"key":"SMITH"},{"floor":40,"key":"REST"},{"data":"Barricade","floor":42,"key":"SMITH"},{"floor":49,"key":"REST"}],"neow_cost":"NONE","seed_source_timestamp":5495210058747,"circlet_count":0,"master_deck":["AscendersBane","Defend_R","Defend_R","Defend_R","Defend_R","Fiend Fire+1","Corruption+1","True Grit","Burning Pact+1","Thunderclap","Havoc+1","Intimidate+1","Power Through+1","Limit Break","True Grit","Ghostly Armor+1","Headbutt+1","Seeing Red+1","Armaments+1","Entrench+1","Barricade+1","Spot Weakness+1","True Grit","Shrug It Off+1","Sentinel","Infernal Blade+1","Sentinel","Infernal Blade+1","Seeing Red+1","Corruption","Shrug It Off+1"],"relics":["Burning Blood","Ancient Tea Set","Paper Frog","Smiling Mask","Dead Branch","Empty Cage","Red Mask","Blood Vial","Orichalcum","Prayer Wheel","Cursed Key","Anchor"],"potions_floor_usage":[10,13,19,47,50],"damage_taken":[{"damage":1,"enemies":"Cultist","floor":1,"turns":3},{"damage":1,"enemies":"2 Louse","floor":2,"turns":3},{"damage":7,"enemies":"Jaw Worm","floor":3,"turns":3},{"damage":9,"enemies":"Exordium Wildlife","floor":7,"turns":4},{"damage":1,"enemies":"3 Louse","floor":10,"turns":3},{"damage":10,"enemies":"2 Fungi Beasts","floor":11,"turns":4},{"damage":28,"enemies":"Lagavulin","floor":13,"turns":6},{"damage":22,"enemies":"The Guardian","floor":16,"turns":8},{"damage":0,"enemies":"Spheric Guardian","floor":18,"turns":1},{"damage":0,"enemies":"Masked Bandits","floor":19,"turns":2},{"damage":3,"enemies":"Gremlin Leader","floor":23,"turns":4},{"damage":3,"enemies":"3 Byrds","floor":28,"turns":4},{"damage":3,"enemies":"Book of Stabbing","floor":29,"turns":3},{"damage":0,"enemies":"3 Cultists","floor":31,"turns":4},{"damage":17,"enemies":"Collector","floor":33,"turns":4},{"damage":4,"enemies":"3 Shapes","floor":35,"turns":3},{"damage":35,"enemies":"3 Darklings","floor":36,"turns":3},{"damage":0,"enemies":"Writhing Mass","floor":38,"turns":2},{"damage":3,"enemies":"Jaw Worm Horde","floor":44,"turns":5},{"damage":49,"enemies":"Sphere and 2 Shapes","floor":45,"turns":6},{"damage":6,"enemies":"3 Darklings","floor":47,"turns":3},{"damage":4,"enemies":"Donu and Deca","floor":50,"turns":4}],"seed_played":"-6018710993109143840","potions_obtained":[{"floor":3,"key":"FearPotion"},{"floor":10,"key":"LiquidBronze"},{"floor":13,"key":"SpeedPotion"},{"floor":16,"key":"Energy Potion"},{"floor":19,"key":"Ancient Potion"},{"floor":29,"key":"SteroidPotion"},{"floor":36,"key":"SkillPotion"},{"floor":47,"key":"Swift Potion"}],"is_trial":false,"path_per_floor":["M","M","M","?","T","R","M","R","T","M","M","R","E","$","R","B",null,"M","?","$","?","$","E","?","R","T","R","M","E","$","M","R","B",null,"M","M","$","M","?","R","?","R","T","M","M","$","M","?","R","B",null],"character_chosen":"IRONCLAD","items_purchased":["Dead Branch","Body Slam","Sentinel","Corruption"],"campfire_rested":2,"item_purchase_floors":[14,30,37,46],"current_hp_per_floor":[73,75,74,67,67,67,64,64,64,69,65,65,43,43,43,27,63,69,75,75,75,75,75,75,75,75,75,75,75,75,75,75,64,72,75,46,46,54,54,75,75,75,75,75,32,32,34,34,54,58],"gold":16,"neow_bonus":"ONE_RANDOM_RARE_CARD","is_prod":false,"is_daily":false,"chose_seed":false,"campfire_upgraded":8,"win_rate":0,"timestamp":1552680783,"path_taken":["M","?","M","?","?","R","M","R","T","M","M","R","E","$","R","BOSS","M","?","$","?","?","E","?","R","T","R","M","E","$","?","R","BOSS","M","M","$","M","?","R","?","R","T","M","?","$","M","?","R","BOSS"],"build_version":"2019-01-23","purchased_purges":2,"victory":true,"max_hp_per_floor":[75,75,75,75,75,75,75,75,75,75,75,75,75,75,75,75,75,75,75,75,75,75,75,75,75,75,75,75,75,75,75,75,75,75,75,75,75,75,75,75,75,75,75,75,75,72,72,68,68,68],"card_choices":[{"not_picked":["Headbutt","Dual Wield"],"picked":"Corruption","floor":1},{"not_picked":["Flame Barrier","Whirlwind"],"picked":"True Grit","floor":2},{"not_picked":["Warcry","Clothesline"],"picked":"Burning Pact","floor":3},{"not_picked":["Wild Strike","Sever Soul"],"picked":"Thunderclap","floor":7},{"not_picked":["Thunderclap","Clash"],"picked":"Havoc","floor":10},{"not_picked":["Entrench","Flex"],"picked":"Intimidate","floor":11},{"not_picked":["Uppercut","Twin Strike"],"picked":"Power Through","floor":13},{"not_picked":["Berserk","Brutality"],"picked":"Limit Break","floor":16},{"not_picked":["Blood for Blood","Reckless Charge"],"picked":"True Grit","floor":18},{"not_picked":["Headbutt","Burning Pact"],"picked":"Ghostly Armor+1","floor":23},{"not_picked":["Anger+1","Rampage"],"picked":"Headbutt+1","floor":28},{"not_picked":["Clothesline","Demon Form"],"picked":"Seeing Red+1","floor":29},{"not_picked":["Inflame","Clothesline"],"picked":"Armaments","floor":31},{"not_picked":["Warcry","Pommel Strike"],"picked":"Entrench+1","floor":31},{"not_picked":["Feed","Double Tap"],"picked":"Barricade","floor":33},{"not_picked":["Perfected Strike","Clash"],"picked":"Spot Weakness+1","floor":35},{"not_picked":["Clothesline+1","Perfected Strike+1"],"picked":"True Grit","floor":35},{"not_picked":["Bloodletting","Sever Soul"],"picked":"Shrug It Off+1","floor":36},{"not_picked":["Iron Wave+1","Rampage","Clothesline"],"picked":"SKIP","floor":36},{"not_picked":["Twin Strike","Second Wind","Sword Boomerang"],"picked":"SKIP","floor":38},{"not_picked":["Twin Strike","Rampage","Clash+1"],"picked":"SKIP","floor":38},{"not_picked":["Whirlwind+1","Clash"],"picked":"Infernal Blade+1","floor":44},{"not_picked":["Hemokinesis","Iron Wave"],"picked":"Sentinel","floor":44},{"not_picked":["Iron Wave","Heavy Blade+1"],"picked":"Infernal Blade+1","floor":45},{"not_picked":["Pommel Strike","Blood for Blood"],"picked":"Seeing Red+1","floor":45},{"not_picked":["Double Tap","Intimidate+1"],"picked":"Shrug It Off+1","floor":47},{"not_picked":["Metallicize","Havoc","Wild Strike"],"picked":"SKIP","floor":47}],"player_experience":726771,"relics_obtained":[{"floor":5,"key":"Ancient Tea Set"},{"floor":9,"key":"Paper Frog"},{"floor":13,"key":"Smiling Mask"},{"floor":19,"key":"Red Mask"},{"floor":23,"key":"Blood Vial"},{"floor":26,"key":"Orichalcum"},{"floor":29,"key":"Prayer Wheel"},{"floor":43,"key":"Anchor"}],"event_choices":[{"cards_removed":["Strike_R"],"damage_healed":0,"gold_gain":0,"player_choice":"Card Removal","damage_taken":7,"max_hp_gain":0,"max_hp_loss":0,"event_name":"Golden Wing","floor":4,"gold_loss":0},{"damage_healed":0,"gold_gain":0,"player_choice":"Fought Bandits","damage_taken":0,"max_hp_gain":0,"max_hp_loss":0,"event_name":"Masked Bandits","floor":19,"gold_loss":0},{"cards_removed":["Strike_R"],"damage_healed":0,"gold_gain":0,"player_choice":"Gave Gold","damage_taken":0,"max_hp_gain":0,"max_hp_loss":0,"event_name":"Beggar","floor":21,"gold_loss":75},{"cards_removed":["Bash"],"damage_healed":0,"gold_gain":0,"player_choice":"Purged","damage_taken":0,"max_hp_gain":0,"max_hp_loss":0,"event_name":"Purifier","floor":24,"gold_loss":0},{"cards_removed":["Body Slam"],"damage_healed":0,"gold_gain":0,"player_choice":"Removed Attack","damage_taken":0,"max_hp_gain":0,"max_hp_loss":0,"event_name":"Falling","floor":39,"gold_loss":0},{"damage_healed":0,"gold_gain":0,"player_choice":"Ignored","damage_taken":0,"max_hp_gain":0,"max_hp_loss":0,"event_name":"Tomb of Lord Red Mask","floor":41,"gold_loss":0},{"damage_healed":0,"gold_gain":0,"player_choice":"Max HP","damage_taken":0,"max_hp_gain":0,"max_hp_loss":4,"event_name":"Winding Halls","floor":48,"gold_loss":0}],"is_beta":false,"boss_relics":[{"not_picked":["Philosopher\u0027s Stone","Runic Pyramid"],"picked":"Empty Cage"},{"not_picked":["Orrery","Busted Crown"],"picked":"Cursed Key"}],"items_purged_floors":[20,46],"is_endless":false,"potions_floor_spawned":[3,10,13,16,19,29,33,36,38,45,47],"ascension_level":16}