{"gold_per_floor":[111,13,13,13,30,30,48,61,130,30,30,30,30,30,30,135,135,135],"floor_reached":18,"playtime":521,"items_purged":["Defend_G","Strike_G"],"score":148,"play_id":"49a329fb-b8af-41df-9b97-8f1369ade6d6","local_time":"20180716163041","is_ascension_mode":false,"campfire_choices":[{"data":"Dagger Throw","floor":6,"key":"SMITH"},{"floor":11,"key":"REST"},{"data":"Noxious Fumes","floor":15,"key":"SMITH"}],"neow_cost":"NONE","seed_source_timestamp":64194089705492,"circlet_count":0,"master_deck":["Defend_G","Defend_G","Defend_G","Survivor","Neutralize","Skewer+1","Blur+1","Dagger Throw+1","Dagger Throw","Noxious Fumes+1","Writhe","Parasite"],"relics":["Astrolabe","Bottled Lightning","Vajra","Empty Cage"],"potions_floor_usage":[],"damage_taken":[{"damage":0,"enemies":"Cultist","floor":1,"turns":4},{"damage":5,"enemies":"Small Slimes","floor":5,"turns":3},{"damage":0,"enemies":"Jaw Worm","floor":7,"turns":2},{"damage":8,"enemies":"Lots of Slimes","floor":8,"turns":4},{"damage":20,"enemies":"Slime Boss","floor":16,"turns":10},{"damage":79,"enemies":"Shell Parasite","floor":18,"turns":9}],"seed_played":"-712519045169857645","potions_obtained":[{"floor":5,"key":"Weak Potion"},{"floor":16,"key":"SpeedPotion"}],"is_trial":false,"path_per_floor":["M","$","?","?","M","R","M","M","T","$","R","?","T","?","R","B",null],"character_chosen":"THE_SILENT","items_purchased":["Dagger Throw"],"campfire_rested":1,"item_purchase_floors":[2],"current_hp_per_floor":[70,70,70,70,65,65,65,57,57,57,70,70,70,70,70,50,70,0],"gold":135,"neow_bonus":"BOSS_RELIC","is_prod":false,"is_daily":false,"chose_seed":false,"campfire_upgraded":2,"win_rate":0,"timestamp":1531773041,"path_taken":["M","$","?","?","M","R","M","?","T","$","R","?","?","?","R","BOSS","M"],"build_version":"2018-07-12","purchased_purges":2,"victory":false,"max_hp_per_floor":[70,70,70,70,70,70,70,70,70,70,70,70,70,70,70,70,70,70],"card_choices":[{"not_picked":["Poisoned Stab","Deflect","Prepared"],"picked":"SKIP","floor":1},{"not_picked":["Quick Slash","Bane"],"picked":"Dagger Throw","floor":5},{"not_picked":["PiercingWail","Backflip","Flying Knee"],"picked":"SKIP","floor":7},{"not_picked":["Corpse Explosion","Cloak And Dagger"],"picked":"Noxious Fumes","floor":8}],"player_experience":257466,"relics_obtained":[{"floor":9,"key":"Bottled Lightning"},{"floor":13,"key":"Vajra"}],"event_choices":[{"event_name":"Liars Game","player_choice":"disagreed","floor":3,"damage_taken":0},{"event_name":"Bonfire Elementals","player_choice":"UNCOMMON","floor":4,"damage_taken":0},{"event_name":"Match and Keep!","player_choice":"1 cards matched","floor":12,"damage_taken":0},{"event_name":"Mushrooms","player_choice":"Healed and dodged fight","floor":14,"damage_taken":0}],"boss_relics":[{"not_picked":["White Beast Statue","Snecko Eye"],"picked":"Empty Cage"}],"items_purged_floors":[2,10],"is_endless":false,"potions_floor_spawned":[5,16],"killed_by":"Shell Parasite","ascension_level":0}