{"gold_per_floor":[118,134,59,134,154,173,203,203,203,203,203,203,223,233,233,233],"floor_reached":16,"playtime":2040,"items_purged":["Strike_R"],"score":102,"play_id":"feb8c8c8-66fd-46f8-9efe-aefcdaf5ee4b","local_time":"20190218201750","is_ascension_mode":false,"campfire_choices":[{"floor":8,"key":"REST"},{"data":"Body Slam","floor":10,"key":"SMITH"},{"data":"Armaments","floor":15,"key":"SMITH"}],"neow_cost":"NONE","seed_source_timestamp":233303519219953,"circlet_count":0,"master_deck":["Strike_R+1","Strike_R","Strike_R","Strike_R","Defend_R","Defend_R","Defend_R","Defend_R","Bash","Body Slam+1","Rage","Shrug It Off+1","Seeing Red","Parasite","Armaments+1"],"relics":["Burning Blood","NeowsBlessing","Regal Pillow","Bottled Flame"],"potions_floor_usage":[16,16,16],"damage_taken":[{"damage":0,"enemies":"Jaw Worm","floor":1,"turns":1},{"damage":0,"enemies":"Small Slimes","floor":2,"turns":1},{"damage":0,"enemies":"2 Louse","floor":5,"turns":1},{"damage":13,"enemies":"Exordium Thugs","floor":6,"turns":7},{"damage":67,"enemies":"Lagavulin","floor":7,"turns":14},{"damage":11,"enemies":"Lots of Slimes","floor":13,"turns":5},{"damage":4,"enemies":"Gremlin Gang","floor":14,"turns":7},{"damage":51,"enemies":"Hexaghost","floor":16,"turns":11}],"seed_played":"2179310946659729816","potions_obtained":[{"floor":2,"key":"SpeedPotion"},{"floor":6,"key":"FearPotion"},{"floor":7,"key":"Explosive Potion"},{"floor":13,"key":"Swift Potion"}],"is_trial":false,"path_per_floor":["M","M","$","?","M","M","E","R","T","R","?","?","M","M","R","B"],"character_chosen":"IRONCLAD","items_purchased":[],"campfire_rested":1,"item_purchase_floors":[],"current_hp_per_floor":[80,80,80,69,75,68,7,46,46,46,30,50,45,47,47,0],"gold":233,"neow_bonus":"THREE_ENEMY_KILL","is_prod":false,"is_daily":false,"chose_seed":false,"campfire_upgraded":2,"win_rate":0.0,"timestamp":1550539070,"path_taken":["M","M","$","?","M","M","E","R","T","R","?","?","M","M","R","BOSS"],"build_version":"2019-01-23","purchased_purges":1,"victory":false,"max_hp_per_floor":[80,80,80,80,80,80,80,80,80,80,80,80,80,80,80,80],"card_choices":[{"not_picked":["True Grit","Flex"],"picked":"Body Slam","floor":1},{"not_picked":["Pommel Strike","Flex"],"picked":"Rage","floor":2},{"not_picked":["Clash","Cleave"],"picked":"Shrug It Off","floor":5},{"not_picked":["Sword Boomerang","Twin Strike"],"picked":"Seeing Red","floor":6},{"not_picked":["Pummel","True Grit","Battle Trance"],"picked":"SKIP","floor":7},{"not_picked":["Brutality","Perfected Strike"],"picked":"Armaments","floor":13},{"not_picked":["Warcry","Headbutt","Uppercut"],"picked":"SKIP","floor":14}],"player_experience":27562,"relics_obtained":[{"floor":7,"key":"Regal Pillow"},{"floor":9,"key":"Bottled Flame"}],"event_choices":[{"damage_healed":0,"gold_gain":75,"player_choice":"Gather Gold","damage_taken":11,"max_hp_gain":0,"max_hp_loss":0,"event_name":"World of Goop","floor":4,"gold_loss":0},{"damage_healed":0,"gold_gain":0,"player_choice":"Entered Light","damage_taken":16,"max_hp_gain":0,"max_hp_loss":0,"event_name":"Shining Light","floor":11,"gold_loss":0,"cards_upgraded":["Strike_R","Shrug It Off"]},{"damage_healed":20,"gold_gain":0,"player_choice":"Healed and dodged fight","damage_taken":0,"max_hp_gain":0,"max_hp_loss":0,"event_name":"Mushrooms","floor":12,"gold_loss":0,"cards_obtained":["Parasite"]}],"is_beta":false,"boss_relics":[],"items_purged_floors":[3],"is_endless":false,"potions_floor_spawned":[2,6,7,13],"killed_by":"Hexaghost","ascension_level":0}