{"gold_per_floor":[116,134,134,59,134,134,161,161,191,206,206,219,219,237,237,333,333,349,379,398,497,497],"floor_reached":22,"playtime":551,"items_purged":["Strike_R"],"score":174,"play_id":"64f8d093-fd74-4e4f-93df-f557c174e5d5","local_time":"20180717214140","is_ascension_mode":false,"campfire_choices":[{"floor":6,"key":"REST"},{"data":"Shrug It Off","floor":8,"key":"SMITH"},{"floor":13,"key":"REST"},{"floor":15,"key":"REST"}],"neow_cost":"NONE","seed_source_timestamp":53740161469742,"circlet_count":0,"master_deck":["Strike_R","Strike_R","Strike_R","Strike_R","Defend_R","Defend_R","Defend_R","Bash","Shrug It Off+1","Hemokinesis","Rampage","Blood for Blood","Double Tap","Shrug It Off","Inflame"],"relics":["Runic Dome","Dream Catcher","Tiny Chest","Snecko Eye","Red Mask"],"potions_floor_usage":[],"damage_taken":[{"damage":0,"enemies":"2 Louse","floor":1,"turns":2},{"damage":6,"enemies":"Jaw Worm","floor":2,"turns":2},{"damage":0,"enemies":"Small Slimes","floor":10,"turns":3},{"damage":12,"enemies":"Blue Slaver","floor":12,"turns":2},{"damage":14,"enemies":"Large Slime","floor":14,"turns":4},{"damage":73,"enemies":"The Guardian","floor":16,"turns":9},{"damage":8,"enemies":"Chosen","floor":18,"turns":3},{"damage":61,"floor":19,"turns":5},{"damage":6,"enemies":"Shell Parasite","floor":20,"turns":2},{"damage":6,"enemies":"Snecko","floor":22,"turns":2}],"seed_played":"-4793322714295239277","potions_obtained":[{"floor":1,"key":"EssenceOfSteel"},{"floor":2,"key":"FearPotion"},{"floor":11,"key":"Fire Potion"},{"floor":11,"key":"Fire Potion"},{"floor":11,"key":"Strength Potion"}],"is_trial":false,"path_per_floor":["M","M","?","$","?","R","T","R","T","M","?","M","R","M","R","B",null,"M","?","M","?"],"character_chosen":"IRONCLAD","items_purchased":[],"campfire_rested":3,"item_purchase_floors":[],"current_hp_per_floor":[80,74,67,67,56,80,80,80,80,80,80,68,80,66,80,7,80,72,11,5,5,0],"gold":497,"neow_bonus":"BOSS_RELIC","is_prod":false,"is_daily":false,"chose_seed":false,"campfire_upgraded":1,"win_rate":0.0,"timestamp":1531878100,"path_taken":["M","M","?","$","?","R","?","R","T","?","?","M","R","M","R","BOSS","M","?","M","?","M"],"build_version":"2018-07-12","purchased_purges":1,"victory":false,"max_hp_per_floor":[80,80,80,80,80,80,80,80,80,80,80,80,80,80,80,80,80,80,80,80,80,80],"card_choices":[{"not_picked":["Combust","Sentinel","Flex"],"picked":"SKIP","floor":1},{"not_picked":["Combust","Reckless Charge"],"picked":"Shrug It Off","floor":2},{"not_picked":["Iron Wave","Second Wind","Armaments"],"picked":"SKIP","floor":10},{"not_picked":["Armaments","Body Slam","Clash"],"picked":"SKIP","floor":12},{"not_picked":["Combust","Headbutt"],"picked":"Hemokinesis","floor":13},{"not_picked":["Combust","Twin Strike"],"picked":"Rampage","floor":14},{"not_picked":["Thunderclap","Clash"],"picked":"Blood for Blood","floor":15},{"not_picked":["Berserk","Juggernaut"],"picked":"Double Tap","floor":16},{"not_picked":["Rampage","Thunderclap+1"],"picked":"Shrug It Off","floor":18},{"not_picked":["Perfected Strike","Reckless Charge"],"picked":"Inflame","floor":20}],"player_experience":266144,"relics_obtained":[{"floor":7,"key":"Dream Catcher"},{"floor":9,"key":"Tiny Chest"},{"floor":19,"key":"Red Mask"}],"event_choices":[{"event_name":"Golden Wing","player_choice":"Card Removal","floor":3,"damage_taken":0},{"event_name":"World of Goop","player_choice":"Gather Gold","floor":5,"damage_taken":0},{"event_name":"The Lab","player_choice":"Got Potions","floor":11,"damage_taken":0},{"event_name":"Masked Bandits","player_choice":"Fought over 349 gold","floor":19,"damage_taken":0},{"event_name":"Nest","player_choice":"Stole From Cult","floor":21,"damage_taken":0}],"boss_relics":[{"not_picked":["Philosopher\u0027s Stone","Runic Cube"],"picked":"Snecko Eye"}],"items_purged_floors":[4],"is_endless":false,"potions_floor_spawned":[1,2,12],"killed_by":"Snecko","ascension_level":0}