{"gold_per_floor":[111,111,123,123,137,137,23,23,69,69,84,100,118,193,193,267,267,281,281,297,297,307,307,318,318,318,352,367,367,367,55,55,131,131,151,73,73,73,84,84,184,184,184,210,210,210,222,255,255,255,255,255,255,20,50,50],"floor_reached":56,"playtime":4134,"items_purged":["Strike_R","Decay"],"score":1861,"play_id":"cbe13a31-04e4-4540-8001-a2f83dfeb9f4","local_time":"20190223220922","is_ascension_mode":true,"campfire_choices":[{"data":"Feed","floor":6.0,"key":"SMITH"},{"data":"Cleave","floor":8.0,"key":"SMITH"},{"data":"Disarm","floor":10.0,"key":"SMITH"},{"data":"Disarm","floor":15.0,"key":"SMITH"},{"data":"Demon Form","floor":23.0,"key":"SMITH"},{"floor":30.0,"key":"REST"},{"data":"Armaments","floor":32.0,"key":"SMITH"},{"floor":40.0,"key":"RECALL"},{"floor":42.0,"key":"REST"},{"floor":45.0,"key":"REST"},{"floor":49.0,"key":"REST"},{"floor":53.0,"key":"REST"}],"neow_cost":"PERCENT_DAMAGE","seed_source_timestamp":634151583125000,"circlet_count":0,"master_deck":["AscendersBane","Strike_R","Defend_R","Defend_R","Defend_R","Defend_R","Bash","Feed+1","Cleave+1","Spot Weakness","Disarm+1","Battle Trance","Headbutt","Disarm+1","Whirlwind","Demon Form+1","Entrench+1","Thunderclap","Necronomicurse","Armaments+1","Barricade","Heavy Blade+1","Ghostly Armor","Madness","Madness","Seeing Red+1","Shockwave","Flame Barrier","Entrench+1","Impervious"],"special_seed":0,"relics":["Burning Blood","Meat on the Bone","Dream Catcher","Busted Crown","Necronomicon","Shuriken","Red Mask","Chemical X","Fusion Hammer","Dead Branch","Smiling Mask","Anchor","Vajra","Happy Flower"],"potions_floor_usage":[],"damage_taken":[{"damage":7.0,"enemies":"Small Slimes","floor":1.0,"turns":3.0},{"damage":9.0,"enemies":"Jaw Worm","floor":3.0,"turns":4.0},{"damage":4.0,"enemies":"2 Louse","floor":5.0,"turns":2.0},{"damage":18.0,"enemies":"Lots of Slimes","floor":11.0,"turns":5.0},{"damage":5.0,"enemies":"Blue Slaver","floor":12.0,"turns":6.0},{"damage":0.0,"enemies":"Gremlin Gang","floor":13.0,"turns":3.0},{"damage":9.0,"enemies":"The Guardian","floor":16.0,"turns":11.0},{"damage":23.0,"enemies":"Spheric Guardian","floor":18.0,"turns":4.0},{"damage":28.0,"enemies":"Chosen","floor":20.0,"turns":4.0},{"damage":26.0,"enemies":"Centurion and Healer","floor":22.0,"turns":5.0},{"damage":48.0,"enemies":"Cultist and Chosen","floor":24.0,"turns":8.0},{"damage":0.0,"enemies":"Masked Bandits","floor":27.0,"turns":1.0},{"damage":18.0,"enemies":"Snake Plant","floor":28.0,"turns":3.0},{"damage":30.0,"enemies":"Automaton","floor":33.0,"turns":6.0},{"damage":9.0,"enemies":"Orb Walker","floor":35.0,"turns":3.0},{"damage":19.0,"enemies":"3 Darklings","floor":39.0,"turns":3.0},{"damage":0.0,"enemies":"Mind Bloom Boss Battle","floor":41.0,"turns":2.0},{"damage":10.0,"enemies":"Giant Head","floor":44.0,"turns":7.0},{"damage":36.0,"enemies":"Transient","floor":47.0,"turns":6.0},{"damage":0.0,"enemies":"Reptomancer","floor":48.0,"turns":2.0},{"damage":13.0,"enemies":"Time Eater","floor":50.0,"turns":5.0},{"damage":51.0,"enemies":"Awakened One","floor":51.0,"turns":11.0},{"damage":40.0,"enemies":"Shield and Spear","floor":55.0,"turns":6.0},{"damage":111,"enemies":"The Heart","floor":56,"turns":5}],"seed_played":"2047633690297137859","potions_obtained":[{"floor":3.0,"key":"Weak Potion"},{"floor":5.0,"key":"Energy Potion"},{"floor":12.0,"key":"SkillPotion"},{"floor":16.0,"key":"Swift Potion"},{"floor":18.0,"key":"FearPotion"},{"floor":21.0,"key":"SneckoOil"},{"floor":21.0,"key":"SneckoOil"},{"floor":33.0,"key":"AttackPotion"},{"floor":41.0,"key":"PowerPotion"},{"floor":47.0,"key":"SpeedPotion"},{"floor":48.0,"key":"Swift Potion"},{"floor":55.0,"key":"SteroidPotion"}],"is_trial":false,"path_per_floor":["M","?","M","?","M","R","$","R","T","R","M","M","M","?","R","B",null,"M","?","M","?","M","R","M","?","T","?","M","?","R","$","R","B",null,"M","$","?","?","M","R","?","R","T","E","R","?","M","E","R","B","B",null,"R","$","E","B"],"character_chosen":"IRONCLAD","items_purchased":["Battle Trance","Chemical X","Ghostly Armor","Impervious","Vajra"],"campfire_rested":5,"item_purchase_floors":[7,31,36,54,54],"current_hp_per_floor":[52,47,47,40,57,57,57,57,57,57,61,66,76,65,65,66,92,79,79,61,61,57,57,31,10,10,28,28,28,62,62,62,50,100,97,97,76,76,75,75,81,115,115,111,116,116,86,92,116,109,68,107,120,120,86,0],"gold":50,"neow_bonus":"THREE_RARE_CARDS","is_prod":false,"is_daily":false,"chose_seed":false,"campfire_upgraded":6,"win_rate":0,"timestamp":1550988562,"path_taken":["M","?","M","?","M","R","$","R","T","R","M","M","?","?","R","BOSS","M","?","?","?","?","R","M","?","T","?","M","?","R","$","R","BOSS","M","$","?","?","?","R","?","R","T","E","R","?","?","E","R","BOSS","BOSS","R","$","E","BOSS"],"build_version":"2019-02-06","purchased_purges":2,"victory":false,"max_hp_per_floor":[78,78,81,81,84,84,84,84,84,84,88,92,96,96,96,100,100,104,104,108,108,112,112,116,116,116,116,116,116,116,116,116,116,116,116,116,116,116,116,116,116,116,116,116,116,116,116,116,116,116,120,120,120,120,120,120],"card_choices":[{"not_picked":["Offering","Limit Break"],"picked":"Feed","floor":0.0},{"not_picked":["Flex","Shockwave"],"picked":"Cleave","floor":1.0},{"not_picked":["Anger","Disarm"],"picked":"Spot Weakness","floor":3.0},{"not_picked":["Combust","Searing Blow"],"picked":"Disarm","floor":5.0},{"not_picked":["Pommel Strike","Wild Strike"],"picked":"Headbutt","floor":11.0},{"not_picked":["Metallicize","Pommel Strike"],"picked":"Disarm","floor":12.0},{"not_picked":["Headbutt","Uppercut"],"picked":"Whirlwind","floor":13.0},{"not_picked":["Immolate","Berserk"],"picked":"Demon Form","floor":16.0},{"not_picked":["Perfected Strike"],"picked":"SKIP","floor":18.0},{"not_picked":[],"picked":"Entrench+1","floor":20.0},{"not_picked":["Searing Blow"],"picked":"SKIP","floor":22.0},{"not_picked":[],"picked":"Thunderclap","floor":24.0},{"not_picked":["Perfected Strike+1"],"picked":"SKIP","floor":28.0},{"not_picked":[],"picked":"Armaments","floor":30.0},{"not_picked":[],"picked":"Barricade","floor":33.0},{"not_picked":[],"picked":"Heavy Blade+1","floor":35.0},{"not_picked":[],"picked":"Seeing Red+1","floor":39.0},{"not_picked":[],"picked":"Shockwave","floor":41.0},{"not_picked":["Iron Wave"],"picked":"SKIP","floor":44.0},{"not_picked":[],"picked":"Flame Barrier","floor":45.0},{"not_picked":["Twin Strike"],"picked":"SKIP","floor":47.0},{"not_picked":[],"picked":"Entrench+1","floor":48.0},{"not_picked":["Clash+1"],"picked":"SKIP","floor":55.0}],"player_experience":3304369,"relics_obtained":[{"floor":9.0,"key":"Dream Catcher"},{"floor":25.0,"key":"Necronomicon"},{"floor":26.0,"key":"Shuriken"},{"floor":27.0,"key":"Red Mask"},{"floor":41.0,"key":"Dead Branch"},{"floor":44.0,"key":"Smiling Mask"},{"floor":48.0,"key":"Anchor"},{"floor":55.0,"key":"Happy Flower"}],"event_choices":[{"damage_healed":0.0,"max_hp_gain":0.0,"max_hp_loss":0.0,"gold_gain":0.0,"event_name":"Scrap Ooze","player_choice":"Success","floor":2.0,"gold_loss":0.0,"damage_taken":5.0,"relics_obtained":["Meat on the Bone"]},{"cards_removed":["Strike_R"],"damage_healed":0.0,"max_hp_gain":0.0,"max_hp_loss":0.0,"gold_gain":0.0,"event_name":"Golden Wing","player_choice":"Card Removal","floor":4.0,"gold_loss":0.0,"damage_taken":7.0},{"damage_healed":0.0,"max_hp_gain":0.0,"max_hp_loss":0.0,"gold_gain":75.0,"event_name":"World of Goop","player_choice":"Gather Gold","floor":14.0,"gold_loss":0.0,"damage_taken":11.0},{"cards_removed":["Strike_R"],"damage_healed":0.0,"max_hp_gain":0.0,"max_hp_loss":0.0,"gold_gain":0.0,"event_name":"Purifier","player_choice":"Purged","floor":19.0,"gold_loss":0.0,"damage_taken":0.0},{"damage_healed":0.0,"max_hp_gain":0.0,"max_hp_loss":0.0,"gold_gain":0.0,"event_name":"Lab","player_choice":"Got Potions","floor":21.0,"gold_loss":0.0,"damage_taken":0.0},{"damage_healed":0.0,"max_hp_gain":0.0,"max_hp_loss":0.0,"gold_gain":0.0,"event_name":"Cursed Tome","player_choice":"Obtained Book","floor":25.0,"gold_loss":0.0,"damage_taken":21.0},{"damage_healed":0.0,"max_hp_gain":0.0,"max_hp_loss":0.0,"gold_gain":0.0,"event_name":"Masked Bandits","player_choice":"Fought Bandits","floor":27.0,"gold_loss":0.0,"damage_taken":0.0},{"damage_healed":0.0,"max_hp_gain":0.0,"max_hp_loss":0.0,"gold_gain":0.0,"event_name":"Wheel of Change","player_choice":"Cursed","floor":29.0,"gold_loss":0.0,"damage_taken":0.0,"cards_obtained":["Decay"]},{"damage_healed":0.0,"max_hp_gain":0.0,"max_hp_loss":0.0,"gold_gain":0.0,"event_name":"Winding Halls","player_choice":"Embrace Madness","floor":37.0,"gold_loss":0.0,"damage_taken":21.0,"cards_obtained":["Madness","Madness"]},{"cards_removed":["Strike_R"],"damage_healed":0.0,"max_hp_gain":0.0,"max_hp_loss":0.0,"gold_gain":0.0,"event_name":"Bonfire Elementals","player_choice":"Offered Basic","floor":38.0,"gold_loss":0.0,"damage_taken":0.0},{"damage_healed":0.0,"max_hp_gain":0.0,"max_hp_loss":0.0,"gold_gain":0.0,"event_name":"MindBloom","player_choice":"Fight","floor":41.0,"gold_loss":0.0,"damage_taken":0.0},{"damage_healed":0.0,"max_hp_gain":0.0,"max_hp_loss":0.0,"gold_gain":0.0,"event_name":"Wheel of Change","player_choice":"Full Heal","floor":46.0,"gold_loss":0.0,"damage_taken":0.0}],"is_beta":true,"boss_relics":[{"not_picked":["Snecko Eye","Runic Pyramid"],"picked":"Busted Crown"},{"not_picked":["Eternal Feather","Runic Cube"],"picked":"Fusion Hammer"}],"items_purged_floors":[7,31],"is_endless":false,"potions_floor_spawned":[3,5,11,12,16,18,33,41,47,48,55],"killed_by":"The Heart","ascension_level":20}