{"gold_per_floor":[112,124,124,53,228,254,254,97,97,110,110,125,138,138,138,235,235,235,190,10,10,10,10,10,10,10,10,10,10,0,0,0,0,0,0,0,0,0,0,0,0,0,0,0,0,0,0,0,0,0],"floor_reached":51,"playtime":1240,"items_purged":["Doubt","Strike_R"],"score":729,"play_id":"f2cb04ac-7a19-4085-a648-7b2a4833c79b","local_time":"20190411163230","is_ascension_mode":false,"campfire_choices":[{"data":"Inflame","floor":7,"key":"SMITH"},{"data":"Armaments","floor":11,"key":"SMITH"},{"data":"Heavy Blade","floor":15,"key":"SMITH"},{"data":"Limit Break","floor":23,"key":"SMITH"},{"data":"Uppercut","floor":29,"key":"SMITH"},{"floor":32,"key":"REST"},{"floor":40,"key":"REST"},{"data":"Demon Form","floor":42,"key":"SMITH"},{"data":"Trip","floor":44,"key":"SMITH"},{"floor":47,"key":"REST"},{"floor":49,"key":"REST"}],"neow_cost":"NONE","seed_source_timestamp":3176744386796,"circlet_count":0,"master_deck":["Strike_R","Strike_R","Strike_R","Strike_R","Defend_R+1","Defend_R","Defend_R+1","Defend_R","Bash","Sword Boomerang+1","Armaments+1","Inflame+1","Battle Trance","Uppercut+1","Heavy Blade","Heavy Blade+1","Heavy Blade+1","Brutality","Twin Strike","Heavy Blade+1","Limit Break+1","Shrug It Off","Shame","Headbutt","Sword Boomerang","Demon Form+1","Shrug It Off","Shrug It Off","Trip+1"],"special_seed":0,"relics":["Sozu","War Paint","Matryoshka","Ectoplasm","Pear","Bottled Tornado","Pantograph","Busted Crown","MawBank","Ornamental Fan","Vajra"],"potions_floor_usage":[],"damage_taken":[{"damage":0.0,"enemies":"Small Slimes","floor":1.0,"turns":4.0},{"damage":0.0,"enemies":"Cultist","floor":2.0,"turns":3.0},{"damage":24.0,"enemies":"3 Sentries","floor":6.0,"turns":9.0},{"damage":0,"enemies":"Jaw Worm","floor":10,"turns":2},{"damage":4,"enemies":"2 Fungi Beasts","floor":12,"turns":2},{"damage":12,"enemies":"Exordium Wildlife","floor":13,"turns":3},{"damage":16,"enemies":"Hexaghost","floor":16,"turns":8},{"damage":5,"enemies":"Spheric Guardian","floor":18,"turns":3},{"damage":25,"enemies":"2 Thieves","floor":19,"turns":3},{"damage":20,"enemies":"Sentry and Sphere","floor":22,"turns":5},{"damage":15,"enemies":"Chosen and Byrds","floor":24,"turns":4},{"damage":0,"enemies":"Cultist and Chosen","floor":25,"turns":3},{"damage":4,"enemies":"Centurion and Healer","floor":28,"turns":5},{"damage":0,"enemies":"3 Cultists","floor":31,"turns":4},{"damage":56,"enemies":"Collector","floor":33,"turns":6},{"damage":48,"enemies":"3 Darklings","floor":35,"turns":4},{"damage":3,"enemies":"3 Shapes","floor":37,"turns":2},{"damage":1,"enemies":"Sphere and 2 Shapes","floor":38,"turns":3},{"damage":12,"enemies":"3 Darklings","floor":39,"turns":5},{"damage":0,"enemies":"4 Shapes","floor":45,"turns":3},{"damage":37,"enemies":"Nemesis","floor":46,"turns":5},{"damage":57,"enemies":"Awakened One","floor":50,"turns":8}],"seed_played":"-9107607018950171520","potions_obtained":[],"is_trial":false,"path_per_floor":["M","M","?","$","?","E","R","$","T","M","R","M","M","?","R","B",null,"M","M","$","?","M","R","M","M","T","?","M","R","?","M","R","B",null,"M","?","M","M","M","R","?","R","T","R","M","E","R","?","R","B",null],"character_chosen":"IRONCLAD","items_purchased":["Inflame","Uppercut","Limit Break"],"campfire_rested":4,"item_purchase_floors":[4,8,20],"current_hp_per_floor":[80,80,80,80,80,56,56,56,56,56,56,52,40,24,24,8,80,75,50,50,50,30,30,15,15,25,25,21,21,21,21,48,17,90,42,42,39,38,26,53,53,53,53,53,53,16,43,43,70,33],"gold":0,"neow_bonus":"BOSS_RELIC","is_prod":false,"is_daily":false,"chose_seed":false,"campfire_upgraded":7,"win_rate":0,"timestamp":1555021950,"path_taken":["M","M","?","?","?","E","R","$","T","M","R","M","M","?","R","BOSS","M","M","$","?","?","R","M","M","T","?","M","R","?","M","R","BOSS","M","?","?","M","M","R","?","R","T","R","M","E","R","?","R","BOSS"],"build_version":"2019-01-23","purchased_purges":2,"victory":true,"max_hp_per_floor":[80,80,80,80,80,80,80,80,80,80,80,80,80,80,80,80,80,80,80,80,80,80,80,80,80,90,90,90,90,90,90,90,90,90,90,90,90,90,90,90,90,90,90,90,90,90,90,90,90,90],"card_choices":[{"not_picked":["Shrug It Off","Iron Wave"],"picked":"Sword Boomerang","floor":1.0},{"not_picked":["Burning Pact","Ghostly Armor"],"picked":"Armaments","floor":2.0},{"not_picked":["Body Slam","Warcry"],"picked":"Battle Trance","floor":6},{"not_picked":["Warcry","Pommel Strike"],"picked":"Heavy Blade","floor":10},{"not_picked":["Armaments","Body Slam"],"picked":"Heavy Blade","floor":12},{"not_picked":["Dual Wield","True Grit"],"picked":"Heavy Blade","floor":13},{"not_picked":["Impervious","Feed"],"picked":"Brutality","floor":16},{"not_picked":["Infernal Blade","Cleave+1"],"picked":"Twin Strike","floor":18},{"not_picked":["Pommel Strike","Iron Wave"],"picked":"Heavy Blade+1","floor":19},{"not_picked":["Wild Strike","Sever Soul","Headbutt"],"picked":"SKIP","floor":22},{"not_picked":["Wild Strike","Power Through"],"picked":"Shrug It Off","floor":24},{"not_picked":["Perfected Strike+1","Headbutt","Warcry"],"picked":"SKIP","floor":25},{"not_picked":["Bloodletting+1","Body Slam"],"picked":"Headbutt","floor":28},{"not_picked":["Cleave","Rampage+1","Sword Boomerang"],"picked":"SKIP","floor":31},{"not_picked":["Cleave","Rampage+1"],"picked":"Sword Boomerang","floor":31},{"not_picked":["Barricade","Reaper"],"picked":"Demon Form","floor":33},{"not_picked":[],"picked":"Shrug It Off","floor":35},{"not_picked":[],"picked":"Shrug It Off","floor":37},{"not_picked":["Sever Soul"],"picked":"SKIP","floor":38},{"not_picked":["Reckless Charge+1"],"picked":"SKIP","floor":39},{"not_picked":[],"picked":"Trip","floor":41},{"not_picked":["Sentinel+1"],"picked":"SKIP","floor":45},{"not_picked":["Pommel Strike+1"],"picked":"SKIP","floor":46}],"player_experience":1191939,"relics_obtained":[{"floor":6,"key":"War Paint"},{"floor":9,"key":"Matryoshka"},{"floor":26,"key":"Pear"},{"floor":26,"key":"Bottled Tornado"},{"floor":43,"key":"MawBank"},{"floor":43,"key":"Ornamental Fan"},{"floor":46,"key":"Vajra"}],"event_choices":[{"damage_healed":0.0,"max_hp_gain":0.0,"max_hp_loss":0.0,"gold_gain":0.0,"event_name":"The Woman in Blue","player_choice":"Bought 0 Potions","floor":3.0,"gold_loss":0.0,"damage_taken":0.0},{"damage_healed":0.0,"max_hp_gain":0.0,"max_hp_loss":0.0,"gold_gain":175.0,"event_name":"Liars Game","player_choice":"AGREE","floor":5.0,"gold_loss":0.0,"damage_taken":0.0,"cards_obtained":["Doubt"]},{"damage_healed":0,"gold_gain":0,"player_choice":"Entered Light","damage_taken":16,"max_hp_gain":0,"max_hp_loss":0,"event_name":"Shining Light","floor":14,"gold_loss":0,"cards_upgraded":["Sword Boomerang","Heavy Blade"]},{"damage_healed":0,"gold_gain":100,"player_choice":"Pray","damage_taken":0,"max_hp_gain":0,"max_hp_loss":0,"event_name":"Golden Shrine","floor":21,"gold_loss":0},{"damage_healed":0,"gold_gain":0,"player_choice":"Stole Relic","damage_taken":0,"relics_obtained":["Pantograph"],"max_hp_gain":0,"max_hp_loss":0,"event_name":"Addict","floor":27,"gold_loss":0,"cards_obtained":["Shame"]},{"damage_healed":0,"gold_gain":0,"player_choice":"Paid Fearfully","damage_taken":0,"max_hp_gain":0,"max_hp_loss":0,"event_name":"Masked Bandits","floor":30,"gold_loss":10},{"damage_healed":0,"gold_gain":100,"player_choice":"Pray","damage_taken":0,"max_hp_gain":0,"max_hp_loss":0,"event_name":"Golden Shrine","floor":36,"gold_loss":0},{"damage_healed":0,"gold_gain":0,"player_choice":"Memory 1","damage_taken":0,"max_hp_gain":0,"max_hp_loss":0,"event_name":"SensoryStone","floor":41,"gold_loss":0},{"damage_healed":0,"gold_gain":0,"player_choice":"Ignored","damage_taken":0,"max_hp_gain":0,"max_hp_loss":0,"event_name":"NoteForYourself","floor":48,"gold_loss":0}],"is_beta":false,"boss_relics":[{"not_picked":["Fusion Hammer","Lizard Tail"],"picked":"Ectoplasm"},{"not_picked":["Tiny House","Runic Cube"],"picked":"Busted Crown"}],"items_purged_floors":[8,20],"is_endless":false,"potions_floor_spawned":[2,6,13,22,24,25,28,39],"ascension_level":0}