{"gold_per_floor":[114,133,145,145,95,95,20,20,20,32,46,22,42,58,58,155,185,198,44,0,0,10,10,30,30,30,47,65,65,83,83,83,83],"floor_reached":33,"playtime":1425,"items_purged":["Strike_B","Defend_B"],"score":266,"play_id":"4a7e188b-d705-4de3-914e-1639b620af50","local_time":"20180709170924","daily_mods":["Time Dilation","Lethality","Vintage"],"is_ascension_mode":false,"campfire_choices":[{"data":"Zap","floor":6,"key":"SMITH"},{"floor":8,"key":"REST"},{"data":"Conserve Battery","floor":15,"key":"SMITH"},{"data":"Ball Lightning","floor":23,"key":"SMITH"},{"floor":25,"key":"REST"},{"floor":32,"key":"REST"}],"neow_cost":"","seed_source_timestamp":0,"circlet_count":0,"master_deck":["Defend_B","Defend_B","Defend_B+1","Zap+1","Dualcast","Conserve Battery+1","Ball Lightning+1","Leap","Leap+1","Bite","Bite","Bite","Bite","Bite"],"relics":["Cracked Core","Emotion Chip","Shuriken","Singing Bowl","Lantern","Dream Catcher","Pen Nib","Gambling Chip","Mummified Hand","Tiny House","Kunai","Nilry\u0027s Codex","Regal Pillow","Mercury Hourglass","Matryoshka","Bottled Lightning","Question Card","Juzu Bracelet"],"potions_floor_usage":[33],"damage_taken":[{"damage":5,"enemies":"Small Slimes","floor":1,"turns":3},{"damage":4,"enemies":"Jaw Worm","floor":2,"turns":2},{"damage":19,"enemies":"2 Louse","floor":3,"turns":2},{"damage":5,"enemies":"Blue Slaver","floor":10,"turns":4},{"damage":7,"enemies":"Red Slaver","floor":11,"turns":3},{"damage":6,"enemies":"Exordium Thugs","floor":13,"turns":4},{"damage":0,"enemies":"Exordium Wildlife","floor":14,"turns":4},{"damage":38,"enemies":"Slime Boss","floor":16,"turns":8},{"damage":0,"enemies":"Shell Parasite","floor":18,"turns":5},{"damage":0,"enemies":"Chosen","floor":22,"turns":4},{"damage":7,"enemies":"Snecko","floor":24,"turns":3},{"damage":39,"enemies":"Sentry and Sphere","floor":27,"turns":6},{"damage":20,"enemies":"Slaver and Parasite","floor":28,"turns":4},{"damage":14,"enemies":"Cultist and Chosen","floor":30,"turns":5},{"damage":84,"enemies":"Automaton","floor":33,"turns":6}],"seed_played":"8169634172207627326","potions_obtained":[{"floor":1,"key":"SpeedPotion"},{"floor":11,"key":"SteroidPotion"},{"floor":13,"key":"EssenceOfSteel"},{"floor":18,"key":"SmokeBomb"}],"is_trial":true,"path_per_floor":["M","M","M","?","?","R","$","R","T","M","M","$","M","M","R","B",null,"M","$","?","?","M","R","M","R","T","M","M","?","M","?","R"],"character_chosen":"DEFECT","items_purchased":["Conserve Battery","Leap"],"campfire_rested":3,"item_purchase_floors":[12,19],"current_hp_per_floor":[70,66,47,47,47,47,47,69,69,64,57,57,51,51,51,15,82,82,82,82,66,68,68,63,82,82,43,25,25,23,7,50,0],"gold":83,"neow_bonus":"","is_prod":false,"is_daily":false,"chose_seed":false,"campfire_upgraded":3,"win_rate":0.0,"timestamp":1531170564,"path_taken":["M","M","M","?","?","R","$","R","T","M","M","$","?","M","R","BOSS","M","$","?","?","M","R","M","R","T","M","?","?","M","?","R","BOSS"],"build_version":"2018-07-05","purchased_purges":2,"victory":false,"max_hp_per_floor":[75,75,75,75,75,75,75,75,75,75,75,75,75,75,75,77,82,82,82,82,82,82,82,82,82,82,82,82,82,82,87,89,89],"card_choices":[{"not_picked":["Seek","Machine Learning","Hyperbeam"],"picked":"Singing Bowl","floor":16},{"not_picked":["Redo","Hologram"],"picked":"Ball Lightning","floor":17},{"not_picked":["Gash","Fusion+1"],"picked":"Leap+1","floor":25},{"not_picked":["Tempest","Go for the Eyes+1","Darkness","Barrage"],"picked":"Singing Bowl","floor":32}],"player_experience":214536,"relics_obtained":[{"floor":1,"key":"Emotion Chip"},{"floor":2,"key":"Shuriken"},{"floor":3,"key":"Singing Bowl"},{"floor":9,"key":"Lantern"},{"floor":10,"key":"Dream Catcher"},{"floor":11,"key":"Pen Nib"},{"floor":13,"key":"Gambling Chip"},{"floor":14,"key":"Mummified Hand"},{"floor":16,"key":"Blood Vial"},{"floor":18,"key":"Kunai"},{"floor":21,"key":"Nilry\u0027s Codex"},{"floor":22,"key":"Regal Pillow"},{"floor":24,"key":"Mercury Hourglass"},{"floor":26,"key":"Matryoshka"},{"floor":27,"key":"Bottled Lightning"},{"floor":28,"key":"Question Card"},{"floor":30,"key":"Juzu Bracelet"}],"event_choices":[{"event_name":"Golden Idol","player_choice":"Ignored","floor":4,"damage_taken":0},{"event_name":"The Cleric","player_choice":"Card Removal","floor":5,"damage_taken":0},{"event_name":"Masked Bandits","player_choice":"Paid Bandits 44 gold","floor":20,"damage_taken":0},{"event_name":"Cursed Tome","player_choice":"Obtained Book","floor":21,"damage_taken":0},{"event_name":"Vampires","player_choice":"Became a vampire (Vial)","floor":29,"damage_taken":0},{"event_name":"Forgotten Altar","player_choice":"Shed Blood","floor":31,"damage_taken":0}],"boss_relics":[{"not_picked":["Philosopher\u0027s Stone","Ectoplasm"],"picked":"Tiny House"}],"items_purged_floors":[7,19],"is_endless":false,"potions_floor_spawned":[1,11,13,18,22,24,27],"killed_by":"Automaton","ascension_level":0}