{"path_per_floor":["M","M","?","M","M","R","M","M","T","R","E","M","R","M","R"],"character_chosen":"DEFECT","items_purchased":[],"gold_per_floor":[113,124,124,140,159,159,179,197,197,197,223,242,242,259,259,259],"floor_reached":16,"campfire_rested":4,"playtime":2043,"item_purchase_floors":[],"current_hp_per_floor":[44,44,44,44,38,64,33,19,19,45,21,19,45,51,77,0],"items_purged":[],"gold":259,"score":106,"play_id":"a0e32def-6fe4-4f4d-a180-a364d2f31de9","local_time":"20180619170550","is_prod":false,"is_daily":false,"chose_seed":false,"is_ascension_mode":false,"campfire_upgraded":0,"win_rate":0.0,"timestamp":1529442350,"campfire_choices":[{"floor":6,"key":"REST"},{"floor":10,"key":"REST"},{"floor":13,"key":"REST"},{"floor":15,"key":"REST"}],"path_taken":["M","?","?","M","M","R","M","M","T","R","E","M","R","?","R","BOSS"],"build_version":"2018-06-14v2","seed_source_timestamp":332023145954847,"purchased_purges":0,"victory":false,"master_deck":["Strike_B","Strike_B","Strike_B","Strike_B","Defend_B","Defend_B","Defend_B","Defend_B","Zap","Dualcast","Rebound"],"max_hp_per_floor":[89,89,89,89,89,89,89,89,89,89,89,89,89,89,89,89],"relics":["Cracked Core","Meat on the Bone","Bag of Marbles"],"card_choices":[{"not_picked":["Fusion","Heatsinks","Turbo"],"picked":"SKIP","floor":1},{"not_picked":["Reprogram","Hologram","Beam Cell"],"picked":"SKIP","floor":2},{"not_picked":["Reinforced Body","Rip and Tear","Sunder"],"picked":"SKIP","floor":4},{"not_picked":["Blizzard","Redo"],"picked":"Rebound","floor":5},{"not_picked":["Hello World","Reinforced Body","Go for the Eyes"],"picked":"SKIP","floor":7},{"not_picked":["Redo","Reinforced Body","Buffer"],"picked":"SKIP","floor":8},{"not_picked":["Conserve Battery","Coolheaded","Blizzard"],"picked":"SKIP","floor":11},{"not_picked":["Leap","Heatsinks","Turbo"],"picked":"SKIP","floor":12},{"not_picked":["Steam","Hologram","Biased Cognition"],"picked":"SKIP","floor":14}],"player_experience":127862,"potions_floor_usage":[12,16,16],"damage_taken":[{"damage":1,"enemies":"Cultist","floor":1,"turns":4},{"damage":0,"enemies":"Small Slimes","floor":2,"turns":2},{"damage":0,"enemies":"2 Louse","floor":4,"turns":2},{"damage":6,"enemies":"Blue Slaver","floor":5,"turns":4},{"damage":31,"enemies":"Lots of Slimes","floor":7,"turns":5},{"damage":14,"enemies":"2 Fungi Beasts","floor":8,"turns":4},{"damage":36,"enemies":"3 Sentries","floor":11,"turns":7},{"damage":14,"enemies":"Blue Slaver","floor":12,"turns":3},{"damage":6,"enemies":"Red Slaver","floor":14,"turns":4},{"damage":80,"enemies":"Slime Boss","floor":16,"turns":10}],"relics_obtained":[{"floor":9,"key":"Meat on the Bone"},{"floor":11,"key":"Bag of Marbles"}],"event_choices":[{"event_name":"Shining Light","player_choice":"Ignored","floor":3,"damage_taken":0}],"boss_relics":[],"items_purged_floors":[],"is_endless":false,"potions_floor_spawned":[1,2,8,14],"seed_played":"926912193544781731","killed_by":"Slime Boss","ascension_level":0,"potions_obtained":[{"floor":1,"key":"Energy Potion"},{"floor":2,"key":"FearPotion"},{"floor":8,"key":"FearPotion"},{"floor":14,"key":"SmokeBomb"}],"is_trial":false}