{"gold_per_floor":[117,97,108,119,139,139,159,159,209,209,226,177,177],"floor_reached":13,"playtime":611,"items_purged":[],"score":150,"play_id":"fd6098fc-dd6e-4ff0-aa2c-2c83d5d6ec9a","local_time":"20190118003458","is_ascension_mode":true,"campfire_choices":[{"floor":6,"key":"REST"},{"floor":10,"key":"REST"}],"neow_cost":"NONE","seed_source_timestamp":6995198745548600,"circlet_count":0,"master_deck":["AscendersBane","Strike_B","Strike_B","Strike_B","Strike_B","Defend_B","Defend_B","Defend_B","Defend_B","Zap","Dualcast","Compile Driver","Coolheaded","Cold Snap","Double Energy","Loop","Glacier"],"relics":["Cracked Core","Odd Mushroom","Oddly Smooth Stone"],"potions_floor_usage":[11],"damage_taken":[{"damage":3,"enemies":"2 Louse","floor":1,"turns":2},{"damage":6,"enemies":"Cultist","floor":3,"turns":3},{"damage":4,"enemies":"Jaw Worm","floor":4,"turns":4},{"damage":4,"enemies":"2 Fungi Beasts","floor":5,"turns":4},{"damage":51,"enemies":"The Mushroom Lair","floor":7,"turns":5},{"damage":24,"enemies":"Exordium Thugs","floor":11,"turns":4},{"damage":26,"enemies":"3 Sentries","floor":13,"turns":4}],"seed_played":"6955063405752431895","potions_obtained":[{"floor":1,"key":"AttackPotion"},{"floor":2,"key":"Ancient Potion"},{"floor":5,"key":"Fire Potion"},{"floor":11,"key":"Strength Potion"}],"is_trial":false,"path_per_floor":["M","?","M","M","M","R","?","T","T","R","M","?","E"],"character_chosen":"DEFECT","items_purchased":[],"campfire_rested":2,"item_purchase_floors":[],"current_hp_per_floor":[68,68,62,58,54,77,26,26,26,49,25,25,0],"gold":177,"neow_bonus":"TEN_PERCENT_HP_BONUS","is_prod":false,"is_daily":false,"chose_seed":false,"campfire_upgraded":0,"win_rate":0,"timestamp":1547800498,"path_taken":["M","?","M","?","M","R","?","?","T","R","M","?","E"],"build_version":"2019-01-16","purchased_purges":0,"victory":false,"max_hp_per_floor":[78,78,78,78,78,78,78,78,78,78,78,78,78],"card_choices":[{"not_picked":["FTL","Stack"],"picked":"Compile Driver","floor":1},{"not_picked":["Undo","Tempest"],"picked":"Coolheaded","floor":3},{"not_picked":["Chaos","Compile Driver"],"picked":"Cold Snap","floor":4},{"not_picked":["Stack","Conserve Battery"],"picked":"Double Energy","floor":5},{"not_picked":["Redo","Hologram"],"picked":"Loop","floor":7},{"not_picked":["Hologram","Heatsinks"],"picked":"Glacier","floor":11}],"player_experience":3223388,"relics_obtained":[{"floor":7,"key":"Odd Mushroom"},{"floor":9,"key":"Oddly Smooth Stone"}],"event_choices":[{"damage_healed":0,"gold_gain":0,"player_choice":"Bought 1 Potion","damage_taken":0,"max_hp_gain":0,"max_hp_loss":0,"event_name":"The Woman in Blue","floor":2,"gold_loss":0},{"damage_healed":0,"gold_gain":0,"player_choice":"Fought Mushrooms","damage_taken":0,"max_hp_gain":0,"max_hp_loss":0,"event_name":"Mushrooms","floor":7,"gold_loss":0},{"damage_healed":0,"gold_gain":0,"player_choice":"Left Gold","damage_taken":0,"max_hp_gain":0,"max_hp_loss":0,"event_name":"World of Goop","floor":12,"gold_loss":49}],"is_beta":true,"boss_relics":[],"items_purged_floors":[],"is_endless":false,"potions_floor_spawned":[1,5,11],"killed_by":"3 Sentries","ascension_level":20}