{"gold_per_floor":[117,192,192,207,207,207,219,251,251,251,262,262],"floor_reached":12,"playtime":593,"items_purged":[],"score":90,"play_id":"cf77f594-3159-40fb-b0b7-02a673ce3598","local_time":"20190415224506","is_ascension_mode":true,"campfire_choices":[{"floor":6,"key":"REST"},{"floor":10,"key":"REST"}],"neow_cost":"NONE","seed_source_timestamp":344055292802459,"circlet_count":0,"master_deck":["Defend_G","Defend_G","Defend_G","Defend_G","Defend_G","Strike_G","Strike_G","Strike_G","Strike_G+1","Survivor+1","Neutralize","Terror","Backflip","Distraction","Underhanded Strike","Outmaneuver"],"relics":["Ring of the Snake","Ancient Tea Set","Ice Cream"],"potions_floor_usage":[8,8],"damage_taken":[{"damage":0,"enemies":"2 Louse","floor":1,"turns":5},{"damage":1,"enemies":"Cultist","floor":4,"turns":4},{"damage":0,"enemies":"Small Slimes","floor":7,"turns":3},{"damage":33,"enemies":"Lagavulin","floor":8,"turns":7},{"damage":21,"enemies":"Exordium Thugs","floor":11,"turns":9},{"damage":47,"enemies":"3 Sentries","floor":12,"turns":12}],"seed_played":"-3230094942283524208","potions_obtained":[{"floor":1,"key":"Dexterity Potion"},{"floor":4,"key":"Regen Potion"}],"is_trial":false,"path_per_floor":["M","?","?","M","?","R","M","E","T","R","M","E"],"character_chosen":"THE_SILENT","items_purchased":[],"campfire_rested":2,"item_purchase_floors":[],"current_hp_per_floor":[70,59,59,58,44,65,65,47,47,68,47,0],"gold":262,"neow_bonus":"RANDOM_COMMON_RELIC","is_prod":false,"is_daily":false,"chose_seed":false,"campfire_upgraded":0,"win_rate":0,"timestamp":1555382706,"path_taken":["M","?","?","?","?","R","M","E","T","R","M","E"],"build_version":"2019-01-23","purchased_purges":0,"victory":false,"max_hp_per_floor":[70,70,70,70,70,70,70,70,70,70,70,70],"card_choices":[{"not_picked":["Cloak And Dagger","Footwork"],"picked":"Terror","floor":1},{"not_picked":["Dodge and Roll","Flechettes","Acrobatics"],"picked":"SKIP","floor":4},{"not_picked":["PiercingWail","Crippling Poison"],"picked":"Distraction","floor":7},{"not_picked":["Calculated Gamble","Deadly Poison"],"picked":"Underhanded Strike","floor":8},{"not_picked":["Deadly Poison","Poisoned Stab"],"picked":"Outmaneuver","floor":11}],"player_experience":263736,"relics_obtained":[{"floor":8,"key":"Ice Cream"}],"event_choices":[{"damage_healed":0,"gold_gain":75,"player_choice":"Gather Gold","damage_taken":11,"max_hp_gain":0,"max_hp_loss":0,"event_name":"World of Goop","floor":2,"gold_loss":0},{"damage_healed":0,"gold_gain":0,"cards_transformed":["Strike_G"],"player_choice":"Transformed","damage_taken":0,"max_hp_gain":0,"max_hp_loss":0,"event_name":"Transmorgrifier","floor":3,"gold_loss":0,"cards_obtained":["Backflip"]},{"damage_healed":0,"gold_gain":0,"player_choice":"Entered Light","damage_taken":14,"max_hp_gain":0,"max_hp_loss":0,"event_name":"Shining Light","floor":5,"gold_loss":0,"cards_upgraded":["Strike_G","Survivor"]}],"is_beta":false,"boss_relics":[],"items_purged_floors":[],"is_endless":false,"potions_floor_spawned":[1,4],"killed_by":"3 Sentries","ascension_level":3}