{"gold_per_floor":[118,118,40,40,89,117,127,158,158,158,83,83],"floor_reached":12,"playtime":679,"items_purged":["Strike_R"],"score":97,"play_id":"8509dfdf-ed20-40ee-b9e8-63af7cf3c4e1","local_time":"20190227231958","is_ascension_mode":true,"campfire_choices":[],"neow_cost":"NONE","seed_source_timestamp":266155726720755,"circlet_count":0,"master_deck":["Strike_R","Strike_R+1","Strike_R","Defend_R","Defend_R+1","Defend_R","Defend_R","Bash","Forethought","Metallicize","Body Slam","Disarm"],"relics":["Burning Blood","Oddly Smooth Stone","Centennial Puzzle","Strawberry","Happy Flower","Self Forming Clay"],"potions_floor_usage":[8],"damage_taken":[{"damage":0,"enemies":"2 Louse","floor":1,"turns":3},{"damage":21,"enemies":"3 Sentries","floor":6,"turns":10},{"damage":9,"enemies":"Small Slimes","floor":7,"turns":4},{"damage":34,"enemies":"Lagavulin","floor":8,"turns":8},{"damage":30,"enemies":"Gremlin Nob","floor":12,"turns":4}],"seed_played":"8275946782028764329","potions_obtained":[{"floor":6,"key":"LiquidBronze"}],"is_trial":false,"path_per_floor":["M","?","$","?","T","E","M","E","T","?","$","E"],"character_chosen":"IRONCLAD","items_purchased":["Metallicize"],"campfire_rested":0,"item_purchase_floors":[3],"current_hp_per_floor":[80,64,64,61,61,53,50,22,22,22,22,0],"gold":83,"neow_bonus":"RANDOM_COLORLESS","is_prod":false,"is_daily":false,"chose_seed":false,"campfire_upgraded":0,"win_rate":0,"timestamp":1551327598,"path_taken":["M","?","$","?","?","E","?","E","T","?","$","E"],"build_version":"2019-01-23","purchased_purges":1,"victory":false,"max_hp_per_floor":[80,80,80,80,80,87,87,87,87,87,87,87],"card_choices":[{"not_picked":["Wild Strike","Searing Blow","Whirlwind"],"picked":"SKIP","floor":1},{"not_picked":["Sever Soul","Clothesline","Second Wind"],"picked":"SKIP","floor":6},{"not_picked":["Iron Wave","Wild Strike"],"picked":"Body Slam","floor":7},{"not_picked":["Fire Breathing","Perfected Strike","Dark Embrace"],"picked":"SKIP","floor":8}],"player_experience":99863,"relics_obtained":[{"floor":5,"key":"Centennial Puzzle"},{"floor":6,"key":"Strawberry"},{"floor":8,"key":"Happy Flower"},{"floor":9,"key":"Self Forming Clay"}],"event_choices":[{"damage_healed":0,"gold_gain":0,"player_choice":"Entered Light","damage_taken":16,"max_hp_gain":0,"max_hp_loss":0,"event_name":"Shining Light","floor":2,"gold_loss":0,"cards_upgraded":["Strike_R","Defend_R"]},{"damage_healed":0,"gold_gain":0,"player_choice":"Success","damage_taken":3,"relics_obtained":["Oddly Smooth Stone"],"max_hp_gain":0,"max_hp_loss":0,"event_name":"Scrap Ooze","floor":4,"gold_loss":0},{"damage_healed":0,"gold_gain":0,"cards_transformed":["Strike_R"],"player_choice":"Change","damage_taken":0,"max_hp_gain":0,"max_hp_loss":0,"event_name":"Living Wall","floor":10,"gold_loss":0,"cards_obtained":["Disarm"]}],"is_beta":false,"boss_relics":[],"items_purged_floors":[11],"is_endless":false,"potions_floor_spawned":[6],"killed_by":"Gremlin Nob","ascension_level":3}