{"gold_per_floor":[119,134,9,9,9,9,19,32,59,75,75,108,170,196,208,323,335,361,18,36,36,36,36,68,68,145,145,2,18,18,37,37,136,136,146,19,29,0,13,45,45,78,78,97,116,116,133,146,146,146],"floor_reached":51,"playtime":3073,"items_purged":["Strike_R","Barricade"],"score":764,"play_id":"0e3162d4-27c3-4edc-86d3-0da150bfde26","local_time":"20190408174022","is_ascension_mode":true,"campfire_choices":[{"data":"Heavy Blade","floor":6,"key":"SMITH"},{"data":"Pummel","floor":11,"key":"SMITH"},{"floor":15,"key":"REST"},{"floor":23,"key":"REST"},{"floor":25,"key":"REST"},{"floor":27,"key":"REST"},{"data":"Demon Form","floor":32,"key":"SMITH"},{"data":"Flame Barrier","floor":41,"key":"SMITH"},{"floor":49,"key":"REST"}],"neow_cost":"NONE","seed_source_timestamp":18539377286355,"circlet_count":0,"master_deck":["Strike_R+1","Strike_R+1","Strike_R+1","Defend_R+1","Defend_R+1","Defend_R+1","Defend_R+1","Bash","Heavy Blade+1","Heavy Blade","Armaments","Pummel+1","Thunderclap","Clash","Sword Boomerang","Offering","Demon Form+1","Clash","Havoc+1","Battle Trance","Ghostly Armor","Flame Barrier+1","Spot Weakness+1","Shrug It Off","Sword Boomerang+1","Clash","Cleave+1","Seeing Red+1"],"relics":["Black Blood","Orichalcum","Regal Pillow","MawBank","Blood Vial","DollysMirror","Bronze Scales","Bottled Tornado","Ancient Tea Set","Sozu","Red Mask","Mummified Hand","Bird Faced Urn","Paper Frog"],"potions_floor_usage":[16,16,33,33,50],"damage_taken":[{"damage":6,"enemies":"2 Louse","floor":1,"turns":2},{"damage":10,"enemies":"Cultist","floor":2,"turns":4},{"damage":6,"enemies":"Jaw Worm","floor":7,"turns":3},{"damage":8,"enemies":"2 Fungi Beasts","floor":8,"turns":3},{"damage":1,"enemies":"Large Slime","floor":10,"turns":6},{"damage":35,"enemies":"Lagavulin","floor":12,"turns":6},{"damage":20,"enemies":"3 Sentries","floor":13,"turns":6},{"damage":13,"enemies":"Exordium Wildlife","floor":14,"turns":2},{"damage":69,"enemies":"Hexaghost","floor":16,"turns":9},{"damage":49,"enemies":"Shell Parasite","floor":18,"turns":7},{"damage":22,"enemies":"Chosen","floor":20,"turns":6},{"damage":84,"enemies":"Slavers","floor":24,"turns":7},{"damage":15,"enemies":"Snecko","floor":29,"turns":3},{"damage":39,"enemies":"Centurion and Healer","floor":31,"turns":5},{"damage":28,"enemies":"Automaton","floor":33,"turns":6},{"damage":15,"enemies":"Orb Walker","floor":35,"turns":3},{"damage":13,"enemies":"3 Darklings","floor":37,"turns":3},{"damage":0,"enemies":"Transient","floor":39,"turns":5},{"damage":16,"enemies":"Giant Head","floor":40,"turns":5},{"damage":49,"enemies":"Reptomancer","floor":42,"turns":3},{"damage":24,"enemies":"4 Shapes","floor":44,"turns":3},{"damage":20,"enemies":"Spire Growth","floor":45,"turns":4},{"damage":0,"enemies":"Jaw Worm Horde","floor":47,"turns":3},{"damage":7,"enemies":"3 Darklings","floor":48,"turns":3},{"damage":55,"enemies":"Donu and Deca","floor":50,"turns":6}],"seed_played":"-6628144164424494984","potions_obtained":[{"floor":7,"key":"Strength Potion"},{"floor":10,"key":"FearPotion"},{"floor":12,"key":"SkillPotion"},{"floor":14,"key":"Explosive Potion"},{"floor":20,"key":"Dexterity Potion"},{"floor":33,"key":"Block Potion"}],"is_trial":false,"path_per_floor":["M","M","$","?","$","R","M","M","T","M","R","E","?","M","R","B",null,"M","$","M","$","?","R","E","R","T","R","$","M","?","M","R","B",null,"M","$","M","?","M","E","R","E","T","M","M","$","M","M","R","B",null],"character_chosen":"IRONCLAD","items_purchased":["Armaments","Blood Vial","DollysMirror","Ancient Tea Set","Shrug It Off"],"campfire_rested":5,"item_purchase_floors":[3,19,19,28,36],"current_hp_per_floor":[88,84,84,89,89,89,89,87,87,92,92,63,49,42,84,21,93,54,54,44,44,44,86,14,56,56,93,93,88,88,61,61,45,93,88,88,87,87,93,87,87,50,50,40,34,34,48,55,93,50],"gold":146,"neow_bonus":"TEN_PERCENT_HP_BONUS","is_prod":false,"is_daily":false,"chose_seed":false,"campfire_upgraded":4,"win_rate":0,"timestamp":1554759622,"path_taken":["M","M","$","?","$","R","M","M","T","M","R","E","?","M","R","BOSS","M","$","M","$","?","R","E","R","T","R","$","?","?","M","R","BOSS","M","$","M","?","M","E","R","E","T","M","M","$","M","M","R","BOSS"],"build_version":"2019-01-23","purchased_purges":2,"victory":true,"max_hp_per_floor":[88,88,88,93,93,93,93,93,93,93,93,93,93,93,93,93,93,93,93,93,93,93,93,93,93,93,93,93,93,93,93,93,93,93,93,93,93,93,93,93,93,93,93,93,93,93,93,93,93,93],"card_choices":[{"not_picked":["Second Wind","Metallicize"],"picked":"Heavy Blade","floor":1},{"not_picked":["Havoc","Pommel Strike"],"picked":"Heavy Blade","floor":2},{"not_picked":["Clothesline","Corruption"],"picked":"Pummel","floor":7},{"not_picked":["Headbutt","Twin Strike"],"picked":"Thunderclap","floor":8},{"not_picked":["Metallicize","Perfected Strike"],"picked":"Clash","floor":10},{"not_picked":["Shockwave","Clash"],"picked":"Sword Boomerang","floor":12},{"not_picked":["Combust","Heavy Blade"],"picked":"Offering","floor":13},{"not_picked":["Twin Strike","Dropkick","Disarm"],"picked":"SKIP","floor":14},{"not_picked":["Limit Break","Feed"],"picked":"Demon Form","floor":16},{"not_picked":["Fire Breathing+1","Pommel Strike","Cleave"],"picked":"SKIP","floor":18},{"not_picked":["Anger","Flex"],"picked":"Havoc+1","floor":20},{"not_picked":["Second Wind+1","Whirlwind"],"picked":"Ghostly Armor","floor":24},{"not_picked":["Clash","Perfected Strike"],"picked":"Flame Barrier","floor":29},{"not_picked":["Corruption","Armaments","Headbutt"],"picked":"SKIP","floor":31},{"not_picked":["Double Tap","Demon Form"],"picked":"Barricade","floor":33},{"not_picked":["True Grit+1","Wild Strike"],"picked":"Spot Weakness+1","floor":35},{"not_picked":["Searing Blow+1","Rupture+1","Shrug It Off+1"],"picked":"SKIP","floor":37},{"not_picked":["Twin Strike","True Grit"],"picked":"Sword Boomerang+1","floor":39},{"not_picked":["Body Slam+1","Thunderclap"],"picked":"Clash","floor":40},{"not_picked":["Juggernaut","Thunderclap"],"picked":"Cleave+1","floor":42},{"not_picked":["Shrug It Off","Pommel Strike+1","Twin Strike+1"],"picked":"SKIP","floor":44},{"not_picked":["Flex","Sword Boomerang+1","Seeing Red+1"],"picked":"SKIP","floor":45},{"not_picked":["Carnage+1","Twin Strike"],"picked":"Seeing Red+1","floor":47},{"not_picked":["Perfected Strike","Warcry","Wild Strike"],"picked":"SKIP","floor":48}],"player_experience":464897,"relics_obtained":[{"floor":9,"key":"Orichalcum"},{"floor":12,"key":"Regal Pillow"},{"floor":13,"key":"MawBank"},{"floor":24,"key":"Bronze Scales"},{"floor":26,"key":"Bottled Tornado"},{"floor":40,"key":"Mummified Hand"},{"floor":42,"key":"Bird Faced Urn"},{"floor":43,"key":"Paper Frog"}],"event_choices":[{"damage_healed":0,"gold_gain":0,"player_choice":"Donut","damage_taken":0,"max_hp_gain":5,"max_hp_loss":0,"event_name":"Big Fish","floor":4,"gold_loss":0},{"damage_healed":0,"gold_gain":30,"player_choice":"Searched \u00272\u0027 times","damage_taken":0,"max_hp_gain":0,"max_hp_loss":0,"event_name":"Dead Adventurer","floor":13,"gold_loss":0},{"damage_healed":0,"gold_gain":0,"cards_transformed":["Strike_R"],"player_choice":"Transformed","damage_taken":0,"max_hp_gain":0,"max_hp_loss":0,"event_name":"Transmorgrifier","floor":22,"gold_loss":0,"cards_obtained":["Battle Trance"]},{"damage_healed":0,"gold_gain":0,"player_choice":"Simplicity","damage_taken":0,"max_hp_gain":0,"max_hp_loss":0,"event_name":"Back to Basics","floor":30,"gold_loss":0,"cards_upgraded":["Strike_R","Strike_R","Strike_R","Defend_R","Defend_R","Defend_R","Defend_R"]},{"damage_healed":0,"gold_gain":0,"player_choice":"Paid","damage_taken":0,"relics_obtained":["Red Mask"],"max_hp_gain":0,"max_hp_loss":0,"event_name":"Tomb of Lord Red Mask","floor":38,"gold_loss":29}],"is_beta":false,"boss_relics":[{"not_picked":["Astrolabe","Eternal Feather"],"picked":"Black Blood"},{"not_picked":["Philosopher\u0027s Stone","Orrery"],"picked":"Sozu"}],"items_purged_floors":[3,36],"is_endless":false,"potions_floor_spawned":[7,10,12,14,20,33,35,42,45,47],"ascension_level":1}