{"gold_per_floor":[113,113,131,56,56,82,96,96,121,121,141,141,194,209,209,286,286,305,305,305,320,320,320,94,94,145,160,85,110,110,126,126,126],"floor_reached":33,"playtime":549,"items_purged":["Parasite"],"score":726,"play_id":"1dff6070-d453-4920-b44c-763d48c6158e","local_time":"20190316194725","is_ascension_mode":true,"campfire_choices":[{"data":"Immolate","floor":8,"key":"SMITH"},{"data":"Whirlwind","floor":10,"key":"SMITH"},{"data":"Bash","floor":12,"key":"SMITH"},{"data":"Pommel Strike","floor":15,"key":"SMITH"},{"data":"Inflame","floor":23,"key":"SMITH"},{"data":"Flex","floor":25,"key":"SMITH"},{"data":"Reaper","floor":30,"key":"SMITH"},{"data":"Flame Barrier","floor":32,"key":"SMITH"}],"neow_cost":"NONE","seed_source_timestamp":77803328134625,"circlet_count":0,"master_deck":["AscendersBane","Strike_R+1","Strike_R+1","Strike_R+1","Defend_R+1","Defend_R+1","Defend_R+1","Defend_R+1","Bash+1","Pommel Strike+1","Immolate+1","Flame Barrier+1","Whirlwind+1","Dropkick","Reaper+1","Inflame+1","Flex+1"],"relics":["Burning Blood","NeowsBlessing","Bronze Scales","Centennial Puzzle","Red Skull","Cursed Key","Lantern","Anchor","Regal Pillow"],"potions_floor_usage":[16,16,33,33],"damage_taken":[{"damage":0,"enemies":"2 Louse","floor":1,"turns":1},{"damage":0,"enemies":"Cultist","floor":3,"turns":1},{"damage":0,"enemies":"3 Sentries","floor":6,"turns":1},{"damage":12,"enemies":"Small Slimes","floor":7,"turns":2},{"damage":11,"enemies":"Looter","floor":11,"turns":2},{"damage":1,"enemies":"Blue Slaver","floor":14,"turns":3},{"damage":0,"enemies":"Slime Boss","floor":16,"turns":6},{"damage":14,"enemies":"Spheric Guardian","floor":18,"turns":4},{"damage":12,"enemies":"3 Byrds","floor":21,"turns":2},{"damage":2,"enemies":"Snake Plant","floor":27,"turns":2},{"damage":0,"enemies":"Slavers","floor":29,"turns":2},{"damage":20,"enemies":"Shelled Parasite and Fungi","floor":31,"turns":3},{"damage":76,"enemies":"Automaton","floor":33,"turns":6}],"seed_played":"-2130750356649283638","potions_obtained":[{"floor":6,"key":"Swift Potion"},{"floor":7,"key":"SteroidPotion"},{"floor":14,"key":"AttackPotion"},{"floor":27,"key":"LiquidBronze"},{"floor":31,"key":"SkillPotion"}],"is_trial":false,"path_per_floor":["M","?","M","?","?","E","M","R","T","R","M","R","T","M","R","B",null,"M","?","?","M","?","R","$","R","T","M","$","E","R","M","R","B"],"character_chosen":"IRONCLAD","items_purchased":["Lantern","Flex"],"campfire_rested":0,"item_purchase_floors":[24,24],"current_hp_per_floor":[74,74,75,75,52,58,52,52,52,52,47,47,47,52,52,58,71,65,65,65,59,59,59,59,59,59,63,63,69,69,58,58,0],"gold":126,"neow_bonus":"THREE_ENEMY_KILL","is_prod":false,"is_daily":false,"chose_seed":false,"campfire_upgraded":8,"win_rate":0,"timestamp":1552751245,"path_taken":["M","?","?","?","?","E","M","R","T","R","M","R","?","M","R","BOSS","M","?","?","M","?","R","?","R","T","M","$","E","R","M","R","BOSS"],"build_version":"2019-01-23","purchased_purges":1,"victory":false,"max_hp_per_floor":[75,75,75,75,75,75,75,75,75,75,75,75,75,75,75,75,75,75,75,75,75,75,75,75,75,75,75,72,72,72,72,72,72],"card_choices":[{"not_picked":["Pummel","Disarm"],"picked":"Pommel Strike","floor":1},{"not_picked":["Body Slam","Shrug It Off"],"picked":"Flame Barrier","floor":3},{"not_picked":["Wild Strike","Warcry"],"picked":"Whirlwind","floor":6},{"not_picked":["Clothesline","Demon Form","Feel No Pain"],"picked":"SKIP","floor":7},{"not_picked":["Havoc","Warcry","Anger"],"picked":"SKIP","floor":11},{"not_picked":["Disarm","Sword Boomerang"],"picked":"Dropkick","floor":14},{"not_picked":["Fiend Fire","Barricade"],"picked":"Reaper","floor":16},{"not_picked":["Twin Strike","Armaments","Perfected Strike"],"picked":"SKIP","floor":18},{"not_picked":["Infernal Blade","Perfected Strike","Flame Barrier"],"picked":"SKIP","floor":21},{"not_picked":["True Grit","Burning Pact","Second Wind"],"picked":"SKIP","floor":27},{"not_picked":["True Grit","Clash","Body Slam"],"picked":"SKIP","floor":29},{"not_picked":["Iron Wave","Havoc","Dark Embrace"],"picked":"SKIP","floor":31}],"player_experience":746635,"relics_obtained":[{"floor":6,"key":"Bronze Scales"},{"floor":9,"key":"Centennial Puzzle"},{"floor":13,"key":"Red Skull"},{"floor":26,"key":"Anchor"},{"floor":29,"key":"Regal Pillow"}],"event_choices":[{"damage_healed":0,"gold_gain":0,"cards_transformed":["Strike_R"],"player_choice":"Transformed","damage_taken":0,"max_hp_gain":0,"max_hp_loss":0,"event_name":"Transmorgrifier","floor":2,"gold_loss":0,"cards_obtained":["Immolate"]},{"cards_removed":["Strike_R"],"damage_healed":0,"gold_gain":0,"player_choice":"Card Removal","damage_taken":0,"max_hp_gain":0,"max_hp_loss":0,"event_name":"The Cleric","floor":4,"gold_loss":75},{"damage_healed":0,"gold_gain":0,"player_choice":"Entered Light","damage_taken":23,"max_hp_gain":0,"max_hp_loss":0,"event_name":"Shining Light","floor":5,"gold_loss":0,"cards_upgraded":["Defend_R","Defend_R"]},{"damage_healed":0,"gold_gain":0,"player_choice":"Simplicity","damage_taken":0,"max_hp_gain":0,"max_hp_loss":0,"event_name":"Back to Basics","floor":19,"gold_loss":0,"cards_upgraded":["Strike_R","Strike_R","Strike_R","Defend_R","Defend_R"]},{"damage_healed":0,"gold_gain":0,"player_choice":"Read","damage_taken":0,"max_hp_gain":0,"max_hp_loss":0,"event_name":"The Library","floor":20,"gold_loss":0,"cards_obtained":["Inflame"]},{"damage_healed":0,"gold_gain":0,"player_choice":"Ignored","damage_taken":0,"max_hp_gain":0,"max_hp_loss":0,"event_name":"Vampires","floor":22,"gold_loss":0}],"is_beta":false,"boss_relics":[{"not_picked":["Runic Dome","Mark of Pain"],"picked":"Cursed Key"}],"items_purged_floors":[28],"is_endless":false,"potions_floor_spawned":[6,7,14,27,31],"killed_by":"Automaton","ascension_level":20}