{"gold_per_floor":[110,110,129,129,129,129,139,139,139,139,149,159,159,177,177,281,281,297,309,321,332,351,351,351,351,351,364,364,4,4],"floor_reached":30,"playtime":1550,"items_purged":["Strike_G"],"score":274,"play_id":"a746af6e-df8b-43d3-9b5e-b0ec5fddb4aa","local_time":"20180804110920","is_ascension_mode":false,"campfire_choices":[{"floor":6,"key":"REST"},{"floor":8,"key":"REST"},{"data":"Die Die Die","floor":10,"key":"SMITH"},{"data":"Infinite Blades","floor":15,"key":"SMITH"},{"floor":23,"key":"REST"},{"floor":25,"key":"REST"},{"floor":28,"key":"REST"}],"neow_cost":"FIFTY_PERCENT_DAMAGE","seed_source_timestamp":90715400795939,"circlet_count":0,"master_deck":["Defend_G","Defend_G","Defend_G","Defend_G","Defend_G","Strike_G","Strike_G","Strike_G","Strike_G","Survivor","Neutralize","Dagger Throw","Backflip","Die Die Die+1","Outmaneuver","Flying Knee","Infinite Blades+1","Adrenaline","Backflip","PiercingWail+1","Dagger Throw","Choke"],"relics":["Ring of the Snake","FaceOfCleric","Shuriken","Lizard Tail","Bottled Tornado","Toolbox"],"potions_floor_usage":[21,22],"damage_taken":[{"damage":2,"enemies":"Small Slimes","floor":1,"turns":4},{"damage":1,"enemies":"Cultist","floor":3,"turns":4},{"damage":7,"enemies":"2 Louse","floor":7,"turns":2},{"damage":10,"enemies":"Lots of Slimes","floor":11,"turns":2},{"damage":0,"enemies":"Large Slime","floor":12,"turns":4},{"damage":2,"enemies":"Exordium Thugs","floor":14,"turns":3},{"damage":39,"enemies":"Hexaghost","floor":16,"turns":9},{"damage":1,"enemies":"Chosen","floor":18,"turns":4},{"damage":5,"enemies":"Spheric Guardian","floor":19,"turns":3},{"damage":40,"enemies":"Centurion and Healer","floor":20,"turns":5},{"damage":9,"enemies":"Snake Plant","floor":21,"turns":5},{"damage":37,"enemies":"Sentry and Sphere","floor":22,"turns":6},{"damage":47,"enemies":"Centurion and Healer","floor":27,"turns":5},{"damage":128,"enemies":"Chosen and Byrds","floor":30,"turns":9}],"seed_played":"-7615296600335374952","potions_obtained":[{"floor":3,"key":"Block Potion"},{"floor":12,"key":"Regen Potion"},{"floor":18,"key":"Swift Potion"},{"floor":20,"key":"Fire Potion"},{"floor":22,"key":"Ancient Potion"}],"is_trial":false,"path_per_floor":["M","?","M","?","?","R","M","R","T","R","M","M","?","M","R","B",null,"M","M","M","M","M","R","?","R","T","M","R","$"],"character_chosen":"THE_SILENT","items_purchased":["Dagger Throw","Choke","Toolbox"],"campfire_rested":5,"item_purchase_floors":[29,29,29],"current_hp_per_floor":[40,40,39,39,39,64,58,83,83,83,74,75,80,79,79,41,94,94,90,51,43,12,41,41,70,70,24,54,54,0],"gold":4,"neow_bonus":"TWENTY_PERCENT_HP_BONUS","is_prod":false,"is_daily":false,"chose_seed":false,"campfire_upgraded":2,"win_rate":0,"timestamp":1533395360,"path_taken":["M","?","M","?","?","R","?","R","T","R","M","M","?","M","R","BOSS","M","M","M","M","M","R","?","R","T","M","R","$","M"],"build_version":"2018-08-02","purchased_purges":1,"victory":false,"max_hp_per_floor":[84,84,84,84,84,84,85,85,85,85,86,87,92,93,93,94,94,95,96,97,98,99,99,99,99,99,100,100,100,100],"card_choices":[{"not_picked":["PiercingWail","Underhanded Strike"],"picked":"Dagger Throw","floor":1},{"not_picked":["Poisoned Stab","Deflect"],"picked":"Backflip","floor":3},{"not_picked":["Dagger Spray","Dash"],"picked":"Die Die Die","floor":7},{"not_picked":["Backstab","Deadly Poison"],"picked":"Outmaneuver","floor":11},{"not_picked":["Quick Slash","Slice"],"picked":"Flying Knee","floor":12},{"not_picked":["Outmaneuver","Slice"],"picked":"Infinite Blades","floor":14},{"not_picked":["Wraith Form v2","After Image"],"picked":"Adrenaline","floor":16},{"not_picked":["Poisoned Stab+1","PiercingWail"],"picked":"Backflip","floor":18},{"not_picked":["Endless Agony","Dash+1","Deadly Poison"],"picked":"SKIP","floor":19},{"not_picked":["Bane","Backflip"],"picked":"PiercingWail+1","floor":20},{"not_picked":["Terror","Bouncing Flask+1","Quick Slash"],"picked":"SKIP","floor":21},{"not_picked":["Corpse Explosion","Masterful Stab","Predator"],"picked":"SKIP","floor":22},{"not_picked":["Dagger Spray","Choke","Dash+1"],"picked":"SKIP","floor":27}],"player_experience":300500,"relics_obtained":[{"floor":9,"key":"Shuriken"},{"floor":26,"key":"Bottled Tornado"}],"event_choices":[{"event_name":"Liars Game","player_choice":"disagreed","floor":2,"damage_taken":0},{"event_name":"Golden Idol","player_choice":"Ignored","floor":4,"damage_taken":0},{"event_name":"FaceTrader","player_choice":"Trade","floor":5,"damage_taken":0},{"event_name":"Big Fish","player_choice":"Donut","floor":13,"damage_taken":0},{"event_name":"Ghosts","player_choice":"Ignored","floor":24,"damage_taken":0}],"is_beta":false,"boss_relics":[{"not_picked":["Runic Pyramid","Calling Bell"],"picked":"Lizard Tail"}],"items_purged_floors":[29],"is_endless":false,"potions_floor_spawned":[3,12,18,19,20,22],"killed_by":"Chosen and Byrds","ascension_level":0}