{"gold_per_floor":[10,20,34,34,49,49,80,80,154,169,199,199],"floor_reached":12,"playtime":1124,"items_purged":[],"score":90,"play_id":"e0a34708-a0c8-4168-b971-8536908d3008","local_time":"20190218161754","is_ascension_mode":false,"campfire_choices":[{"data":"Seeing Red","floor":6,"key":"SMITH"},{"floor":8,"key":"REST"}],"neow_cost":"NO_GOLD","seed_source_timestamp":219823526069063,"circlet_count":0,"master_deck":["Strike_R","Strike_R","Strike_R","Strike_R","Strike_R","Defend_R","Defend_R","Defend_R","Defend_R","Bash","Shrug It Off","Seeing Red+1","Iron Wave","Iron Wave+1","Thunderclap+1"],"relics":["Burning Blood","Champion Belt","Charon\u0027s Ashes","Molten Egg 2","Dream Catcher"],"potions_floor_usage":[7,7],"damage_taken":[{"damage":2,"enemies":"Cultist","floor":1,"turns":6},{"damage":0,"enemies":"Small Slimes","floor":2,"turns":3},{"damage":0,"enemies":"2 Louse","floor":3,"turns":4},{"damage":11,"enemies":"Lots of Slimes","floor":5,"turns":8},{"damage":86,"enemies":"Lagavulin","floor":7,"turns":17},{"damage":18,"enemies":"Exordium Thugs","floor":10,"turns":6},{"damage":9,"enemies":"Gremlin Nob","floor":11,"turns":5},{"damage":19,"enemies":"Gremlin Gang","floor":12,"turns":3}],"seed_played":"-7798370045860626395","potions_obtained":[{"floor":1,"key":"Regen Potion"},{"floor":2,"key":"Strength Potion"},{"floor":7,"key":"Weak Potion"},{"floor":11,"key":"Fruit Juice"}],"is_trial":false,"path_per_floor":["M","M","M","$","M","R","E","R","T","M","E","M"],"character_chosen":"IRONCLAD","items_purchased":[],"campfire_rested":1,"item_purchase_floors":[],"current_hp_per_floor":[80,80,80,80,75,75,9,33,33,21,18,0],"gold":199,"neow_bonus":"ONE_RARE_RELIC","is_prod":false,"is_daily":false,"chose_seed":false,"campfire_upgraded":1,"win_rate":0.0,"timestamp":1550524674,"path_taken":["M","M","M","$","M","R","E","R","T","M","E","M"],"build_version":"2019-01-23","purchased_purges":0,"victory":false,"max_hp_per_floor":[80,80,80,80,80,80,80,80,80,80,80,80],"card_choices":[{"not_picked":["Second Wind","Heavy Blade"],"picked":"Shrug It Off","floor":1},{"not_picked":["Headbutt","Warcry","Rampage"],"picked":"SKIP","floor":2},{"not_picked":["Corruption","Twin Strike"],"picked":"Seeing Red","floor":3},{"not_picked":["Bloodletting","Burning Pact","Fire Breathing"],"picked":"SKIP","floor":5},{"not_picked":["Twin Strike","Carnage"],"picked":"Iron Wave","floor":7},{"not_picked":["Cleave+1","Pommel Strike+1"],"picked":"Iron Wave+1","floor":10},{"not_picked":["Reckless Charge+1","Cleave+1"],"picked":"Thunderclap+1","floor":11}],"player_experience":18304,"relics_obtained":[{"floor":7,"key":"Charon\u0027s Ashes"},{"floor":9,"key":"Molten Egg 2"},{"floor":11,"key":"Dream Catcher"}],"event_choices":[],"is_beta":false,"boss_relics":[],"items_purged_floors":[],"is_endless":false,"potions_floor_spawned":[1,2,7,11],"killed_by":"Gremlin Gang","ascension_level":0}