{"gold_per_floor":[114,16,31,46,61,76,106,106,156,156,156,171,186,201,201,301,301,316,316,216,231,246,276,276,201,201,201,216,216,231,276,276,376,376,391,224,239,254,269,269,284,284,284,314,329,329,329,344,344,344],"floor_reached":51,"playtime":2720,"items_purged":["Phantasmal Killer","Tools of the Trade","Malaise"],"score":859,"play_id":"fb1a15df-f093-405c-9b18-5a3e50438992","local_time":"20190315235934","daily_mods":["Shiny","Vintage","Terminal"],"is_ascension_mode":false,"campfire_choices":[{"data":"Wraith Form v2","floor":8,"key":"SMITH"},{"data":"Die Die Die","floor":11,"key":"SMITH"},{"data":"Night Terror","floor":15,"key":"SMITH"},{"floor":24,"key":"REST"},{"floor":27,"key":"REST"},{"floor":29,"key":"REST"},{"floor":32,"key":"REST"},{"floor":40,"key":"REST"},{"floor":47,"key":"REST"},{"floor":49,"key":"REST"}],"neow_cost":"","seed_source_timestamp":0,"circlet_count":0,"master_deck":["Venomology","Corpse Explosion","Die Die Die+1","Adrenaline","Envenom","Doppelganger","Burst","Wraith Form v2+1","Night Terror+1","Unload","Bullet Time","Storm of Steel","Glass Knife","A Thousand Cuts","Quick Slash","Envenom+1","Infinite Blades+1","Blade Dance+1","Choke+1"],"special_seed":17971,"relics":["Ring of the Snake","Frozen Egg 2","Question Card","Prayer Wheel","Kunai","Bottled Tornado","Bronze Scales","Oddly Smooth Stone","Bag of Marbles","Gremlin Horn","Pantograph","Fusion Hammer","Happy Flower","Enchiridion","PreservedInsect","Toxic Egg 2","The Courier","Bird Faced Urn","Shuriken","Snake Skull","Tiny Chest","HoveringKite","Letter Opener","Orichalcum","Smiling Mask","Omamori","Blood Vial","Lantern","Nunchaku","Molten Egg 2","Pen Nib"],"potions_floor_usage":[5,7,16,33,33,33,46,48,50],"damage_taken":[{"damage":0,"enemies":"Small Slimes","floor":1,"turns":3},{"damage":0,"enemies":"Cultist","floor":3,"turns":2},{"damage":0,"enemies":"2 Louse","floor":4,"turns":2},{"damage":1,"enemies":"Exordium Thugs","floor":5,"turns":3},{"damage":13,"enemies":"Lots of Slimes","floor":6,"turns":2},{"damage":0,"enemies":"3 Sentries","floor":7,"turns":4},{"damage":0,"enemies":"Exordium Wildlife","floor":12,"turns":3},{"damage":0,"enemies":"Exordium Thugs","floor":13,"turns":4},{"damage":0,"enemies":"Looter","floor":14,"turns":2},{"damage":10,"enemies":"The Guardian","floor":16,"turns":5},{"damage":0,"enemies":"3 Byrds","floor":18,"turns":2},{"damage":0,"enemies":"Spheric Guardian","floor":21,"turns":3},{"damage":15,"enemies":"Centurion and Healer","floor":22,"turns":2},{"damage":0,"enemies":"Slavers","floor":23,"turns":2},{"damage":11,"enemies":"Cultist and Chosen","floor":28,"turns":5},{"damage":0,"enemies":"Shelled Parasite and Fungi","floor":30,"turns":2},{"damage":0,"enemies":"3 Cultists","floor":31,"turns":3},{"damage":31,"enemies":"Champ","floor":33,"turns":7},{"damage":0,"enemies":"Orb Walker","floor":35,"turns":3},{"damage":5,"enemies":"3 Shapes","floor":37,"turns":2},{"damage":0,"enemies":"Jaw Worm Horde","floor":38,"turns":2},{"damage":3,"enemies":"Sphere and 2 Shapes","floor":39,"turns":3},{"damage":4,"enemies":"4 Shapes","floor":41,"turns":2},{"damage":0,"enemies":"Giant Head","floor":44,"turns":6},{"damage":0,"enemies":"Writhing Mass","floor":45,"turns":4},{"damage":0,"enemies":"Maw","floor":46,"turns":1},{"damage":15,"enemies":"Transient","floor":48,"turns":5},{"damage":0,"enemies":"Time Eater","floor":50,"turns":13}],"seed_played":"-7253620270700690117","potions_obtained":[{"floor":3,"key":"Explosive Potion"},{"floor":5,"key":"PowerPotion"},{"floor":7,"key":"Energy Potion"},{"floor":22,"key":"Block Potion"},{"floor":33,"key":"Fire Potion"},{"floor":42,"key":"SmokeBomb"},{"floor":48,"key":"Explosive Potion"}],"is_trial":false,"path_per_floor":["M","$","M","M","M","M","E","R","T","?","R","M","M","M","R","B",null,"M","?","$","M","M","E","R","?","T","R","M","R","M","M","R","B",null,"M","$","M","M","M","R","M","?","T","E","M","M","R","M","R","B",null],"character_chosen":"THE_SILENT","items_purchased":["Quick Slash","Infinite Blades+1","Blade Dance+1"],"campfire_rested":7,"item_purchase_floors":[2,36,36],"current_hp_per_floor":[68,67,66,65,64,51,51,51,51,51,51,51,51,51,51,44,52,51,35,35,35,20,20,33,33,33,42,31,40,39,38,37,12,35,34,33,31,31,28,29,26,26,26,25,24,23,22,7,13,19],"gold":344,"neow_bonus":"","is_prod":false,"is_daily":true,"chose_seed":false,"campfire_upgraded":3,"win_rate":0,"timestamp":1552708774,"path_taken":["M","$","M","M","M","M","E","R","T","?","R","?","M","M","R","BOSS","M","?","$","M","M","E","R","?","T","R","M","R","M","M","R","BOSS","M","$","M","M","M","R","M","?","T","E","?","M","R","M","R","BOSS"],"build_version":"2019-01-23","purchased_purges":3,"victory":true,"max_hp_per_floor":[68,67,66,65,64,63,62,61,60,59,58,57,56,55,54,53,52,51,50,49,48,47,46,45,44,43,42,41,40,39,38,37,36,35,34,33,32,31,30,29,28,27,26,25,24,23,22,21,20,19],"card_choices":[{"not_picked":["Acrobatics","Accuracy+1","Flying Knee","Dagger Spray"],"picked":"SKIP","floor":7},{"not_picked":["Unload","Setup+1","Leg Sweep+1","Poisoned Stab+1"],"picked":"SKIP","floor":23},{"not_picked":["Deadly Poison+1","Backflip+1","After Image+1"],"picked":"Choke+1","floor":44}],"player_experience":413483,"relics_obtained":[{"floor":1,"key":"Frozen Egg 2"},{"floor":3,"key":"Question Card"},{"floor":4,"key":"Prayer Wheel"},{"floor":5,"key":"Kunai"},{"floor":6,"key":"Bottled Tornado"},{"floor":7,"key":"Bronze Scales"},{"floor":9,"key":"Oddly Smooth Stone"},{"floor":12,"key":"Bag of Marbles"},{"floor":13,"key":"Gremlin Horn"},{"floor":14,"key":"Pantograph"},{"floor":18,"key":"Happy Flower"},{"floor":19,"key":"Enchiridion"},{"floor":21,"key":"PreservedInsect"},{"floor":22,"key":"Toxic Egg 2"},{"floor":23,"key":"The Courier"},{"floor":26,"key":"Bird Faced Urn"},{"floor":28,"key":"Shuriken"},{"floor":30,"key":"Snake Skull"},{"floor":31,"key":"Tiny Chest"},{"floor":35,"key":"Letter Opener"},{"floor":37,"key":"Orichalcum"},{"floor":38,"key":"Smiling Mask"},{"floor":39,"key":"Omamori"},{"floor":41,"key":"Blood Vial"},{"floor":43,"key":"Lantern"},{"floor":44,"key":"Nunchaku"},{"floor":45,"key":"Molten Egg 2"},{"floor":48,"key":"Pen Nib"}],"event_choices":[{"damage_healed":0,"gold_gain":0,"cards_transformed":["After Image"],"player_choice":"Transformed","damage_taken":0,"max_hp_gain":0,"max_hp_loss":0,"event_name":"Transmorgrifier","floor":10,"gold_loss":0,"cards_obtained":["Envenom"]},{"damage_healed":0,"gold_gain":0,"player_choice":"Obtained Book","damage_taken":16,"max_hp_gain":0,"max_hp_loss":0,"event_name":"Cursed Tome","floor":19,"gold_loss":0},{"cards_removed":["Grand Finale"],"damage_healed":0,"gold_gain":0,"player_choice":"Gave Gold","damage_taken":0,"max_hp_gain":0,"max_hp_loss":0,"event_name":"Beggar","floor":25,"gold_loss":75},{"damage_healed":0,"gold_gain":0,"player_choice":"Got Potions","damage_taken":0,"max_hp_gain":0,"max_hp_loss":0,"event_name":"Lab","floor":42,"gold_loss":0}],"is_beta":false,"boss_relics":[{"not_picked":["Velvet Choker","Coffee Dripper"],"picked":"Fusion Hammer"},{"not_picked":["Eternal Feather","Runic Pyramid"],"picked":"HoveringKite"}],"items_purged_floors":[2,20,36],"is_endless":false,"potions_floor_spawned":[3,5,7,14,22,28,30,31,33,37,41,46,48],"ascension_level":0}