{"gold_per_floor":[210,224,224,224,240,240,255,271,323,349,367,395,395,345,345,445,445,464,464,714,729,742,742,758,776,776,826,505,575,575,724,724,826,826,845,859,507,557,573,573,587,587,587,139,151,215,215,265,265,265],"floor_reached":50,"playtime":1755,"items_purged":["Defend_R","Defend_R","Strike_R"],"score":583,"play_id":"9fecd3d5-b35d-49e1-8fa0-4a359eea5ea1","local_time":"20180707001402","is_ascension_mode":false,"campfire_choices":[{"data":"Perfected Strike","floor":6,"key":"SMITH"},{"data":"Demon Form","floor":13,"key":"SMITH"},{"data":"Rampage","floor":15,"key":"SMITH"},{"data":"Heavy Blade","floor":23,"key":"SMITH"},{"data":"Perfected Strike","floor":30,"key":"SMITH"},{"data":"Pommel Strike","floor":32,"key":"SMITH"},{"floor":40,"key":"REST"},{"floor":42,"key":"REST"},{"data":"Apotheosis","floor":49,"key":"SMITH"}],"neow_cost":"NONE","seed_source_timestamp":0,"circlet_count":0,"master_deck":["Strike_R","Strike_R","Strike_R","Strike_R","Defend_R","Perfected Strike+1","Demon Form+1","Rampage+1","Pommel Strike","Offering+1","Shrug It Off","Pommel Strike+1","Heavy Blade+1","Perfected Strike+1","Madness","Madness","Perfected Strike+1","Apotheosis+1","Perfected Strike"],"special_seed":17719,"relics":["Burning Blood","Ornamental Fan","Anchor","Lantern","Du-Vu Doll","Mark of Pain","SsserpentHead","Art of War","Bottled Lightning","Velvet Choker","Matryoshka","Vajra","Letter Opener"],"potions_floor_usage":[12,12,12,22,33,41,47,50,50],"damage_taken":[{"damage":8,"enemies":"Jaw Worm","floor":1,"turns":5},{"damage":3,"enemies":"Small Slimes","floor":2,"turns":3},{"damage":2,"enemies":"2 Louse","floor":5,"turns":2},{"damage":21,"enemies":"Blue Slaver","floor":7,"turns":4},{"damage":10,"enemies":"2 Fungi Beasts","floor":8,"turns":3},{"damage":11,"enemies":"3 Sentries","floor":10,"turns":5},{"damage":0,"enemies":"Looter","floor":11,"turns":2},{"damage":0,"enemies":"Gremlin Nob","floor":12,"turns":2},{"damage":4,"enemies":"Slime Boss","floor":16,"turns":5},{"damage":4,"enemies":"2 Thieves","floor":18,"turns":3},{"damage":10,"enemies":"Spheric Guardian","floor":21,"turns":3},{"damage":4,"enemies":"Snake Plant","floor":22,"turns":3},{"damage":4,"enemies":"Chosen and Byrds","floor":24,"turns":4},{"damage":4,"enemies":"Sentry and Sphere","floor":25,"turns":3},{"damage":8,"enemies":"Snecko","floor":29,"turns":3},{"damage":72,"enemies":"Champ","floor":33,"turns":7},{"damage":19,"enemies":"3 Shapes","floor":35,"turns":2},{"damage":4,"enemies":"Orb Walker","floor":36,"turns":2},{"damage":32,"enemies":"4 Shapes","floor":39,"turns":4},{"damage":31,"enemies":"Maw","floor":41,"turns":6},{"damage":10,"enemies":"Sphere and 2 Shapes","floor":45,"turns":3},{"damage":27,"enemies":"3 Darklings","floor":46,"turns":4},{"damage":0,"enemies":"Maw","floor":47,"turns":1},{"damage":70,"enemies":"Donu and Deca","floor":50,"turns":5}],"seed_played":"-5610983590349585426","potions_obtained":[{"floor":5,"key":"BloodPotion"},{"floor":8,"key":"Fire Potion"},{"floor":10,"key":"Explosive Potion"},{"floor":16,"key":"SpeedPotion"},{"floor":18,"key":"AttackPotion"},{"floor":29,"key":"SkillPotion"},{"floor":35,"key":"Energy Potion"},{"floor":36,"key":"SkillPotion"}],"is_trial":false,"path_per_floor":["M","M","?","?","M","R","M","M","T","E","M","E","R","?","R","B",null,"M","?","?","M","M","R","M","M","T","?","$","M","R","?","R","B",null,"M","M","$","?","M","R","M","R","T","$","M","M","M","?","R"],"character_chosen":"IRONCLAD","items_purchased":["Bottled Lightning","Matryoshka","Apotheosis","SmokeBomb","Swift Potion"],"campfire_rested":2,"item_purchase_floors":[28,37,44,44,44],"current_hp_per_floor":[78,80,80,68,72,72,57,53,53,48,54,68,68,68,68,70,80,80,80,80,76,78,78,80,80,80,80,80,78,78,78,78,12,80,67,69,69,59,33,57,32,56,56,56,52,31,37,70,70,0],"gold":265,"neow_bonus":"HUNDRED_GOLD","is_prod":false,"is_daily":false,"chose_seed":false,"campfire_upgraded":7,"win_rate":0.0,"timestamp":1530936842,"path_taken":["M","M","?","?","M","R","M","M","T","E","M","E","R","?","R","BOSS","M","?","?","M","M","R","M","M","T","?","$","?","R","?","R","BOSS","M","M","$","?","M","R","M","R","T","$","M","?","M","?","R","BOSS"],"build_version":"2018-07-05","purchased_purges":3,"victory":false,"max_hp_per_floor":[80,80,80,80,80,80,80,80,80,80,80,80,80,80,80,80,80,80,80,80,80,80,80,80,80,80,80,80,80,80,80,80,80,80,80,80,80,80,80,80,80,80,80,80,80,80,80,70,70,70],"card_choices":[{"not_picked":["Havoc","Rupture"],"picked":"Perfected Strike","floor":1},{"not_picked":["Twin Strike","Whirlwind","Clothesline"],"picked":"SKIP","floor":2},{"not_picked":["Reckless Charge","Clash"],"picked":"Demon Form","floor":5},{"not_picked":["Searing Blow","Ghostly Armor"],"picked":"Rampage","floor":7},{"not_picked":["Twin Strike","Sword Boomerang"],"picked":"Pommel Strike","floor":8},{"not_picked":["Clash","Corruption"],"picked":"Offering","floor":10},{"not_picked":["Power Through","Inflame"],"picked":"Shrug It Off","floor":11},{"not_picked":["Headbutt","Spot Weakness"],"picked":"Pommel Strike","floor":12},{"not_picked":["True Grit","Carnage"],"picked":"Heavy Blade","floor":18},{"not_picked":["Clothesline","Hemokinesis+1","Metallicize"],"picked":"SKIP","floor":21},{"not_picked":["Armaments","Spot Weakness+1","Anger"],"picked":"SKIP","floor":22},{"not_picked":["Juggernaut","Armaments","Heavy Blade"],"picked":"SKIP","floor":24},{"not_picked":["Shockwave","Cleave+1","Bloodletting"],"picked":"SKIP","floor":25},{"not_picked":["Heavy Blade","Body Slam"],"picked":"Perfected Strike","floor":29},{"not_picked":["Evolve","Body Slam+1","Warcry"],"picked":"SKIP","floor":35},{"not_picked":["Clothesline","Flex","Burning Pact+1"],"picked":"SKIP","floor":36},{"not_picked":["Blood for Blood+1","Seeing Red","Flex"],"picked":"SKIP","floor":39},{"not_picked":["Clash+1","Second Wind"],"picked":"Perfected Strike+1","floor":41},{"not_picked":["Cleave+1","Pommel Strike"],"picked":"Perfected Strike","floor":45},{"not_picked":["Feed","Entrench+1","Shrug It Off+1"],"picked":"SKIP","floor":46}],"player_experience":201044,"relics_obtained":[{"floor":9,"key":"Anchor"},{"floor":10,"key":"Lantern"},{"floor":12,"key":"Du-Vu Doll"},{"floor":26,"key":"Art of War"},{"floor":43,"key":"Vajra"},{"floor":43,"key":"Letter Opener"}],"event_choices":[{"event_name":"Living Wall","player_choice":"Forget","floor":3,"damage_taken":0},{"event_name":"Scrap Ooze","player_choice":"success","floor":4,"damage_taken":12},{"event_name":"The Cleric","player_choice":"Card Removal","floor":14,"damage_taken":0},{"event_name":"FaceTrader","player_choice":"Trade","floor":19,"damage_taken":0},{"event_name":"The Joust","player_choice":"Bet on Owner","floor":20,"damage_taken":0},{"event_name":"Upgrade Shrine","player_choice":"Upgraded","floor":27,"damage_taken":0},{"event_name":"Nest","player_choice":"Stole From Cult","floor":31,"damage_taken":0},{"event_name":"Winding Halls","player_choice":"Embrace Madness","floor":38,"damage_taken":0},{"event_name":"The Moai Head","player_choice":"Heal","floor":48,"damage_taken":0}],"boss_relics":[{"not_picked":["Tiny House","Eternal Feather"],"picked":"Mark of Pain"},{"not_picked":["Cursed Key","Astrolabe"],"picked":"Velvet Choker"}],"items_purged_floors":[28,37,44],"is_endless":false,"potions_floor_spawned":[5,8,10,16,18,29,35,36,39,46,47],"killed_by":"Donu and Deca","ascension_level":0}