{"gold_per_floor":[117,35,50,63,77,77,106,106,162,181,201,221,221,238,238,337,337,311,311,323,338,354,354,364,364,364,364],"floor_reached":27,"playtime":1237,"items_purged":[],"score":221,"play_id":"149de053-1f03-4b33-8762-975e7bb70c62","local_time":"20180730200639","is_ascension_mode":false,"campfire_choices":[{"floor":6,"key":"REST"},{"data":"Zap","floor":15,"key":"SMITH"},{"floor":23,"key":"REST"},{"data":"Scrape","floor":25,"key":"SMITH"}],"neow_cost":"NONE","seed_source_timestamp":126311165760711,"circlet_count":0,"master_deck":["Strike_B","Strike_B","Strike_B","Strike_B","Defend_B","Defend_B","Defend_B","Defend_B","Zap+1","Dualcast","Cold Snap","Lockon","Streamline","Leap","Ball Lightning","Static Discharge","Gash","Coolheaded","Gash","Core Surge","Scrape+1","Gash","Steam"],"relics":["FrozenCore","Blood Vial","Tiny Chest","Dream Catcher","Question Card"],"potions_floor_usage":[16],"damage_taken":[{"damage":6,"enemies":"Small Slimes","floor":1,"turns":3},{"damage":2,"enemies":"Cultist","floor":3,"turns":4},{"damage":4,"enemies":"2 Louse","floor":4,"turns":2},{"damage":8,"enemies":"Looter","floor":5,"turns":3},{"damage":11,"enemies":"Gremlin Nob","floor":7,"turns":4},{"damage":3,"enemies":"Exordium Wildlife","floor":10,"turns":3},{"damage":15,"enemies":"3 Louse","floor":11,"turns":3},{"damage":9,"enemies":"Large Slime","floor":12,"turns":5},{"damage":12,"enemies":"Exordium Wildlife","floor":14,"turns":4},{"damage":33,"enemies":"Hexaghost","floor":16,"turns":8},{"damage":29,"enemies":"2 Thieves","floor":18,"turns":5},{"damage":13,"enemies":"Shell Parasite","floor":20,"turns":6},{"damage":23,"enemies":"Centurion and Healer","floor":21,"turns":6},{"damage":36,"enemies":"Snecko","floor":22,"turns":7},{"damage":38,"enemies":"Snake Plant","floor":24,"turns":4},{"damage":6,"enemies":"Sentry and Sphere","floor":27,"turns":2}],"seed_played":"-172875215539825177","potions_obtained":[{"floor":1,"key":"FocusPotion"},{"floor":7,"key":"Fire Potion"},{"floor":11,"key":"Dexterity Potion"},{"floor":18,"key":"SteroidPotion"}],"is_trial":false,"path_per_floor":["M","$","M","M","M","R","E","?","T","M","M","M","?","M","R","B",null,"M","?","M","M","M","R","M","R","T"],"character_chosen":"DEFECT","items_purchased":["Lockon"],"campfire_rested":2,"item_purchase_floors":[2],"current_hp_per_floor":[76,76,74,70,62,82,71,71,71,70,57,50,50,40,40,9,82,53,80,69,48,14,38,2,2,2,0],"gold":364,"neow_bonus":"TEN_PERCENT_HP_BONUS","is_prod":false,"is_daily":false,"chose_seed":false,"campfire_upgraded":2,"win_rate":0.0,"timestamp":1532995599,"path_taken":["M","$","M","M","M","R","E","?","T","M","?","M","?","M","R","BOSS","M","?","M","M","M","R","M","R","T","M"],"build_version":"2018-07-26","purchased_purges":0,"victory":false,"max_hp_per_floor":[82,82,82,82,82,82,82,82,82,82,82,82,82,82,82,82,82,82,82,82,82,82,82,82,82,82,82],"card_choices":[{"not_picked":["Self Repair","Double Energy"],"picked":"Cold Snap","floor":1},{"not_picked":["Redo","Stack"],"picked":"Streamline","floor":3},{"not_picked":["Consume","Go for the Eyes"],"picked":"Leap","floor":4},{"not_picked":["Streamline","Cold Snap"],"picked":"Ball Lightning","floor":5},{"not_picked":["Steam Power","Streamline"],"picked":"Static Discharge","floor":7},{"not_picked":["Redo","Beam Cell","Compile Driver"],"picked":"SKIP","floor":10},{"not_picked":["Fission","White Noise"],"picked":"Gash","floor":11},{"not_picked":["Darkness","Streamline"],"picked":"Coolheaded","floor":12},{"not_picked":["Steam","Sweeping Beam"],"picked":"Gash","floor":14},{"not_picked":["Creative AI","Machine Learning"],"picked":"Core Surge","floor":16},{"not_picked":["Melter","Steam Power+1"],"picked":"Scrape","floor":18},{"not_picked":["Coolheaded","Turbo","Recycle"],"picked":"SKIP","floor":20},{"not_picked":["Chill+1","Heatsinks"],"picked":"Gash","floor":21},{"not_picked":["Streamline+1","Darkness+1"],"picked":"Steam","floor":22},{"not_picked":["Blizzard","Rip and Tear","Doom and Gloom"],"picked":"SKIP","floor":24}],"player_experience":296003,"relics_obtained":[{"floor":7,"key":"Blood Vial"},{"floor":9,"key":"Tiny Chest"},{"floor":26,"key":"Question Card"}],"event_choices":[{"event_name":"Golden Idol","player_choice":"Ignored","floor":8,"damage_taken":0},{"event_name":"Wheel of Change","player_choice":"Relic","floor":13,"damage_taken":0},{"event_name":"The Library","player_choice":"Heal","floor":19,"damage_taken":0}],"is_beta":false,"boss_relics":[{"not_picked":["Runic Dome","Sozu"],"picked":"FrozenCore"}],"items_purged_floors":[],"is_endless":false,"potions_floor_spawned":[1,7,11,18,20],"killed_by":"Sentry and Sphere","ascension_level":0}