{"path_per_floor":["M","?","?","M","M","R","M","?","T","$","R","M","?","M","R","B",null,"M","?","$","M","M","R","M","R","T","R","M","$","M","M","R"],"character_chosen":"DEFECT","items_purchased":["Static Discharge"],"gold_per_floor":[115,75,75,88,104,104,120,85,85,10,10,24,24,36,36,140,140,152,152,77,92,111,111,130,130,130,130,141,41,41,59,59,59],"floor_reached":33,"campfire_rested":6,"playtime":1958,"item_purchase_floors":[10],"current_hp_per_floor":[75,75,60,59,56,75,70,70,70,70,70,46,43,32,54,35,75,67,67,67,47,29,51,41,63,63,75,67,67,59,52,74,0],"items_purged":["Defend_B","Dualcast"],"gold":59,"score":241,"play_id":"1adcd871-42a9-401e-8d22-1c356a71162f","local_time":"20180619163028","is_prod":false,"is_daily":false,"chose_seed":false,"is_ascension_mode":false,"campfire_upgraded":1,"win_rate":0.0,"timestamp":1529440228,"campfire_choices":[{"floor":6,"key":"REST"},{"data":"Static Discharge","floor":11,"key":"SMITH"},{"floor":15,"key":"REST"},{"floor":23,"key":"REST"},{"floor":25,"key":"REST"},{"floor":27,"key":"REST"},{"floor":32,"key":"REST"}],"path_taken":["M","?","?","M","M","R","M","?","T","$","R","?","?","M","R","BOSS","M","?","?","M","M","R","M","R","T","R","M","$","M","M","R","BOSS"],"build_version":"2018-06-14v2","seed_source_timestamp":329931468063272,"purchased_purges":2,"victory":false,"master_deck":["Strike_B","Strike_B+1","Strike_B","Strike_B","Defend_B","Defend_B","Zap","Redo+1","Rebound","Genetic Algorithm","Static Discharge+1","Streamline","Static Discharge","Core Surge","White Noise+1","Tempest+1","Ball Lightning+1","Auto Shields+1"],"max_hp_per_floor":[75,75,75,75,75,75,75,75,75,75,75,75,75,75,75,75,75,75,75,75,75,75,75,75,75,75,75,75,75,75,75,75,75],"relics":["Cracked Core","Question Card","Toxic Egg 2","Sozu","Meat on the Bone"],"card_choices":[{"not_picked":["Beam Cell","Doom and Gloom"],"picked":"Redo","floor":0},{"not_picked":["Go for the Eyes","Recycle","Gash"],"picked":"SKIP","floor":1},{"not_picked":["Steam","Go for the Eyes","Conserve Battery"],"picked":"SKIP","floor":4},{"not_picked":["Turbo","Steam"],"picked":"Rebound","floor":5},{"not_picked":["Cold Snap","Self Repair"],"picked":"Genetic Algorithm","floor":7},{"not_picked":["Aggregate","Rip and Tear","Blizzard"],"picked":"Streamline","floor":12},{"not_picked":["Skim+1","Amplify+1","Tempest+1"],"picked":"Static Discharge","floor":14},{"not_picked":["Hyperbeam","Echo Form","Machine Learning"],"picked":"Core Surge","floor":16},{"not_picked":["Compile Driver","Doom and Gloom","Turbo+1"],"picked":"White Noise+1","floor":18},{"not_picked":["Heatsinks","Beam Cell+1","Go for the Eyes"],"picked":"Tempest+1","floor":21},{"not_picked":["Compile Driver","Coolheaded+1","Steam+1"],"picked":"Ball Lightning+1","floor":22},{"not_picked":["Stack+1","Streamline","Steam Power+1","Tempest+1"],"picked":"SKIP","floor":24},{"not_picked":["Chill+1","Leap+1","Fusion+1"],"picked":"Auto Shields+1","floor":28},{"not_picked":["Heatsinks","Hologram+1","Blizzard","Meteor Strike"],"picked":"SKIP","floor":31}],"player_experience":125904,"potions_floor_usage":[7,16,16,16,16,28,30],"damage_taken":[{"damage":0,"enemies":"2 Louse","floor":1,"turns":3},{"damage":1,"enemies":"Cultist","floor":4,"turns":3},{"damage":3,"enemies":"Small Slimes","floor":5,"turns":3},{"damage":5,"enemies":"Looter","floor":7,"turns":2},{"damage":24,"enemies":"Large Slime","floor":12,"turns":4},{"damage":11,"enemies":"Blue Slaver","floor":14,"turns":3},{"damage":31,"enemies":"Hexaghost","floor":16,"turns":4},{"damage":8,"enemies":"Chosen","floor":18,"turns":4},{"damage":20,"enemies":"Spheric Guardian","floor":21,"turns":3},{"damage":18,"enemies":"Chosen and Byrds","floor":22,"turns":3},{"damage":10,"enemies":"Sentry and Sphere","floor":24,"turns":3},{"damage":12,"enemies":"Snake Plant","floor":28,"turns":3},{"damage":8,"enemies":"Centurion and Healer","floor":30,"turns":2},{"damage":7,"enemies":"Chosen and Byrds","floor":31,"turns":3},{"damage":87,"enemies":"Champ","floor":33,"turns":7}],"relics_obtained":[{"floor":9,"key":"Question Card"},{"floor":26,"key":"Meat on the Bone"}],"event_choices":[{"event_name":"The Woman in Blue","player_choice":"Bought 3 Potions","floor":2,"damage_taken":0},{"event_name":"Shining Light","player_choice":"Entered Light","floor":3,"damage_taken":0},{"event_name":"World of Goop","player_choice":"Left","floor":8,"damage_taken":0},{"event_name":"Scrap Ooze","player_choice":"success","floor":13,"damage_taken":3},{"event_name":"Bonfire Elementals","player_choice":"BASIC","floor":19,"damage_taken":0}],"boss_relics":[{"not_picked":["Cursed Key","Snecko Eye"],"picked":"Sozu"}],"items_purged_floors":[20,29],"is_endless":false,"potions_floor_spawned":[7,12,14,16,18,22,30,31],"seed_played":"-5275334201075762734","killed_by":"Champ","ascension_level":0,"potions_obtained":[{"floor":2,"key":"Strength Potion"},{"floor":2,"key":"EntropicBrew"},{"floor":2,"key":"SmokeBomb"},{"floor":7,"key":"GamblersBrew"},{"floor":14,"key":"Fire Potion"},{"floor":16,"key":"Regen Potion"}],"is_trial":false}