{"gold_per_floor":[119,44,44,58,72,72,72,72,72,96,96,96,117,135,135,266,304,317,24,38,51,51,51,51,76,147,147,171,171],"floor_reached":29,"playtime":1344,"items_purged":["Strike_G","Strike_G"],"score":217,"play_id":"117360e1-2bda-4136-9b96-ab86c6a2fa74","local_time":"20180714223410","is_ascension_mode":false,"campfire_choices":[{"data":"Infinite Blades","floor":6,"key":"SMITH"},{"data":"Dagger Throw","floor":8,"key":"SMITH"},{"floor":11,"key":"REST"},{"data":"Survivor","floor":15,"key":"SMITH"},{"floor":23,"key":"REST"},{"floor":27,"key":"REST"}],"neow_cost":"NONE","seed_source_timestamp":43903966464727,"circlet_count":0,"master_deck":["Defend_G","Defend_G","Defend_G","Defend_G","Defend_G","Strike_G","Strike_G","Strike_G+1","Survivor+1","Neutralize","Dagger Throw+1","Infinite Blades+1","Backflip","Dagger Throw","Flying Knee","Envenom","Dash","Bane+1","Bane+1","Concentrate","Dagger Throw"],"relics":["Ring of the Snake","Golden Idol","Ornamental Fan","Bottled Lightning","Tiny House","DollysMirror","Frozen Egg 2"],"potions_floor_usage":[16],"damage_taken":[{"damage":5,"enemies":"2 Louse","floor":1,"turns":3},{"damage":0,"enemies":"Small Slimes","floor":4,"turns":3},{"damage":7,"enemies":"Jaw Worm","floor":5,"turns":5},{"damage":8,"enemies":"Lots of Slimes","floor":10,"turns":5},{"damage":2,"enemies":"Blue Slaver","floor":13,"turns":4},{"damage":7,"enemies":"2 Fungi Beasts","floor":14,"turns":3},{"damage":27,"enemies":"Hexaghost","floor":16,"turns":10},{"damage":15,"enemies":"Chosen","floor":18,"turns":5},{"damage":9,"enemies":"3 Byrds","floor":20,"turns":7},{"damage":50,"enemies":"Sentry and Sphere","floor":21,"turns":8},{"damage":19,"enemies":"3 Cultists","floor":25,"turns":6},{"damage":32,"enemies":"Centurion and Healer","floor":28,"turns":9},{"damage":14,"enemies":"Slaver and Parasite","floor":29,"turns":1}],"seed_played":"-4905870710882737560","potions_obtained":[{"floor":4,"key":"AttackPotion"},{"floor":5,"key":"Strength Potion"},{"floor":10,"key":"LiquidBronze"},{"floor":16,"key":"FearPotion"}],"is_trial":false,"path_per_floor":["M","$","?","M","M","R","?","R","T","M","R","T","M","M","R","B",null,"M","$","M","M","?","R","$","M","T","R","M"],"character_chosen":"THE_SILENT","items_purchased":["DollysMirror"],"campfire_rested":3,"item_purchase_floors":[19],"current_hp_per_floor":[72,72,71,71,64,64,69,69,69,61,76,76,74,67,67,40,81,66,66,57,7,7,31,31,12,12,36,4,0],"gold":171,"neow_bonus":"TEN_PERCENT_HP_BONUS","is_prod":false,"is_daily":false,"chose_seed":false,"campfire_upgraded":3,"win_rate":0,"timestamp":1531622050,"path_taken":["M","$","?","?","M","R","?","R","T","M","R","?","M","?","R","BOSS","M","$","M","M","?","R","$","M","T","R","M","M"],"build_version":"2018-07-12","purchased_purges":2,"victory":false,"max_hp_per_floor":[77,77,71,71,71,71,76,76,76,76,76,76,76,76,76,76,81,81,81,81,81,81,81,81,81,81,81,81,81],"card_choices":[{"not_picked":["Flechettes","Deflect"],"picked":"Dagger Throw","floor":1},{"not_picked":["Accuracy","Underhanded Strike"],"picked":"Infinite Blades","floor":4},{"not_picked":["Deadly Poison","Deflect"],"picked":"Backflip","floor":5},{"not_picked":["Quick Slash","Tactician"],"picked":"Dagger Throw","floor":10},{"not_picked":["Dagger Throw","Infinite Blades"],"picked":"Flying Knee","floor":13},{"not_picked":["Slice","Setup","Sucker Punch"],"picked":"SKIP","floor":14},{"not_picked":["Die Die Die","A Thousand Cuts"],"picked":"Envenom","floor":16},{"not_picked":["Flechettes","Dagger Throw"],"picked":"Dash","floor":17},{"not_picked":["Concentrate+1","PiercingWail"],"picked":"Bane+1","floor":18},{"not_picked":["Prepared","Reflex","Concentrate"],"picked":"SKIP","floor":20},{"not_picked":["Deadly Poison","PiercingWail","Underhanded Strike"],"picked":"SKIP","floor":21},{"not_picked":["Flying Knee","Predator"],"picked":"Concentrate","floor":25},{"not_picked":["Setup","Blur"],"picked":"Dagger Throw","floor":28}],"player_experience":249025,"relics_obtained":[{"floor":9,"key":"Ornamental Fan"},{"floor":12,"key":"Bottled Lightning"},{"floor":26,"key":"Frozen Egg 2"}],"event_choices":[{"event_name":"Golden Idol","player_choice":"Lose Max HP","floor":3,"damage_taken":0},{"event_name":"Big Fish","player_choice":"Donut","floor":7,"damage_taken":0},{"event_name":"Addict","player_choice":"Ignored","floor":22,"damage_taken":0}],"boss_relics":[{"not_picked":["Black Star","Coffee Dripper"],"picked":"Tiny House"}],"items_purged_floors":[2,19],"is_endless":false,"potions_floor_spawned":[4,5,10,16,20,28],"killed_by":"Slaver and Parasite","ascension_level":0}