{"gold_per_floor":[110,110,121,296,217,217,234,234,234,245,200,184,184,201,201,306,306,325,313,22,36,36,36,52,52,52,71,71,90,20,20,20,115,115,131,148,148,164,164],"floor_reached":39,"playtime":4637,"items_purged":[],"score":425,"play_id":"522ff6e0-fb89-4f8b-ae04-67b31e23548e","local_time":"20190218030956","is_ascension_mode":false,"campfire_choices":[{"data":"Sword Boomerang","floor":6,"key":"SMITH"},{"data":"Pommel Strike","floor":8,"key":"SMITH"},{"data":"Armaments","floor":13,"key":"SMITH"},{"data":"Metallicize","floor":15,"key":"SMITH"},{"floor":23,"key":"REST"},{"data":"Inflame","floor":25,"key":"SMITH"},{"floor":28,"key":"REST"},{"data":"Double Tap","floor":32,"key":"SMITH"}],"neow_cost":"","seed_source_timestamp":169029039214833,"circlet_count":0,"master_deck":["Strike_R","Strike_R+1","Strike_R","Strike_R","Strike_R+1","Defend_R","Defend_R","Defend_R","Defend_R","Bash","Shrug It Off","Sword Boomerang+1","Doubt","Body Slam","Pommel Strike+1","Metallicize+1","Armaments+1","Cleave","True Grit","Iron Wave","Double Tap+1","Body Slam+1","Second Wind","Inflame+1","Shrug It Off","True Grit","Rupture","Swift Strike","Body Slam","Rupture+1","Thunderclap","Offering","Impervious","Body Slam+1","Headbutt+1","Pommel Strike","Bash","Parasite","True Grit"],"relics":["Burning Blood","Bag of Preparation","Pear","Busted Crown","Whetstone","Paper Frog","Cursed Key"],"potions_floor_usage":[16,33,33],"damage_taken":[{"damage":7,"enemies":"2 Louse","floor":1,"turns":3},{"damage":7,"enemies":"Small Slimes","floor":3,"turns":4},{"damage":5,"enemies":"Jaw Worm","floor":7,"turns":5},{"damage":4,"enemies":"Red Slaver","floor":10,"turns":6},{"damage":3,"enemies":"Looter","floor":11,"turns":5},{"damage":14,"enemies":"Exordium Thugs","floor":12,"turns":6},{"damage":13,"enemies":"Red Slaver","floor":14,"turns":4},{"damage":59,"enemies":"The Guardian","floor":16,"turns":18},{"damage":9,"enemies":"Shell Parasite","floor":18,"turns":8},{"damage":13,"enemies":"2 Thieves","floor":19,"turns":4},{"damage":3,"enemies":"Centurion and Healer","floor":21,"turns":9},{"damage":15,"enemies":"Shelled Parasite and Fungi","floor":24,"turns":6},{"damage":22,"enemies":"Snake Plant","floor":27,"turns":7},{"damage":17,"enemies":"Snecko","floor":29,"turns":7},{"damage":101,"enemies":"Champ","floor":33,"turns":15},{"damage":9,"enemies":"Orb Walker","floor":35,"turns":3},{"damage":16,"enemies":"3 Shapes","floor":36,"turns":4},{"damage":39,"enemies":"Writhing Mass","floor":38,"turns":6},{"damage":48,"enemies":"4 Shapes","floor":39,"turns":6}],"seed_played":"-7495909429001787294","potions_obtained":[{"floor":7,"key":"LiquidBronze"},{"floor":12,"key":"GamblersBrew"},{"floor":21,"key":"Fire Potion"},{"floor":24,"key":"LiquidBronze"},{"floor":31,"key":"FairyPotion"},{"floor":35,"key":"AttackPotion"}],"is_trial":false,"path_per_floor":["M","?","M","?","$","R","M","R","T","M","M","M","R","M","R","B",null,"M","M","$","M","?","R","M","R","T","M","R","M","$","?","R","B",null,"M","M","?","M","M"],"character_chosen":"IRONCLAD","items_purchased":["Body Slam","Pommel Strike","Inflame","Shrug It Off","True Grit","Whetstone","Offering"],"campfire_rested":2,"item_purchase_floors":[5,5,20,20,20,20,30],"current_hp_per_floor":[79,76,75,75,75,75,76,76,86,88,90,82,82,75,75,22,90,87,80,80,83,65,90,81,81,81,65,90,79,79,79,79,15,90,87,77,77,44,0],"gold":164,"neow_bonus":"","is_prod":false,"is_daily":false,"chose_seed":false,"campfire_upgraded":6,"win_rate":0.0,"timestamp":1550477396,"path_taken":["M","?","M","?","$","R","M","R","T","M","M","M","R","M","R","BOSS","M","M","$","M","?","R","M","R","T","M","R","?","$","?","R","BOSS","M","M","?","M","?"],"build_version":"2019-01-23","purchased_purges":0,"victory":false,"max_hp_per_floor":[80,80,80,80,80,80,80,80,90,90,90,90,90,90,90,90,90,90,90,90,90,90,90,90,90,90,90,90,90,90,90,90,90,90,90,90,90,90,90],"card_choices":[{"not_picked":["Disarm","Flex"],"picked":"Shrug It Off","floor":1},{"not_picked":["True Grit","Clash"],"picked":"Sword Boomerang","floor":3},{"not_picked":["Clash","Hemokinesis"],"picked":"Metallicize","floor":7},{"not_picked":["Clash","Entrench"],"picked":"Armaments","floor":10},{"not_picked":["Sword Boomerang","Shockwave"],"picked":"Cleave","floor":11},{"not_picked":["Warcry","Dark Embrace"],"picked":"True Grit","floor":12},{"not_picked":["Reckless Charge","Perfected Strike"],"picked":"Iron Wave","floor":14},{"not_picked":["Feed","Impervious"],"picked":"Double Tap","floor":16},{"not_picked":[],"picked":"Body Slam+1","floor":18},{"not_picked":[],"picked":"Second Wind","floor":19},{"not_picked":[],"picked":"Rupture","floor":21},{"not_picked":[],"picked":"Body Slam","floor":24},{"not_picked":[],"picked":"Rupture+1","floor":27},{"not_picked":[],"picked":"Thunderclap","floor":29},{"not_picked":[],"picked":"Impervious","floor":33},{"not_picked":[],"picked":"Body Slam+1","floor":35},{"not_picked":[],"picked":"Headbutt+1","floor":36},{"not_picked":[],"picked":"True Grit","floor":38}],"player_experience":0,"relics_obtained":[{"floor":9,"key":"Pear"},{"floor":26,"key":"Paper Frog"}],"event_choices":[{"damage_healed":0,"gold_gain":0,"player_choice":"Success","damage_taken":3,"relics_obtained":["Bag of Preparation"],"max_hp_gain":0,"max_hp_loss":0,"event_name":"Scrap Ooze","floor":2,"gold_loss":0},{"damage_healed":0,"gold_gain":175,"player_choice":"AGREE","damage_taken":0,"max_hp_gain":0,"max_hp_loss":0,"event_name":"Liars Game","floor":4,"gold_loss":0,"cards_obtained":["Doubt"]},{"damage_healed":0,"gold_gain":0,"player_choice":"CARD ","damage_taken":18,"max_hp_gain":0,"max_hp_loss":0,"event_name":"Knowing Skull","floor":22,"potions_obtained":[],"gold_loss":0,"cards_obtained":["Swift Strike"]},{"damage_healed":0,"gold_gain":0,"player_choice":"Got Potions","damage_taken":0,"max_hp_gain":0,"max_hp_loss":0,"event_name":"Lab","floor":31,"gold_loss":0},{"damage_healed":0,"gold_gain":0,"player_choice":"2 cards matched","damage_taken":0,"max_hp_gain":0,"max_hp_loss":0,"event_name":"Match and Keep!","floor":37,"gold_loss":0,"cards_obtained":["Pommel Strike","Bash"]}],"is_beta":false,"boss_relics":[{"not_picked":["Runic Cube","Orrery"],"picked":"Busted Crown"},{"not_picked":["Philosopher\u0027s Stone","Eternal Feather"],"picked":"Cursed Key"}],"items_purged_floors":[],"is_endless":false,"potions_floor_spawned":[7,12,21,24,35],"killed_by":"4 Shapes","ascension_level":0}