{"gold_per_floor":[114,114,125,125,140,140,160,186,238,238,238],"floor_reached":11,"playtime":507,"items_purged":[],"score":79,"play_id":"cc4761b9-c3e6-4b5a-976b-5660bca35df9","local_time":"20190316022318","is_ascension_mode":true,"campfire_choices":[{"floor":6,"key":"RECALL"}],"neow_cost":"NONE","seed_source_timestamp":195153800976956,"circlet_count":0,"master_deck":["Strike_B","Strike_B","Defend_B","Defend_B","Defend_B","Defend_B","Zap","Dualcast","Defragment","Redo","Conserve Battery","Consume"],"relics":["Cracked Core","NeowsBlessing","Kunai"],"potions_floor_usage":[8,10,11],"damage_taken":[{"damage":0,"enemies":"2 Louse","floor":1,"turns":1},{"damage":0,"enemies":"Small Slimes","floor":3,"turns":1},{"damage":0,"enemies":"Cultist","floor":5,"turns":1},{"damage":27,"enemies":"Gremlin Gang","floor":7,"turns":5},{"damage":16,"enemies":"3 Sentries","floor":8,"turns":7},{"damage":0,"enemies":"Large Slime","floor":10,"turns":1},{"damage":37,"enemies":"Gremlin Nob","floor":11,"turns":4}],"seed_played":"7475851585653331401","potions_obtained":[{"floor":1,"key":"SmokeBomb"},{"floor":3,"key":"Block Potion"},{"floor":5,"key":"Fire Potion"}],"is_trial":false,"path_per_floor":["M","?","M","?","M","R","M","E","T","M","E"],"character_chosen":"DEFECT","items_purchased":[],"campfire_rested":0,"item_purchase_floors":[],"current_hp_per_floor":[75,68,68,68,68,68,41,25,25,25,0],"gold":238,"neow_bonus":"THREE_ENEMY_KILL","is_prod":false,"is_daily":false,"chose_seed":false,"campfire_upgraded":0,"win_rate":0,"timestamp":1552717398,"path_taken":["M","?","M","?","M","R","?","E","T","?","E"],"build_version":"2019-01-23","purchased_purges":0,"victory":false,"max_hp_per_floor":[75,75,75,75,75,75,75,75,75,75,75],"card_choices":[{"not_picked":["Compile Driver","Hologram"],"picked":"Defragment","floor":1},{"not_picked":["Doom and Gloom","Hologram"],"picked":"Redo","floor":3},{"not_picked":["Steam Power","Redo","Cold Snap"],"picked":"SKIP","floor":5},{"not_picked":["Tempest","Beam Cell"],"picked":"Conserve Battery","floor":7},{"not_picked":["Doom and Gloom","Aggregate"],"picked":"Consume","floor":8}],"player_experience":150874,"relics_obtained":[{"floor":8,"key":"Kunai"}],"event_choices":[{"cards_removed":["Strike_B"],"damage_healed":0,"gold_gain":0,"player_choice":"Card Removal","damage_taken":7,"max_hp_gain":0,"max_hp_loss":0,"event_name":"Golden Wing","floor":2,"gold_loss":0},{"cards_removed":["Strike_B"],"damage_healed":0,"gold_gain":0,"player_choice":"Offered Basic","damage_taken":0,"max_hp_gain":0,"max_hp_loss":0,"event_name":"Bonfire Elementals","floor":4,"gold_loss":0}],"is_beta":false,"boss_relics":[],"items_purged_floors":[],"is_endless":false,"potions_floor_spawned":[1,3,5],"killed_by":"Gremlin Nob","ascension_level":1}