{"gold_per_floor":[114,34,34,34,44,44,44,44,44,44,61,75,86,104,104,207,207,227,237,10,28,28,28,39,39,62,62,78,78,78,90,90,90],"floor_reached":33,"playtime":662,"items_purged":["Regret"],"score":264,"play_id":"243cbd44-4699-4f68-aa06-f8c4179c2ff8","local_time":"20190312001543","is_ascension_mode":false,"campfire_choices":[{"data":"Searing Blow","floor":6,"key":"SMITH"},{"data":"Searing Blow+1","floor":8,"key":"SMITH"},{"data":"Searing Blow+2","floor":10,"key":"SMITH"},{"data":"Searing Blow+3","floor":15,"key":"SMITH"},{"data":"Searing Blow+4","floor":23,"key":"SMITH"},{"data":"Searing Blow+5","floor":25,"key":"SMITH"},{"data":"Searing Blow+6","floor":27,"key":"SMITH"},{"data":"Searing Blow+7","floor":29,"key":"SMITH"},{"data":"Searing Blow+8","floor":32,"key":"SMITH"}],"neow_cost":"NONE","seed_source_timestamp":85929740278639,"circlet_count":0,"master_deck":["Strike_R","Strike_R","Strike_R","Strike_R","Defend_R","Defend_R","Defend_R","Defend_R","Bash","Inflame","Searing Blow+9","Thunderclap","Uppercut+1","Pommel Strike+1","Shame"],"relics":["Burning Blood","NeowsBlessing","Sundial","Busted Crown","Anchor","Art of War","Boot"],"potions_floor_usage":[12,13,13,19,33,33],"damage_taken":[{"damage":0,"enemies":"2 Louse","floor":1,"turns":1},{"damage":0,"enemies":"Small Slimes","floor":5,"turns":1},{"damage":0,"enemies":"Cultist","floor":11,"turns":1},{"damage":5,"enemies":"Looter","floor":12,"turns":2},{"damage":5,"enemies":"3 Louse","floor":13,"turns":3},{"damage":28,"enemies":"Exordium Wildlife","floor":14,"turns":6},{"damage":49,"enemies":"Slime Boss","floor":16,"turns":9},{"damage":24,"enemies":"Shell Parasite","floor":18,"turns":4},{"damage":16,"enemies":"Spheric Guardian","floor":19,"turns":4},{"damage":15,"enemies":"Snecko","floor":21,"turns":3},{"damage":13,"enemies":"3 Cultists","floor":24,"turns":4},{"damage":1,"enemies":"Cultist and Chosen","floor":28,"turns":3},{"damage":0,"enemies":"Snecko","floor":31,"turns":2},{"damage":76,"enemies":"Automaton","floor":33,"turns":6}],"seed_played":"944787905299299428","potions_obtained":[{"floor":1,"key":"PowerPotion"},{"floor":5,"key":"SkillPotion"},{"floor":12,"key":"FearPotion"},{"floor":14,"key":"LiquidBronze"},{"floor":18,"key":"Swift Potion"},{"floor":31,"key":"EssenceOfSteel"}],"is_trial":false,"path_per_floor":["M","$","?","?","M","R","?","R","T","R","M","M","M","M","R","B",null,"M","M","$","M","?","R","M","R","T","R","M","R","?","M","R","B"],"character_chosen":"IRONCLAD","items_purchased":["Searing Blow","Anchor"],"campfire_rested":0,"item_purchase_floors":[2,20],"current_hp_per_floor":[80,80,80,80,80,80,80,80,80,80,80,80,80,58,58,15,80,62,52,52,43,43,43,36,36,36,36,41,41,41,47,47,0],"gold":90,"neow_bonus":"THREE_ENEMY_KILL","is_prod":false,"is_daily":false,"chose_seed":false,"campfire_upgraded":9,"win_rate":0,"timestamp":1552335343,"path_taken":["M","$","?","?","M","R","?","R","T","R","M","M","M","M","R","BOSS","M","M","$","M","?","R","M","R","T","R","?","R","?","M","R","BOSS"],"build_version":"2019-01-23","purchased_purges":1,"victory":false,"max_hp_per_floor":[80,80,80,80,80,80,80,80,80,80,80,80,80,80,80,80,80,80,80,80,80,80,80,80,80,80,80,80,80,80,80,80,80],"card_choices":[{"not_picked":["Ghostly Armor","Uppercut"],"picked":"Inflame","floor":1},{"not_picked":["Wild Strike","Evolve","Reckless Charge"],"picked":"SKIP","floor":5},{"not_picked":["Bloodletting","Warcry","Flex"],"picked":"SKIP","floor":11},{"not_picked":["Flex","Cleave"],"picked":"Thunderclap","floor":12},{"not_picked":["Flex","Carnage","Dual Wield"],"picked":"SKIP","floor":13},{"not_picked":["Wild Strike","Armaments","Warcry"],"picked":"SKIP","floor":14},{"not_picked":["Shrug It Off+1"],"picked":"SKIP","floor":18},{"not_picked":[],"picked":"Uppercut+1","floor":19},{"not_picked":["Iron Wave"],"picked":"SKIP","floor":21},{"not_picked":[],"picked":"Pommel Strike+1","floor":24},{"not_picked":["Entrench"],"picked":"SKIP","floor":28},{"not_picked":["Twin Strike+1"],"picked":"SKIP","floor":31}],"player_experience":690488,"relics_obtained":[{"floor":26,"key":"Art of War"}],"event_choices":[{"damage_healed":0,"gold_gain":0,"player_choice":"Leave","damage_taken":0,"max_hp_gain":0,"max_hp_loss":0,"event_name":"The Cleric","floor":3,"gold_loss":0},{"damage_healed":0,"gold_gain":0,"player_choice":"Ignored","damage_taken":0,"max_hp_gain":0,"max_hp_loss":0,"event_name":"Golden Idol","floor":4,"gold_loss":0},{"damage_healed":0,"gold_gain":0,"player_choice":"Box","damage_taken":0,"relics_obtained":["Sundial"],"max_hp_gain":0,"max_hp_loss":0,"event_name":"Big Fish","floor":7,"gold_loss":0,"cards_obtained":["Regret"]},{"cards_removed":["Strike_R"],"damage_healed":0,"gold_gain":0,"player_choice":"Card Removal","damage_taken":0,"max_hp_gain":0,"max_hp_loss":0,"event_name":"Wheel of Change","floor":22,"gold_loss":0},{"damage_healed":0,"gold_gain":0,"player_choice":"Stole Relic","damage_taken":0,"relics_obtained":["Boot"],"max_hp_gain":0,"max_hp_loss":0,"event_name":"Addict","floor":30,"gold_loss":0,"cards_obtained":["Shame"]}],"is_beta":false,"boss_relics":[{"not_picked":["Mark of Pain","Philosopher\u0027s Stone"],"picked":"Busted Crown"}],"items_purged_floors":[20],"is_endless":false,"potions_floor_spawned":[1,5,12,14,18,31],"killed_by":"Automaton","ascension_level":0}