{"gold_per_floor":[114,129,144,144,69,69,99,114,114,129,144,159,159,174,174,274,274,289,304,304,319,334,334],"floor_reached":23,"playtime":1196,"items_purged":["Deadly Poison"],"score":199,"play_id":"dd69b9ff-6c68-4b42-a2ed-d19cf090a191","local_time":"20190410223709","daily_mods":["Draft","Uncertain Future","Binary"],"is_ascension_mode":false,"campfire_choices":[{"data":"Cloak And Dagger","floor":6,"key":"SMITH"},{"floor":15,"key":"DIG"}],"neow_cost":"","seed_source_timestamp":0,"circlet_count":0,"master_deck":["Underhanded Strike","Deflect","Dagger Throw","Dodge and Roll","Cloak And Dagger","Dodge and Roll","Acrobatics","Cloak And Dagger+1","Dagger Throw","Quick Slash","Quick Slash","Blur","Caltrops","Blade Dance","All Out Attack+1","Escape Plan","Unload"],"special_seed":17997,"relics":["Ring of the Snake","FaceOfCleric","Shovel","Dead Branch","Tough Bandages","WristBlade"],"potions_floor_usage":[16,16,23],"damage_taken":[{"damage":0,"enemies":"Cultist","floor":1,"turns":4},{"damage":3,"enemies":"Jaw Worm","floor":2,"turns":3},{"damage":3,"enemies":"2 Louse","floor":3,"turns":3},{"damage":11,"enemies":"3 Sentries","floor":7,"turns":7},{"damage":4,"enemies":"Blue Slaver","floor":8,"turns":4},{"damage":10,"enemies":"Gremlin Gang","floor":10,"turns":3},{"damage":0,"enemies":"2 Fungi Beasts","floor":11,"turns":2},{"damage":16,"enemies":"Exordium Thugs","floor":12,"turns":3},{"damage":0,"enemies":"3 Louse","floor":14,"turns":2},{"damage":6,"enemies":"Hexaghost","floor":16,"turns":8},{"damage":7,"enemies":"2 Thieves","floor":18,"turns":3},{"damage":0,"enemies":"Chosen","floor":19,"turns":3},{"damage":17,"enemies":"Shelled Parasite and Fungi","floor":21,"turns":6},{"damage":14,"enemies":"Snecko","floor":22,"turns":6},{"damage":43,"enemies":"Slavers","floor":23,"turns":4}],"seed_played":"6366022716300994326","potions_obtained":[{"floor":7,"key":"Swift Potion"},{"floor":10,"key":"Poison Potion"},{"floor":11,"key":"Ancient Potion"},{"floor":16,"key":"Dexterity Potion"},{"floor":19,"key":"LiquidBronze"}],"is_trial":false,"path_per_floor":["M","M","M","?","$","R","E","M","T","M","M","M","?","M","R","B",null,"M","M","?","M","M","E"],"character_chosen":"THE_SILENT","items_purchased":[],"campfire_rested":0,"item_purchase_floors":[],"current_hp_per_floor":[70,67,64,64,64,64,54,51,51,42,43,28,28,29,29,24,77,71,72,72,56,43,0],"gold":334,"neow_bonus":"","is_prod":false,"is_daily":true,"chose_seed":false,"campfire_upgraded":1,"win_rate":0,"timestamp":1554950229,"path_taken":["M","M","M","?","$","R","E","M","T","M","?","M","?","M","R","BOSS","M","?","?","M","M","E"],"build_version":"2019-01-23","purchased_purges":1,"victory":false,"max_hp_per_floor":[70,70,70,70,70,70,71,72,72,73,74,75,75,76,76,77,77,78,79,79,80,81,81],"card_choices":[{"not_picked":["Backflip","Prepared"],"picked":"Underhanded Strike","floor":0},{"not_picked":["Outmaneuver","Sucker Punch"],"picked":"Deflect","floor":0},{"not_picked":["Outmaneuver","PiercingWail"],"picked":"Deadly Poison","floor":0},{"not_picked":["Tactician","Reflex"],"picked":"Dagger Throw","floor":0},{"not_picked":["Sucker Punch","Backflip"],"picked":"Dodge and Roll","floor":0},{"not_picked":["Outmaneuver","Quick Slash"],"picked":"Cloak And Dagger","floor":0},{"not_picked":["Backflip","Heel Hook"],"picked":"Dodge and Roll","floor":0},{"not_picked":["Sucker Punch","Underhanded Strike"],"picked":"Acrobatics","floor":0},{"not_picked":["Prepared","Bane"],"picked":"Cloak And Dagger","floor":0},{"not_picked":["Prepared","Sucker Punch"],"picked":"Dagger Throw","floor":0},{"not_picked":["Dash","Deadly Poison"],"picked":"Quick Slash","floor":0},{"not_picked":["PiercingWail","Catalyst"],"picked":"Heel Hook","floor":0},{"not_picked":["Bane","Reflex"],"picked":"Quick Slash","floor":0},{"not_picked":["Well Laid Plans","Blade Dance"],"picked":"Blur","floor":0},{"not_picked":["Underhanded Strike","Prepared"],"picked":"Caltrops","floor":0},{"not_picked":["Terror"],"picked":"Blade Dance","floor":1},{"not_picked":["Dodge and Roll","Poisoned Stab"],"picked":"SKIP","floor":2},{"not_picked":["Predator","Setup"],"picked":"SKIP","floor":3},{"not_picked":["Poisoned Stab"],"picked":"All Out Attack","floor":7},{"not_picked":["Flying Knee","Dagger Spray"],"picked":"SKIP","floor":8},{"not_picked":["Finisher","Outmaneuver"],"picked":"SKIP","floor":10},{"not_picked":["Grand Finale","Concentrate"],"picked":"SKIP","floor":11},{"not_picked":["Deadly Poison","Underhanded Strike"],"picked":"SKIP","floor":12},{"not_picked":["Expertise","Cloak And Dagger"],"picked":"SKIP","floor":14},{"not_picked":["Night Terror"],"picked":"Unload","floor":16},{"not_picked":["Leg Sweep","Caltrops"],"picked":"SKIP","floor":18},{"not_picked":["Underhanded Strike","Slice"],"picked":"SKIP","floor":19},{"not_picked":["Setup+1","Footwork"],"picked":"SKIP","floor":21},{"not_picked":["Acrobatics","Sucker Punch"],"picked":"SKIP","floor":22}],"player_experience":473598,"relics_obtained":[{"floor":7,"key":"Shovel"},{"floor":9,"key":"Dead Branch"},{"floor":15,"key":"Tough Bandages"}],"event_choices":[{"damage_healed":0,"gold_gain":0,"player_choice":"Trade","damage_taken":0,"relics_obtained":["FaceOfCleric"],"max_hp_gain":0,"max_hp_loss":0,"event_name":"FaceTrader","floor":4,"gold_loss":0},{"damage_healed":0,"gold_gain":0,"cards_transformed":["Heel Hook"],"player_choice":"Transformed","damage_taken":0,"max_hp_gain":0,"max_hp_loss":0,"event_name":"Transmorgrifier","floor":13,"gold_loss":0,"cards_obtained":["Escape Plan"]},{"damage_healed":0,"gold_gain":0,"player_choice":"Upgraded","damage_taken":0,"max_hp_gain":0,"max_hp_loss":0,"event_name":"Upgrade Shrine","floor":20,"gold_loss":0,"cards_upgraded":["All Out Attack"]}],"is_beta":false,"boss_relics":[{"not_picked":["Runic Pyramid","Snecko Eye"],"picked":"WristBlade"}],"items_purged_floors":[5],"is_endless":false,"potions_floor_spawned":[7,10,11,16,19,22],"killed_by":"Slavers","ascension_level":0}