{"gold_per_floor":[113,113,188,203,203,203,219,144,144,158,171,186,186,197,197,293,293,307,322,237,66,86,86,100,100,100,100,110,110],"floor_reached":29,"playtime":799,"items_purged":["Strike_B","Defend_B"],"score":219,"play_id":"5778d867-757d-4015-b7f1-901f48dd34cd","local_time":"20180719101849","is_ascension_mode":false,"campfire_choices":[{"floor":6,"key":"REST"},{"floor":13,"key":"REST"},{"data":"Darkness","floor":15,"key":"SMITH"},{"floor":23,"key":"REST"},{"floor":27,"key":"REST"}],"neow_cost":"","seed_source_timestamp":96487848434512,"circlet_count":0,"master_deck":["Strike_B","Strike_B","Strike_B+1","Defend_B+1","Defend_B","Defend_B","Zap","Dualcast","Rebound","Doom and Gloom","Consume","Darkness+1","Core Surge","Static Discharge","Conserve Battery","Defragment","Ball Lightning","Capacitor","Rebound"],"relics":["Cracked Core","Kunai","Sozu","Omamori","Meat on the Bone"],"potions_floor_usage":[],"damage_taken":[{"damage":4,"enemies":"Small Slimes","floor":1,"turns":4},{"damage":13,"enemies":"Jaw Worm","floor":4,"turns":3},{"damage":2,"enemies":"2 Louse","floor":7,"turns":3},{"damage":2,"enemies":"2 Fungi Beasts","floor":10,"turns":4},{"damage":17,"enemies":"Exordium Thugs","floor":11,"turns":4},{"damage":0,"enemies":"Exordium Wildlife","floor":12,"turns":3},{"damage":11,"enemies":"2 Fungi Beasts","floor":14,"turns":3},{"damage":37,"enemies":"Slime Boss","floor":16,"turns":8},{"damage":2,"enemies":"Chosen","floor":18,"turns":3},{"damage":5,"enemies":"Spheric Guardian","floor":19,"turns":3},{"damage":50,"enemies":"Slaver and Parasite","floor":22,"turns":5},{"damage":29,"enemies":"Centurion and Healer","floor":24,"turns":6},{"damage":28,"enemies":"Snecko","floor":28,"turns":5},{"damage":18,"enemies":"Book of Stabbing","floor":29,"turns":2}],"seed_played":"8613453903119614164","potions_obtained":[{"floor":7,"key":"Explosive Potion"},{"floor":10,"key":"FearPotion"},{"floor":12,"key":"Fire Potion"}],"is_trial":false,"path_per_floor":["M","?","?","M","?","R","M","$","T","M","M","M","R","M","R","B",null,"M","M","?","$","M","R","M","$","T","R","M"],"character_chosen":"DEFECT","items_purchased":["Defragment"],"campfire_rested":4,"item_purchase_floors":[21],"current_hp_per_floor":[71,71,60,47,32,54,52,52,52,50,33,33,55,44,44,7,75,73,68,68,68,18,40,11,11,11,33,17,0],"gold":110,"neow_bonus":"","is_prod":false,"is_daily":false,"chose_seed":false,"campfire_upgraded":1,"win_rate":0.0,"timestamp":1532009929,"path_taken":["M","?","?","M","?","R","M","$","T","M","M","?","R","M","R","BOSS","M","M","?","$","M","R","?","$","T","R","M","E"],"build_version":"2018-07-12","purchased_purges":2,"victory":false,"max_hp_per_floor":[75,75,75,75,75,75,75,75,75,75,75,75,75,75,75,75,75,75,75,75,75,75,75,75,75,75,75,75,75],"card_choices":[{"not_picked":["Coolheaded","Conserve Battery"],"picked":"Rebound","floor":1},{"not_picked":["Doom and Gloom","Stack","Compile Driver"],"picked":"SKIP","floor":4},{"not_picked":["Sweeping Beam","Heatsinks","Blizzard"],"picked":"SKIP","floor":7},{"not_picked":["Cold Snap","Steam"],"picked":"Doom and Gloom","floor":10},{"not_picked":["Sunder","Beam Cell","Hello World"],"picked":"SKIP","floor":11},{"not_picked":["Steam","Glacier"],"picked":"Consume","floor":12},{"not_picked":["Rebound","Recycle"],"picked":"Darkness","floor":14},{"not_picked":["Fission","Creative AI"],"picked":"Core Surge","floor":16},{"not_picked":["Sweeping Beam","Barrage+1"],"picked":"Static Discharge","floor":18},{"not_picked":["Redo","Steam"],"picked":"Conserve Battery","floor":19},{"not_picked":["Doom and Gloom","Streamline"],"picked":"Ball Lightning","floor":22},{"not_picked":["Stack","Barrage"],"picked":"Capacitor","floor":24},{"not_picked":["Echo Form","Turbo"],"picked":"Rebound","floor":28}],"player_experience":272940,"relics_obtained":[{"floor":9,"key":"Kunai"},{"floor":26,"key":"Meat on the Bone"}],"event_choices":[{"event_name":"Liars Game","player_choice":"disagreed","floor":2,"damage_taken":0},{"event_name":"World of Goop","player_choice":"Gather Gold","floor":3,"damage_taken":0},{"event_name":"Shining Light","player_choice":"Entered Light","floor":5,"damage_taken":0},{"event_name":"Addict","player_choice":"Obtained Relic","floor":20,"damage_taken":0}],"boss_relics":[{"not_picked":["Eternal Feather","Runic Dome"],"picked":"Sozu"}],"items_purged_floors":[8,21],"is_endless":false,"potions_floor_spawned":[7,10,12,14,18,19],"killed_by":"Book of Stabbing","ascension_level":0}