{"path_per_floor":["M","$","?","M","M","R","M","E","T","?","R","M","E","?","R","B",null,"M","M"],"character_chosen":"DEFECT","items_purchased":["Genetic Algorithm","Barrage"],"gold_per_floor":[116,18,18,31,49,49,59,94,119,119,119,132,160,160,160,258,258,269,288,288],"floor_reached":20,"campfire_rested":3,"playtime":3466,"item_purchase_floors":[2,2],"current_hp_per_floor":[63,63,63,60,45,67,41,16,16,16,53,60,53,53,75,30,75,59,16,0],"items_purged":[],"gold":288,"score":184,"play_id":"680309af-96f5-4250-9560-41a891faed3e","local_time":"20180614151004","is_prod":false,"is_daily":false,"chose_seed":false,"is_ascension_mode":false,"campfire_upgraded":0,"win_rate":0.0,"timestamp":1529003404,"campfire_choices":[{"floor":6,"key":"REST"},{"floor":11,"key":"REST"},{"floor":15,"key":"REST"}],"path_taken":["M","$","?","M","M","R","M","E","T","?","R","M","E","?","R","BOSS","M","M","?"],"build_version":"2018-06-07v3","seed_source_timestamp":110779581528434,"purchased_purges":0,"victory":false,"master_deck":["Strike_B","Strike_B","Strike_B","Strike_B","Defend_B","Defend_B","Defend_B","Defend_B","Zap","Dualcast","Steam","Genetic Algorithm","Barrage","White Noise","Streamline","Fusion","Self Repair","Chill","Double Energy","Amplify","Redo","Conserve Battery"],"max_hp_per_floor":[75,75,75,75,75,75,75,75,75,75,75,75,75,75,75,75,75,75,75,75],"relics":["Cracked Core","Pen Nib","Regal Pillow","Boot","Eternal Feather"],"card_choices":[{"not_picked":["Storm","Coolheaded"],"picked":"Steam","floor":1},{"not_picked":["Defragment","Beam Cell"],"picked":"White Noise","floor":4},{"not_picked":["Sweeping Beam","Skim"],"picked":"Streamline","floor":5},{"not_picked":["Go for the Eyes","Blizzard"],"picked":"Fusion","floor":7},{"not_picked":["Static Discharge","Chill"],"picked":"Self Repair","floor":8},{"not_picked":["Loop","Fusion"],"picked":"Chill","floor":12},{"not_picked":["Rip and Tear","Capacitor"],"picked":"Double Energy","floor":13},{"not_picked":["Fission","Thunder Strike"],"picked":"Amplify","floor":16},{"not_picked":["Leap","Aggregate"],"picked":"Redo","floor":18},{"not_picked":["Redo","Stack+1"],"picked":"Conserve Battery","floor":19}],"player_experience":2749,"potions_floor_usage":[8,13],"damage_taken":[{"damage":12,"enemies":"2 Louse","floor":1,"turns":2},{"damage":3,"enemies":"Cultist","floor":4,"turns":4},{"damage":15,"enemies":"Jaw Worm","floor":5,"turns":3},{"damage":26,"enemies":"Exordium Thugs","floor":7,"turns":4},{"damage":25,"enemies":"Gremlin Nob","floor":8,"turns":4},{"damage":0,"enemies":"Large Slime","floor":12,"turns":5},{"damage":14,"enemies":"3 Sentries","floor":13,"turns":9},{"damage":52,"enemies":"Hexaghost","floor":16,"turns":12},{"damage":23,"enemies":"Spheric Guardian","floor":18,"turns":5},{"damage":50,"enemies":"Shell Parasite","floor":19,"turns":8},{"damage":25,"floor":20,"turns":3}],"relics_obtained":[{"floor":8,"key":"Pen Nib"},{"floor":9,"key":"Regal Pillow"},{"floor":13,"key":"Boot"}],"event_choices":[{"event_name":"Liars Game","player_choice":"disagreed","floor":3,"damage_taken":0},{"event_name":"Accursed Blacksmith","player_choice":"Ignore","floor":10,"damage_taken":0},{"event_name":"Shining Light","player_choice":"Ignored","floor":14,"damage_taken":0},{"event_name":"Masked Bandits","player_choice":"Fought over 288 gold","floor":20,"damage_taken":0}],"boss_relics":[{"not_picked":["Sozu","Black Star"],"picked":"Eternal Feather"}],"items_purged_floors":[],"potions_floor_spawned":[7,8,19],"seed_played":"-6161848062870310793","ascension_level":0,"potions_obtained":[{"floor":7,"key":"Fire Potion"},{"floor":8,"key":"Poison Potion"},{"floor":19,"key":"Weak Potion"}],"is_trial":false}