{"gold_per_floor":[111,111,126,51,74,74,87,87,113,138,163,36,36,54,54,178,178,178,178,178,178,178],"floor_reached":22,"playtime":831,"items_purged":["Strike_B","Defend_B"],"score":182,"play_id":"0ee4180f-6f19-42f7-8c64-23a4f8fddc88","local_time":"20180712225327","is_ascension_mode":false,"campfire_choices":[{"data":"Zap","floor":6,"key":"SMITH"},{"floor":8,"key":"REST"},{"floor":15,"key":"REST"}],"neow_cost":"NONE","seed_source_timestamp":0,"circlet_count":0,"master_deck":["Strike_B","Strike_B","Defend_B","Defend_B","Defend_B","Zap+1","Dualcast","Capacitor","Chill","Thunder Strike","Hologram","Defragment","Machine Learning","Ball Lightning","Gash+1"],"special_seed":17725,"relics":["Cracked Core","NeowsBlessing","Golden Idol","Regal Pillow","Ectoplasm"],"potions_floor_usage":[16,20],"damage_taken":[{"damage":0,"enemies":"2 Louse","floor":1,"turns":1},{"damage":0,"enemies":"Jaw Worm","floor":3,"turns":1},{"damage":0,"enemies":"Cultist","floor":5,"turns":1},{"damage":0,"enemies":"Large Slime","floor":7,"turns":6},{"damage":11,"enemies":"2 Fungi Beasts","floor":10,"turns":3},{"damage":11,"enemies":"Looter","floor":11,"turns":3},{"damage":1,"enemies":"3 Louse","floor":14,"turns":4},{"damage":47,"enemies":"Hexaghost","floor":16,"turns":8},{"damage":21,"enemies":"Shell Parasite","floor":18,"turns":6},{"damage":12,"enemies":"3 Byrds","floor":19,"turns":4},{"damage":17,"enemies":"Sentry and Sphere","floor":20,"turns":5},{"damage":12,"enemies":"Chosen and Byrds","floor":21,"turns":5},{"damage":16,"enemies":"Centurion and Healer","floor":22,"turns":1}],"seed_played":"5986081896675769642","potions_obtained":[{"floor":1,"key":"Ancient Potion"},{"floor":3,"key":"Weak Potion"},{"floor":10,"key":"AttackPotion"},{"floor":18,"key":"FocusPotion"}],"is_trial":false,"path_per_floor":["M","?","M","$","M","R","M","R","T","M","M","$","?","M","R","B",null,"M","M","M","M"],"character_chosen":"DEFECT","items_purchased":["Hologram"],"campfire_rested":2,"item_purchase_floors":[12],"current_hp_per_floor":[75,57,57,57,57,57,57,75,75,64,53,53,46,45,75,28,75,54,42,25,13,0],"gold":178,"neow_bonus":"THREE_ENEMY_KILL","is_prod":false,"is_daily":false,"chose_seed":false,"campfire_upgraded":1,"win_rate":0.0,"timestamp":1531450407,"path_taken":["M","?","M","$","M","R","M","R","T","?","M","$","?","M","R","BOSS","M","?","M","M","?"],"build_version":"2018-07-12","purchased_purges":2,"victory":false,"max_hp_per_floor":[75,75,75,75,75,75,75,75,75,75,75,75,75,75,75,75,75,75,75,75,75,75],"card_choices":[{"not_picked":["Redo","Steam Power"],"picked":"Capacitor","floor":1},{"not_picked":["Barrage","Steam Power","Compile Driver"],"picked":"SKIP","floor":3},{"not_picked":["Cold Snap","Turbo"],"picked":"Chill","floor":5},{"not_picked":["Barrage","Hello World"],"picked":"Thunder Strike","floor":7},{"not_picked":["Scrape","Gash","Turbo"],"picked":"SKIP","floor":10},{"not_picked":["Coolheaded","FTL","Recycle"],"picked":"SKIP","floor":11},{"not_picked":["Gash","Chill"],"picked":"Defragment","floor":14},{"not_picked":["Hyperbeam","Amplify"],"picked":"Machine Learning","floor":16},{"not_picked":["Gash","Stack+1"],"picked":"Ball Lightning","floor":18},{"not_picked":["Compile Driver+1","Cold Snap","Beam Cell"],"picked":"SKIP","floor":19},{"not_picked":["Reinforced Body","Chaos"],"picked":"Gash+1","floor":20},{"not_picked":["Core Surge","Sweeping Beam+1","Leap"],"picked":"SKIP","floor":21}],"player_experience":229587,"relics_obtained":[{"floor":9,"key":"Regal Pillow"}],"event_choices":[{"event_name":"Golden Idol","player_choice":"Take Damage","floor":2,"damage_taken":0},{"event_name":"Golden Wing","player_choice":"Card Removal","floor":13,"damage_taken":0}],"boss_relics":[{"not_picked":["Fusion Hammer","Cursed Key"],"picked":"Ectoplasm"}],"items_purged_floors":[4,12],"is_endless":false,"potions_floor_spawned":[1,3,10,11,14,18],"killed_by":"Centurion and Healer","ascension_level":0}