{"gold_per_floor":[360,310,1,1,1,1,33,44,44,44,63,63,63,95,95,200,200,213,213,230,246,266,266,298,308,308,308],"floor_reached":27,"playtime":2538,"items_purged":[],"score":253,"play_id":"504646b5-36c2-4f99-9e11-ebf91410cdc2","local_time":"20190222171002","is_ascension_mode":true,"campfire_choices":[{"data":"Metallicize","floor":6.0,"key":"SMITH"},{"data":"Armaments","floor":10.0,"key":"SMITH"},{"data":"Entrench","floor":12.0,"key":"SMITH"},{"floor":15.0,"key":"REST"},{"data":"Dual Wield","floor":23.0,"key":"SMITH"}],"neow_cost":"TEN_PERCENT_HP_LOSS","seed_source_timestamp":0,"circlet_count":0,"master_deck":["Strike_R","Defend_R","Defend_R","Defend_R","Defend_R","Bash+1","Shrug It Off","Metallicize+1","Entrench+1","Armaments+1","Anger","Berserk","Iron Wave+1","Dual Wield+1","Iron Wave"],"special_seed":0,"relics":["Burning Blood","PreservedInsect","Torii","FossilizedHelix","Dodecahedron","Thread and Needle","Black Star","Anchor","Whetstone","Pantograph"],"potions_floor_usage":[],"damage_taken":[{"damage":1.0,"enemies":"2 Louse","floor":1.0,"turns":3.0},{"damage":13.0,"enemies":"Gremlin Nob","floor":7.0,"turns":4.0},{"damage":13.0,"enemies":"Jaw Worm","floor":8.0,"turns":7.0},{"damage":0.0,"enemies":"Small Slimes","floor":11.0,"turns":4.0},{"damage":15.0,"enemies":"Lagavulin","floor":14.0,"turns":9.0},{"damage":6.0,"enemies":"The Guardian","floor":16.0,"turns":14.0},{"damage":14.0,"enemies":"Spheric Guardian","floor":18.0,"turns":8.0},{"damage":11.0,"enemies":"Chosen","floor":20.0,"turns":7.0},{"damage":0.0,"enemies":"Centurion and Healer","floor":21.0,"turns":8.0},{"damage":0.0,"enemies":"Shelled Parasite and Fungi","floor":22.0,"turns":9.0},{"damage":32.0,"enemies":"Slavers","floor":24.0,"turns":10.0},{"damage":25.0,"enemies":"Snake Plant","floor":25.0,"turns":6.0},{"damage":28,"enemies":"Gremlin Leader","floor":27,"turns":5}],"seed_played":"4171084875442578522","potions_obtained":[{"floor":7.0,"key":"Block Potion"},{"floor":8.0,"key":"Dexterity Potion"},{"floor":16.0,"key":"SneckoOil"},{"floor":18.0,"key":"SkillPotion"},{"floor":24.0,"key":"AttackPotion"}],"is_trial":false,"path_per_floor":["M","?","$","?","?","R","E","M","T","R","M","R","?","E","R","B",null,"M","?","M","M","M","R","E","M","T","E"],"character_chosen":"IRONCLAD","items_purchased":["PreservedInsect","Metallicize","Entrench"],"campfire_rested":1,"item_purchase_floors":[3,3,3],"current_hp_per_floor":[72,72,72,69,69,69,62,55,55,55,61,61,54,45,66,66,72,64,64,59,65,71,71,45,26,26,0],"gold":308,"neow_bonus":"TWO_FIFTY_GOLD","is_prod":false,"is_daily":false,"chose_seed":false,"campfire_upgraded":4,"win_rate":0,"timestamp":1550873402,"path_taken":["M","?","$","?","?","R","E","M","T","R","M","R","?","E","R","BOSS","M","?","M","?","M","R","E","M","T","E"],"build_version":"2019-01-23","purchased_purges":0,"victory":false,"max_hp_per_floor":[72,72,72,72,72,72,72,72,72,72,72,72,72,72,72,72,72,72,72,72,72,72,72,72,72,72,72],"card_choices":[{"not_picked":["Perfected Strike","Warcry"],"picked":"Shrug It Off","floor":1.0},{"not_picked":["Rupture","Battle Trance"],"picked":"Armaments","floor":7.0},{"not_picked":["Sentinel","Evolve","Headbutt"],"picked":"SKIP","floor":8.0},{"not_picked":["Evolve","Pummel","Clash"],"picked":"SKIP","floor":11.0},{"not_picked":["Limit Break","Clothesline"],"picked":"Anger","floor":14.0},{"not_picked":["Fiend Fire","Double Tap"],"picked":"Berserk","floor":16.0},{"not_picked":["Headbutt+1","Pommel Strike+1"],"picked":"Iron Wave","floor":18.0},{"not_picked":["Cleave","Blood for Blood","Thunderclap"],"picked":"SKIP","floor":20.0},{"not_picked":["Blood for Blood","Clothesline","Pommel Strike"],"picked":"SKIP","floor":21.0},{"not_picked":["Shrug It Off","True Grit"],"picked":"Dual Wield","floor":22.0},{"not_picked":["Fire Breathing","Blood for Blood","Clothesline"],"picked":"SKIP","floor":24.0},{"not_picked":["Searing Blow","Warcry+1"],"picked":"Iron Wave","floor":25.0}],"player_experience":64726,"relics_obtained":[{"floor":7.0,"key":"FossilizedHelix"},{"floor":9.0,"key":"Dodecahedron"},{"floor":14.0,"key":"Thread and Needle"},{"floor":24.0,"key":"Anchor"},{"floor":24.0,"key":"Whetstone"},{"floor":26.0,"key":"Pantograph"}],"event_choices":[{"cards_removed":["Strike_R"],"damage_healed":0.0,"max_hp_gain":0.0,"max_hp_loss":0.0,"gold_gain":0.0,"event_name":"The Cleric","player_choice":"Card Removal","floor":2.0,"gold_loss":50.0,"damage_taken":0.0},{"damage_healed":0.0,"max_hp_gain":0.0,"max_hp_loss":0.0,"gold_gain":0.0,"event_name":"Scrap Ooze","player_choice":"Success","floor":4.0,"gold_loss":0.0,"damage_taken":3.0,"relics_obtained":["Torii"]},{"cards_removed":["Strike_R"],"damage_healed":0.0,"max_hp_gain":0.0,"max_hp_loss":0.0,"gold_gain":0.0,"event_name":"Living Wall","player_choice":"Forget","floor":5.0,"gold_loss":0.0,"damage_taken":0.0},{"cards_removed":["Strike_R"],"damage_healed":0.0,"max_hp_gain":0.0,"max_hp_loss":0.0,"gold_gain":0.0,"event_name":"Golden Wing","player_choice":"Card Removal","floor":13.0,"gold_loss":0.0,"damage_taken":7.0},{"cards_removed":["Strike_R"],"damage_healed":0.0,"max_hp_gain":0.0,"max_hp_loss":0.0,"gold_gain":0.0,"event_name":"Wheel of Change","player_choice":"Card Removal","floor":19.0,"gold_loss":0.0,"damage_taken":0.0}],"is_beta":false,"boss_relics":[{"not_picked":["Eternal Feather","Fusion Hammer"],"picked":"Black Star"}],"items_purged_floors":[],"is_endless":false,"potions_floor_spawned":[7,8,16,18,22,24],"killed_by":"Gremlin Leader","ascension_level":1}