{"gold_per_floor":[117,117,117,117,2,2,16,16,43,43,8,8,52,52,52,181,181,202,202,127,127,127,170,184,184,210,210,233,46,46,77,77,77],"floor_reached":33,"playtime":1629,"items_purged":["Decay"],"score":303,"play_id":"d0d07193-5939-4f65-be76-d2697a12e8a7","local_time":"20190317112018","is_ascension_mode":true,"campfire_choices":[{"data":"Defragment","floor":6.0,"key":"SMITH"},{"data":"Defragment","floor":8.0,"key":"SMITH"},{"data":"Self Repair","floor":12.0,"key":"SMITH"},{"floor":15.0,"key":"REST"},{"floor":25,"key":"DIG"},{"floor":27,"key":"DIG"},{"data":"White Noise","floor":32,"key":"SMITH"}],"neow_cost":"CURSE","seed_source_timestamp":0,"circlet_count":0,"master_deck":["Defend_B","Defend_B","Defend_B+1","Defend_B+1","Zap","Dualcast","Defragment+1","Defragment+1","Self Repair+1","Cold Snap","Scrape","Buffer","Loop","Sunder","White Noise+1","White Noise+1","Melter","Defragment+1"],"special_seed":0,"relics":["Cracked Core","WingedGreaves","Anchor","Golden Idol","Singing Bowl","Nuclear Battery","Shovel","Letter Opener","Blue Candle","Toxic Egg 2","Blood Vial","Strawberry","Bag of Marbles","Lantern"],"potions_floor_usage":[28,31],"damage_taken":[{"damage":9.0,"enemies":"Cultist","floor":1.0,"turns":4.0},{"damage":0.0,"enemies":"Small Slimes","floor":7.0,"turns":3.0},{"damage":33.0,"enemies":"3 Sentries","floor":13.0,"turns":7.0},{"damage":34.0,"enemies":"Hexaghost","floor":16.0,"turns":11.0},{"damage":11.0,"enemies":"Shell Parasite","floor":18.0,"turns":7.0},{"damage":26.0,"enemies":"Book of Stabbing","floor":23.0,"turns":7.0},{"damage":3,"enemies":"Spheric Guardian","floor":24,"turns":5},{"damage":1,"enemies":"Cultist and Chosen","floor":28,"turns":4},{"damage":27,"enemies":"Slavers","floor":31,"turns":5},{"damage":66,"enemies":"Automaton","floor":33,"turns":8}],"seed_played":"2109871480930856864","potions_obtained":[{"floor":16.0,"key":"AttackPotion"},{"floor":18.0,"key":"Explosive Potion"},{"floor":28,"key":"SkillPotion"}],"is_trial":false,"path_per_floor":["M","?","?","?","$","R","M","R","T","$","?","R","E","?","R","B",null,"M","?","?","?","T","E","M","R","T","R","M","$","?","E","R","B"],"character_chosen":"DEFECT","items_purchased":["Defragment","Melter","Bag of Marbles"],"campfire_rested":1,"item_purchase_floors":[5,29,29],"current_hp_per_floor":[66,59,59,45,45,45,45,45,45,45,62,62,39,39,59,35,69,68,68,68,68,68,54,61,61,61,68,80,80,80,63,63,0],"gold":77,"neow_bonus":"ONE_RARE_RELIC","is_prod":false,"is_daily":false,"chose_seed":false,"campfire_upgraded":4,"win_rate":0,"timestamp":1552836018,"path_taken":["M","?","?","?","$","R","M","R","T","$","?","R","E","?","R","BOSS","M","?","?","?","?","E","M","R","T","R","M","$","?","E","R","BOSS"],"build_version":"2019-01-23","purchased_purges":1,"victory":false,"max_hp_per_floor":[75,75,69,69,69,69,69,69,69,69,69,69,69,69,69,69,69,69,69,69,69,69,71,71,71,71,78,80,80,80,80,80,80],"card_choices":[{"not_picked":["Melter","Storm"],"picked":"Defragment","floor":1.0},{"not_picked":["Defragment","Rip and Tear"],"picked":"Self Repair","floor":7.0},{"not_picked":["Rebound","Stack"],"picked":"Cold Snap","floor":13.0},{"not_picked":["Multi-Cast","Seek"],"picked":"Buffer","floor":16.0},{"not_picked":["Darkness+1","Redo"],"picked":"Loop","floor":18.0},{"not_picked":["Steam","Force Field","Undo+1"],"picked":"Singing Bowl","floor":23},{"not_picked":["Cold Snap","Sunder"],"picked":"White Noise","floor":24},{"not_picked":["Compile Driver","Lockon+1","Leap+1"],"picked":"Singing Bowl","floor":28},{"not_picked":["Leap+1","Double Energy+1"],"picked":"Defragment+1","floor":31}],"player_experience":161940,"relics_obtained":[{"floor":13.0,"key":"Singing Bowl"},{"floor":22.0,"key":"Letter Opener"},{"floor":23,"key":"Blue Candle"},{"floor":25,"key":"Toxic Egg 2"},{"floor":26,"key":"Blood Vial"},{"floor":27,"key":"Strawberry"},{"floor":31,"key":"Lantern"}],"event_choices":[{"damage_healed":0.0,"max_hp_gain":0.0,"max_hp_loss":0.0,"gold_gain":0.0,"event_name":"Scrap Ooze","player_choice":"Success","floor":2.0,"gold_loss":0.0,"damage_taken":7.0,"relics_obtained":["Anchor"]},{"damage_healed":0.0,"max_hp_gain":0.0,"max_hp_loss":6.0,"gold_gain":0.0,"event_name":"Golden Idol","player_choice":"Lose Max HP","floor":3.0,"gold_loss":0.0,"damage_taken":0.0,"relics_obtained":["Golden Idol"]},{"damage_healed":0.0,"max_hp_gain":0.0,"max_hp_loss":0.0,"gold_gain":0.0,"event_name":"Shining Light","player_choice":"Entered Light","floor":4.0,"gold_loss":0.0,"damage_taken":14.0,"cards_upgraded":["Defend_B","Defend_B"]},{"damage_healed":17.0,"max_hp_gain":0.0,"max_hp_loss":0.0,"gold_gain":0.0,"event_name":"The Cleric","player_choice":"Healed","floor":11.0,"gold_loss":35.0,"damage_taken":0.0},{"damage_healed":0.0,"max_hp_gain":0.0,"max_hp_loss":0.0,"gold_gain":0.0,"cards_transformed":["Strike_B"],"event_name":"Living Wall","player_choice":"Change","floor":14.0,"gold_loss":0.0,"damage_taken":0.0,"cards_obtained":["Scrape"]},{"damage_healed":0.0,"max_hp_gain":0.0,"max_hp_loss":0.0,"gold_gain":0.0,"cards_transformed":["Strike_B","Strike_B"],"event_name":"Drug Dealer","player_choice":"Became Test Subject","floor":19.0,"gold_loss":0.0,"damage_taken":0.0,"cards_obtained":["Sunder","White Noise"]},{"cards_removed":["Strike_B"],"damage_healed":0.0,"max_hp_gain":0.0,"max_hp_loss":0.0,"gold_gain":0.0,"event_name":"Beggar","player_choice":"Gave Gold","floor":20.0,"gold_loss":75.0,"damage_taken":0.0},{"damage_healed":0.0,"max_hp_gain":0.0,"max_hp_loss":0.0,"gold_gain":0.0,"event_name":"The Mausoleum","player_choice":"Opened","floor":21.0,"gold_loss":0.0,"damage_taken":0.0,"relics_obtained":["Shovel"]},{"damage_healed":0,"gold_gain":0,"player_choice":"Forge","damage_taken":0,"max_hp_gain":0,"max_hp_loss":0,"event_name":"Accursed Blacksmith","floor":30,"gold_loss":0,"cards_upgraded":["White Noise"]}],"is_beta":false,"boss_relics":[{"not_picked":["Busted Crown","Velvet Choker"],"picked":"Nuclear Battery"}],"items_purged_floors":[5],"is_endless":false,"potions_floor_spawned":[16,18,28],"killed_by":"Automaton","ascension_level":2}