{"gold_per_floor":[110,110,110,128,128,163,163,180,203,233,233,25,86,110,110,212,212,227,146,146,157,157,157,188,205,260,278,291,291,326,425,425,523,523,523],"floor_reached":35,"playtime":2044,"items_purged":[],"score":501,"play_id":"1d5a841b-1269-41fd-b8e2-7709d65df89a","local_time":"20190117174806","is_ascension_mode":false,"campfire_choices":[{"data":"Heavy Blade","floor":7.0,"key":"SMITH"},{"data":"Demon Form","floor":11.0,"key":"SMITH"},{"floor":15.0,"key":"REST"},{"floor":23.0,"key":"REST"},{"floor":29.0,"key":"REST"},{"floor":32.0,"key":"REST"}],"neow_cost":"","seed_source_timestamp":0,"circlet_count":0,"master_deck":["Shrug It Off+1","Heavy Blade+1","Shrug It Off","Flex","Limit Break+1","Spot Weakness","Inflame","Demon Form+1","Shrug It Off","Finesse","Necronomicurse"],"special_seed":0,"relics":["Burning Blood","Boot","War Paint","Happy Flower","Pear","Brimstone","Regal Pillow","Vajra","Fusion Hammer","Necronomicon","Red Skull","Blood Vial","Gambling Chip","Black Star"],"potions_floor_usage":[],"damage_taken":[{"damage":0.0,"enemies":"Small Slimes","floor":1.0,"turns":3.0},{"damage":3.0,"enemies":"Jaw Worm","floor":4.0,"turns":3.0},{"damage":21.0,"enemies":"3 Sentries","floor":6.0,"turns":6.0},{"damage":0.0,"enemies":"2 Louse","floor":8.0,"turns":2.0},{"damage":33.0,"enemies":"Gremlin Nob","floor":10.0,"turns":5.0},{"damage":0.0,"enemies":"Gremlin Nob","floor":13.0,"turns":2.0},{"damage":21.0,"enemies":"The Guardian","floor":16.0,"turns":6.0},{"damage":0.0,"enemies":"Chosen","floor":18.0,"turns":3.0},{"damage":20.0,"enemies":"3 Byrds","floor":21.0,"turns":4.0},{"damage":17.0,"enemies":"Book of Stabbing","floor":24.0,"turns":3.0},{"damage":0.0,"enemies":"Sentry and Sphere","floor":25.0,"turns":3.0},{"damage":0.0,"enemies":"Snake Plant","floor":27.0,"turns":1.0},{"damage":12.0,"enemies":"Chosen and Byrds","floor":28.0,"turns":4.0},{"damage":8.0,"enemies":"Gremlin Leader","floor":30.0,"turns":4.0},{"damage":0.0,"enemies":"Champ","floor":33.0,"turns":4.0},{"damage":0,"enemies":"3 Darklings","floor":35,"turns":1}],"seed_played":"6281184109791764530","potions_obtained":[{"floor":1.0,"key":"Dexterity Potion"},{"floor":8.0,"key":"Dexterity Potion"},{"floor":13.0,"key":"EssenceOfSteel"},{"floor":16.0,"key":"FearPotion"},{"floor":25.0,"key":"FearPotion"},{"floor":28.0,"key":"Dexterity Potion"},{"floor":33.0,"key":"Strength Potion"}],"is_trial":true,"path_per_floor":["M","?","?","M","$","E","R","M","T","E","R","$","?","T","R","B",null,"M","$","?","M","?","R","E","M","T","M","M","R","E","?","R","B",null,"M"],"character_chosen":"IRONCLAD","items_purchased":["Brimstone","Finesse"],"campfire_rested":4,"item_purchase_floors":[12,19],"current_hp_per_floor":[80,85,67,70,70,55,55,61,61,44,44,44,50,50,93,78,95,95,95,95,81,65,95,84,90,90,95,89,95,93,93,95,95,95,95],"gold":523,"neow_bonus":"","is_prod":false,"is_daily":false,"chose_seed":false,"campfire_upgraded":2,"win_rate":0.0,"timestamp":1547743686,"path_taken":["M","?","?","M","?","E","R","M","T","E","R","$","?","?","R","BOSS","M","$","?","?","?","R","E","M","T","M","M","R","E","?","R","BOSS","M"],"build_version":"2019-01-10","purchased_purges":0,"victory":false,"max_hp_per_floor":[80,85,85,85,85,85,85,85,85,95,95,95,95,95,95,95,95,95,95,95,95,95,95,95,95,95,95,95,95,95,95,95,95,95,95],"card_choices":[{"not_picked":["Twin Strike","True Grit","Pummel"],"picked":"SKIP","floor":1.0},{"not_picked":["Blood for Blood","Second Wind","Metallicize"],"picked":"SKIP","floor":4.0},{"not_picked":["Carnage","Feel No Pain","Thunderclap"],"picked":"SKIP","floor":6.0},{"not_picked":["Cleave","Armaments"],"picked":"Shrug It Off","floor":8.0},{"not_picked":["Rupture","Infernal Blade","Burning Pact"],"picked":"SKIP","floor":10.0},{"not_picked":["Headbutt","Ghostly Armor","Hemokinesis+1"],"picked":"SKIP","floor":18.0},{"not_picked":["Entrench","Inflame+1","Clothesline"],"picked":"SKIP","floor":21.0},{"not_picked":["Anger","Entrench","Cleave"],"picked":"SKIP","floor":24.0},{"not_picked":["Shrug It Off","Rampage+1","True Grit"],"picked":"SKIP","floor":25.0},{"not_picked":["Twin Strike","Shockwave+1","Anger"],"picked":"SKIP","floor":27.0},{"not_picked":["Fire Breathing","Havoc","Warcry"],"picked":"SKIP","floor":28.0},{"not_picked":["Sword Boomerang","Iron Wave","Clothesline"],"picked":"SKIP","floor":30.0}],"player_experience":122,"relics_obtained":[{"floor":6.0,"key":"War Paint"},{"floor":9.0,"key":"Happy Flower"},{"floor":10.0,"key":"Pear"},{"floor":13.0,"key":"Regal Pillow"},{"floor":14.0,"key":"Vajra"},{"floor":22.0,"key":"Necronomicon"},{"floor":24.0,"key":"Red Skull"},{"floor":26.0,"key":"Blood Vial"},{"floor":30.0,"key":"Gambling Chip"}],"event_choices":[{"damage_healed":0.0,"max_hp_gain":5.0,"max_hp_loss":0.0,"gold_gain":0.0,"event_name":"Big Fish","player_choice":"Donut","floor":2.0,"gold_loss":0.0,"damage_taken":0.0},{"damage_healed":0.0,"max_hp_gain":0.0,"max_hp_loss":0.0,"gold_gain":0.0,"event_name":"Scrap Ooze","player_choice":"Success","floor":3.0,"gold_loss":0.0,"damage_taken":18.0,"relics_obtained":["Boot"]},{"damage_healed":0.0,"max_hp_gain":0.0,"max_hp_loss":0.0,"gold_gain":0.0,"event_name":"Dead Adventurer","player_choice":"Searched \u00271\u0027 times","floor":13.0,"gold_loss":0.0,"damage_taken":0.0},{"damage_healed":0.0,"max_hp_gain":0.0,"max_hp_loss":0.0,"gold_gain":0.0,"event_name":"Transmorgrifier","player_choice":"Ignored","floor":20.0,"gold_loss":0.0,"damage_taken":0.0},{"damage_healed":0.0,"max_hp_gain":0.0,"max_hp_loss":0.0,"gold_gain":0.0,"event_name":"Cursed Tome","player_choice":"Obtained Book","floor":22.0,"gold_loss":0.0,"damage_taken":16.0},{"damage_healed":0.0,"max_hp_gain":0.0,"max_hp_loss":0.0,"gold_gain":99.0,"event_name":"Nest","player_choice":"Stole From Cult","floor":31.0,"gold_loss":0.0,"damage_taken":0.0}],"is_beta":false,"boss_relics":[{"not_picked":["Ectoplasm","Mark of Pain"],"picked":"Fusion Hammer"},{"not_picked":["White Beast Statue","Calling Bell"],"picked":"Black Star"}],"items_purged_floors":[],"is_endless":false,"potions_floor_spawned":[1,8,13,16,25,28,33],"killed_by":"3 Darklings","ascension_level":0}