{"gold_per_floor":[19,94,109,129,79,79,110,110,133,133,133,147,36,69,69,172,172,183,37,37,37,37,37,37,54,54,54,54,71,90,15,15,120,120,140,50,50,62,62,89,99,99,99,99,131,161,173,185,197,209,221,233,40,73,73],"floor_reached":55,"playtime":1245,"items_purged":["Defend_R"],"score":729,"play_id":"e3f34da6-c120-4992-8470-b64ae386ca53","local_time":"20190311235616","is_ascension_mode":false,"campfire_choices":[{"data":"Thunderclap","floor":6,"key":"SMITH"},{"data":"Clash","floor":8,"key":"SMITH"},{"data":"Headbutt","floor":10,"key":"SMITH"},{"floor":15,"key":"RECALL"},{"data":"Offering","floor":23,"key":"SMITH"},{"data":"Seeing Red","floor":28,"key":"SMITH"},{"data":"Pommel Strike","floor":32,"key":"SMITH"},{"data":"Limit Break","floor":42,"key":"SMITH"},{"data":"Dropkick","floor":44,"key":"SMITH"},{"data":"Clash","floor":47,"key":"SMITH"},{"floor":49,"key":"REST"},{"floor":52,"key":"REST"}],"neow_cost":"NO_GOLD","seed_source_timestamp":84177181956557,"circlet_count":0,"master_deck":["Strike_R+1","Strike_R+1","Strike_R+1","Thunderclap+1","Headbutt+1","Clash+1","Dropkick+1","Offering+1","Rampage+1","Clash+1","Seeing Red+1","Pommel Strike+1","Pommel Strike+1","Limit Break+1","Heavy Blade+1"],"relics":["Burning Blood","Ice Cream","Bag of Preparation","Juzu Bracelet","Prayer Wheel","Empty Cage","Lantern","Shuriken","Eternal Feather","PreservedInsect","MawBank","Brimstone","Happy Flower"],"potions_floor_usage":[14,40,40,50,50,50],"damage_taken":[{"damage":7,"enemies":"Jaw Worm","floor":1,"turns":6},{"damage":0,"enemies":"Small Slimes","floor":3,"turns":3},{"damage":1,"enemies":"Cultist","floor":4,"turns":3},{"damage":3,"enemies":"Gremlin Nob","floor":7,"turns":3},{"damage":5,"enemies":"Looter","floor":12,"turns":2},{"damage":8,"enemies":"Lagavulin","floor":14,"turns":3},{"damage":49,"enemies":"Slime Boss","floor":16,"turns":8},{"damage":6,"enemies":"2 Thieves","floor":18,"turns":1},{"damage":6,"enemies":"3 Byrds","floor":25,"turns":2},{"damage":0,"enemies":"Centurion and Healer","floor":29,"turns":2},{"damage":6,"enemies":"Sentry and Sphere","floor":30,"turns":1},{"damage":34,"enemies":"Champ","floor":33,"turns":3},{"damage":0,"enemies":"Orb Walker","floor":35,"turns":1},{"damage":15,"enemies":"3 Shapes","floor":38,"turns":1},{"damage":20,"enemies":"Giant Head","floor":40,"turns":3},{"damage":6,"enemies":"Transient","floor":41,"turns":5},{"damage":6,"enemies":"Nemesis","floor":45,"turns":1},{"damage":6,"enemies":"Spire Growth","floor":46,"turns":2},{"damage":65,"enemies":"Time Eater","floor":50,"turns":6},{"damage":36,"enemies":"Shield and Spear","floor":54,"turns":3},{"damage":88,"enemies":"The Heart","floor":55,"turns":2}],"seed_played":"7979998827937406757","potions_obtained":[{"floor":7,"key":"Block Potion"},{"floor":12,"key":"Block Potion"},{"floor":25,"key":"LiquidBronze"},{"floor":29,"key":"PowerPotion"},{"floor":33,"key":"Regen Potion"},{"floor":45,"key":"EssenceOfSteel"},{"floor":46,"key":"PowerPotion"},{"floor":48,"key":"Weak Potion"}],"is_trial":false,"path_per_floor":["M","?","M","M","?","R","E","R","T","R","?","M","$","E","R","B",null,"M","$","$","?","$","R","?","M","T","?","R","M","M","?","R","B",null,"M","?","$","M","$","E","M","R","T","R","E","M","R","?","R","B",null,"R","$","E","B"],"character_chosen":"IRONCLAD","items_purchased":["Dropkick","Lantern","Brimstone"],"campfire_rested":2,"item_purchase_floors":[13,19,53],"current_hp_per_floor":[79,68,74,79,79,79,80,80,80,80,80,80,80,78,78,35,80,80,80,80,80,80,80,80,80,80,80,80,80,80,80,80,52,80,80,80,80,71,71,66,66,72,72,78,78,78,80,80,80,21,80,80,80,50,0],"gold":73,"neow_bonus":"ONE_RARE_RELIC","is_prod":false,"is_daily":false,"chose_seed":false,"campfire_upgraded":9,"win_rate":0,"timestamp":1552334176,"path_taken":["M","?","M","M","?","R","E","R","T","R","?","M","$","E","R","BOSS","M","?","$","?","$","R","?","M","T","?","R","M","M","?","R","BOSS","M","?","?","M","$","E","M","R","T","R","E","M","R","?","R","BOSS","R","$","E","BOSS"],"build_version":"2019-01-23","purchased_purges":1,"victory":false,"max_hp_per_floor":[80,80,80,80,80,80,80,80,80,80,80,80,80,80,80,80,80,80,80,80,80,80,80,80,80,80,80,80,80,80,80,80,80,80,80,80,80,80,80,80,80,80,80,80,80,80,80,80,80,80,80,80,80,80,80],"card_choices":[{"not_picked":["Clothesline","Warcry"],"picked":"Thunderclap","floor":1},{"not_picked":["Sword Boomerang","Heavy Blade"],"picked":"Headbutt","floor":3},{"not_picked":["Sever Soul","True Grit"],"picked":"Clash","floor":4},{"not_picked":["Ghostly Armor","Headbutt","Armaments"],"picked":"SKIP","floor":7},{"not_picked":["Warcry","Sword Boomerang","Body Slam"],"picked":"SKIP","floor":12},{"not_picked":["True Grit","Havoc","Shrug It Off"],"picked":"SKIP","floor":14},{"not_picked":["Juggernaut","Dark Embrace"],"picked":"Offering","floor":16},{"not_picked":["Sword Boomerang","Blood for Blood"],"picked":"Rampage","floor":18},{"not_picked":["Heavy Blade","Shockwave","Burning Pact"],"picked":"SKIP","floor":18},{"not_picked":["Clothesline","Perfected Strike+1"],"picked":"Clash","floor":25},{"not_picked":["Searing Blow","Wild Strike+1","Clothesline"],"picked":"SKIP","floor":25},{"not_picked":["Bloodletting","Warcry"],"picked":"Pommel Strike","floor":29},{"not_picked":["Shrug It Off","Sentinel"],"picked":"Pommel Strike+1","floor":29},{"not_picked":["Flame Barrier","Perfected Strike+1","Iron Wave+1"],"picked":"SKIP","floor":30},{"not_picked":["Thunderclap","Immolate","Wild Strike"],"picked":"SKIP","floor":30},{"not_picked":["Reaper","Bludgeon"],"picked":"Limit Break","floor":33},{"not_picked":["Headbutt+1","Rupture","Anger"],"picked":"SKIP","floor":35},{"not_picked":["Entrench","Burning Pact","Hemokinesis+1"],"picked":"SKIP","floor":35},{"not_picked":["Feel No Pain+1","Searing Blow","Hemokinesis+1"],"picked":"SKIP","floor":38},{"not_picked":["True Grit+1","Reckless Charge","Whirlwind"],"picked":"SKIP","floor":38},{"not_picked":["Immolate","Ghostly Armor","Headbutt+1"],"picked":"SKIP","floor":40},{"not_picked":["Whirlwind+1","Thunderclap","Battle Trance"],"picked":"SKIP","floor":41},{"not_picked":["Armaments+1","Anger+1","Pummel+1"],"picked":"SKIP","floor":41},{"not_picked":["Hemokinesis+1","True Grit","Corruption+1"],"picked":"SKIP","floor":45},{"not_picked":["Headbutt+1","Pummel"],"picked":"Heavy Blade+1","floor":46},{"not_picked":["Fire Breathing","Headbutt","Cleave"],"picked":"SKIP","floor":46},{"not_picked":["Heavy Blade+1","Havoc+1","Body Slam+1"],"picked":"SKIP","floor":54}],"player_experience":689026,"relics_obtained":[{"floor":7,"key":"Bag of Preparation"},{"floor":9,"key":"Juzu Bracelet"},{"floor":14,"key":"Prayer Wheel"},{"floor":26,"key":"Shuriken"},{"floor":40,"key":"PreservedInsect"},{"floor":45,"key":"MawBank"},{"floor":54,"key":"Happy Flower"}],"event_choices":[{"damage_healed":0,"gold_gain":75,"player_choice":"Gather Gold","damage_taken":11,"max_hp_gain":0,"max_hp_loss":0,"event_name":"World of Goop","floor":2,"gold_loss":0},{"cards_removed":["Defend_R"],"damage_healed":0,"gold_gain":0,"player_choice":"Card Removal","damage_taken":0,"max_hp_gain":0,"max_hp_loss":0,"event_name":"The Cleric","floor":5,"gold_loss":50},{"cards_removed":["Defend_R"],"damage_healed":0,"gold_gain":0,"player_choice":"Offered Basic","damage_taken":0,"max_hp_gain":0,"max_hp_loss":0,"event_name":"Bonfire Elementals","floor":11,"gold_loss":0},{"damage_healed":0,"gold_gain":0,"player_choice":"Simplicity","damage_taken":0,"max_hp_gain":0,"max_hp_loss":0,"event_name":"Back to Basics","floor":21,"gold_loss":0,"cards_upgraded":["Strike_R","Strike_R","Strike_R","Strike_R"]},{"damage_healed":0,"gold_gain":0,"player_choice":"Full Heal","damage_taken":0,"max_hp_gain":0,"max_hp_loss":0,"event_name":"Wheel of Change","floor":24,"gold_loss":0},{"damage_healed":0,"gold_gain":0,"player_choice":"Read","damage_taken":0,"max_hp_gain":0,"max_hp_loss":0,"event_name":"The Library","floor":27,"gold_loss":0,"cards_obtained":["Seeing Red"]},{"cards_removed":["Strike_R"],"damage_healed":0,"gold_gain":0,"player_choice":"Gave Gold","damage_taken":0,"max_hp_gain":0,"max_hp_loss":0,"event_name":"Beggar","floor":31,"gold_loss":75},{"cards_removed":["Bash"],"damage_healed":0,"gold_gain":0,"player_choice":"Upgrade and Remove","damage_taken":0,"max_hp_gain":0,"max_hp_loss":0,"event_name":"Designer","floor":36,"gold_loss":90,"cards_upgraded":["Rampage"]},{"damage_healed":0,"gold_gain":0,"player_choice":"Got Potions","damage_taken":0,"max_hp_gain":0,"max_hp_loss":0,"event_name":"Lab","floor":48,"gold_loss":0}],"is_beta":false,"boss_relics":[{"not_picked":["Tiny House","Calling Bell"],"picked":"Empty Cage"},{"not_picked":["Snecko Eye","Runic Dome"],"picked":"Eternal Feather"}],"items_purged_floors":[13],"is_endless":false,"potions_floor_spawned":[7,12,25,29,33,41,45,46],"killed_by":"The Heart","ascension_level":0}