{"gold_per_floor":[114,129,79,94,109,124,124,139,139,154,154,154,154,83,83,183,183,198,198,213,228,228,228,243,43,43,43,43,43,43,43,43,143,143,158,173,23,23,23,53,128,128,178,193,193,208,208,223,223,223],"floor_reached":51,"playtime":5379,"items_purged":[],"score":617,"play_id":"4aa6a998-da08-4f44-849c-2ab3dcd42c98","local_time":"20190120172650","daily_mods":["SealedDeck","Colorless Cards","Terminal"],"is_ascension_mode":false,"campfire_choices":[{"data":"Noxious Fumes","floor":7,"key":"SMITH"},{"data":"Terror","floor":11,"key":"SMITH"},{"data":"Cloak And Dagger","floor":13,"key":"SMITH"},{"data":"Cloak And Dagger","floor":15,"key":"SMITH"},{"data":"Bouncing Flask","floor":23,"key":"SMITH"},{"data":"Crippling Poison","floor":27,"key":"SMITH"},{"floor":29,"key":"REST"},{"data":"Infinite Blades","floor":32,"key":"SMITH"},{"data":"Backflip","floor":42,"key":"SMITH"},{"data":"Backflip","floor":45,"key":"SMITH"},{"data":"PiercingWail","floor":47,"key":"SMITH"},{"floor":49,"key":"REST"}],"neow_cost":"","seed_source_timestamp":1018356425014548,"circlet_count":0,"master_deck":["PiercingWail","PiercingWail+1","Terror+1","Backflip+1","Backflip+1","Cloak And Dagger+1","Cloak And Dagger+1","Infinite Blades+1","Dash+1","Noxious Fumes+1","Crippling Poison+1","Well Laid Plans","Bouncing Flask+1","Dash+1","Finesse+1","After Image+1","Catalyst+1"],"special_seed":17916,"relics":["Ring of the Snake","Ninja Scroll","Frozen Egg 2","Philosopher\u0027s Stone","Sling","Smiling Mask","Whetstone","Lizard Tail","Strawberry","Pocketwatch","Bottled Tornado","Regal Pillow"],"potions_floor_usage":[16,33,33,50,50,50],"damage_taken":[{"damage":0,"enemies":"2 Louse","floor":1,"turns":3},{"damage":0,"enemies":"Cultist","floor":2,"turns":4},{"damage":0,"enemies":"Jaw Worm","floor":4,"turns":4},{"damage":0,"enemies":"Blue Slaver","floor":5,"turns":4},{"damage":1,"enemies":"Red Slaver","floor":6,"turns":4},{"damage":0,"enemies":"Exordium Thugs","floor":8,"turns":5},{"damage":5,"enemies":"Exordium Wildlife","floor":10,"turns":3},{"damage":12,"enemies":"Slime Boss","floor":16,"turns":7},{"damage":19,"enemies":"3 Byrds","floor":18,"turns":4},{"damage":6,"enemies":"2 Thieves","floor":20,"turns":4},{"damage":0,"enemies":"Centurion and Healer","floor":21,"turns":6},{"damage":0,"enemies":"Colosseum Slavers","floor":22,"turns":4},{"damage":0,"enemies":"3 Cultists","floor":24,"turns":5},{"damage":10,"enemies":"Collector","floor":33,"turns":6},{"damage":4,"enemies":"3 Shapes","floor":35,"turns":3},{"damage":0,"enemies":"Orb Walker","floor":36,"turns":3},{"damage":10,"enemies":"Giant Head","floor":40,"turns":7},{"damage":1,"enemies":"3 Darklings","floor":44,"turns":4},{"damage":10,"enemies":"Jaw Worm Horde","floor":46,"turns":4},{"damage":0,"enemies":"Maw","floor":48,"turns":6},{"damage":14,"enemies":"Donu and Deca","floor":50,"turns":7}],"seed_played":"7558609228470536765","potions_obtained":[{"floor":4,"key":"SmokeBomb"},{"floor":6,"key":"Weak Potion"},{"floor":8,"key":"SteroidPotion"},{"floor":16,"key":"Strength Potion"},{"floor":20,"key":"SkillPotion"},{"floor":33,"key":"LiquidBronze"},{"floor":40,"key":"Poison Potion"}],"is_trial":false,"path_per_floor":["M","M","$","M","M","M","R","M","T","M","R","?","R","?","R","B",null,"M","?","M","M","?","R","M","$","T","R","$","R","$","T","R","B",null,"M","M","$","?","$","E","T","R","T","M","R","M","R","M","R","B",null],"character_chosen":"THE_SILENT","items_purchased":["AttackPotion","Sling","Strawberry"],"campfire_rested":2,"item_purchase_floors":[3,25,37],"current_hp_per_floor":[68,67,66,65,64,63,62,61,60,55,55,55,55,55,54,42,52,33,33,27,27,27,27,27,27,27,27,27,39,39,38,37,27,35,31,31,38,38,37,27,27,27,27,26,26,16,16,16,27,13],"gold":223,"neow_bonus":"","is_prod":false,"is_daily":true,"chose_seed":false,"campfire_upgraded":10,"win_rate":0.0,"timestamp":1548001610,"path_taken":["M","M","$","M","M","M","R","M","T","M","R","?","R","?","R","BOSS","M","?","M","?","?","R","M","$","T","R","?","R","$","?","R","BOSS","M","M","$","?","?","E","?","R","T","M","R","?","R","M","R","BOSS"],"build_version":"2019-01-17v2","purchased_purges":0,"victory":true,"max_hp_per_floor":[68,67,66,65,64,63,62,61,60,59,58,57,56,55,54,53,52,51,50,49,48,47,46,45,44,43,42,41,40,39,38,37,36,35,34,33,39,38,37,36,35,34,33,32,31,30,29,28,27,26],"card_choices":[{"not_picked":["Catalyst","Predator"],"picked":"Crippling Poison","floor":1},{"not_picked":["Dagger Throw","Outmaneuver","Reflex"],"picked":"SKIP","floor":2},{"not_picked":["Sucker Punch","PiercingWail","Panacea"],"picked":"SKIP","floor":4},{"not_picked":["Deflect","Deep Breath"],"picked":"Well Laid Plans","floor":5},{"not_picked":["Poisoned Stab","Accuracy","Blade Dance"],"picked":"SKIP","floor":6},{"not_picked":["Blade Dance","Sucker Punch","Deadly Poison"],"picked":"SKIP","floor":8},{"not_picked":["Impatience","Infinite Blades"],"picked":"Bouncing Flask","floor":10},{"not_picked":["Poisoned Stab","Calculated Gamble+1","Prepared"],"picked":"SKIP","floor":18},{"not_picked":["Flying Knee","PanicButton"],"picked":"Finesse+1","floor":20},{"not_picked":["Bouncing Flask+1","Expertise","PiercingWail+1"],"picked":"SKIP","floor":21},{"not_picked":["Dramatic Entrance","Bane","Acrobatics"],"picked":"SKIP","floor":24},{"not_picked":["Transmutation","Phantasmal Killer"],"picked":"After Image+1","floor":33},{"not_picked":["Purity","Well Laid Plans+1","Panacea+1"],"picked":"SKIP","floor":35},{"not_picked":["Quick Slash+1","Discovery+1","Flying Knee"],"picked":"SKIP","floor":36},{"not_picked":["Masterful Stab+1","Dodge and Roll","Dagger Throw"],"picked":"SKIP","floor":40},{"not_picked":["Caltrops+1","Choke+1","Outmaneuver+1"],"picked":"SKIP","floor":44},{"not_picked":["Heel Hook+1","Dodge and Roll+1"],"picked":"Catalyst+1","floor":46},{"not_picked":["Tactician","Noxious Fumes+1","Prepared+1"],"picked":"SKIP","floor":48}],"player_experience":10249,"relics_obtained":[{"floor":9,"key":"Ninja Scroll"},{"floor":26,"key":"Smiling Mask"},{"floor":31,"key":"Whetstone"},{"floor":40,"key":"Pocketwatch"},{"floor":41,"key":"Bottled Tornado"},{"floor":43,"key":"Regal Pillow"}],"event_choices":[{"damage_healed":0,"gold_gain":0,"player_choice":"Leave","damage_taken":0,"max_hp_gain":0,"max_hp_loss":0,"event_name":"The Cleric","floor":12,"gold_loss":0},{"damage_healed":0,"gold_gain":0,"player_choice":"Paid Gold","damage_taken":0,"relics_obtained":["Frozen Egg 2"],"max_hp_gain":0,"max_hp_loss":0,"event_name":"WeMeetAgain","floor":14,"gold_loss":71},{"damage_healed":0,"gold_gain":0,"player_choice":"Copied","damage_taken":0,"max_hp_gain":0,"max_hp_loss":0,"event_name":"Duplicator","floor":19,"gold_loss":0,"cards_obtained":["Dash"]},{"damage_healed":0,"gold_gain":0,"player_choice":"Fight","damage_taken":0,"max_hp_gain":0,"max_hp_loss":0,"event_name":"Colosseum","floor":22,"gold_loss":0},{"damage_healed":0,"gold_gain":0,"player_choice":"Fled From Nobs","damage_taken":0,"max_hp_gain":0,"max_hp_loss":0,"event_name":"Colosseum","floor":22,"gold_loss":0},{"damage_healed":0,"gold_gain":0,"player_choice":"Ignored","damage_taken":0,"max_hp_gain":0,"max_hp_loss":0,"event_name":"Purifier","floor":38,"gold_loss":0}],"is_beta":false,"boss_relics":[{"not_picked":["White Beast Statue","Runic Pyramid"],"picked":"Philosopher\u0027s Stone"},{"not_picked":["HoveringKite","Astrolabe"],"picked":"Lizard Tail"}],"items_purged_floors":[],"is_endless":false,"potions_floor_spawned":[4,6,8,16,20,22,33,40,46],"ascension_level":0}