{"gold_per_floor":[111,125,77,77,77,107,107,32,84,117,127,137,171,186,186,287,287,302,302,139,139,54,54,84,84,154,172,185,29,91,110,110,211,211,226,241,241,92,109,139,139,139],"floor_reached":42,"playtime":3277,"items_purged":["Strike_R"],"score":561,"play_id":"a01dcef3-151c-444c-9951-96ffd59778ae","local_time":"20190223202045","is_ascension_mode":true,"campfire_choices":[{"data":"Armaments","floor":7.0,"key":"SMITH"},{"data":"Armaments","floor":15.0,"key":"SMITH"},{"data":"Apotheosis","floor":23.0,"key":"SMITH"},{"floor":25.0,"key":"REST"},{"floor":32.0,"key":"REST"}],"neow_cost":"NONE","seed_source_timestamp":0,"circlet_count":0,"master_deck":["Strike_R","Strike_R","Strike_R","Defend_R","Defend_R","Defend_R","Defend_R","Bash","Spot Weakness","Armaments+1","Searing Blow","Metallicize","Armaments+1","Apotheosis+1","RitualDagger","Seeing Red","Heavy Blade","Iron Wave","Flex+1","Iron Wave+1"],"special_seed":0,"relics":["Burning Blood","NeowsBlessing","Happy Flower","Blood Vial","Self Forming Clay","Bottled Flame","Runic Pyramid","Dream Catcher","Regal Pillow","Dodecahedron","PreservedInsect","Tiny Chest","Sozu","Bag of Marbles","Meat on the Bone"],"potions_floor_usage":[],"damage_taken":[{"damage":0.0,"enemies":"2 Louse","floor":1.0,"turns":1.0},{"damage":0.0,"enemies":"Jaw Worm","floor":2.0,"turns":1.0},{"damage":0.0,"enemies":"Gremlin Nob","floor":6.0,"turns":1.0},{"damage":30.0,"enemies":"3 Sentries","floor":10.0,"turns":8.0},{"damage":1.0,"enemies":"Cultist","floor":11.0,"turns":3.0},{"damage":2.0,"enemies":"Exordium Wildlife","floor":12.0,"turns":6.0},{"damage":19.0,"enemies":"Gremlin Nob","floor":13.0,"turns":4.0},{"damage":7.0,"enemies":"Large Slime","floor":14.0,"turns":6.0},{"damage":39.0,"enemies":"Hexaghost","floor":16.0,"turns":12.0},{"damage":7.0,"enemies":"Shell Parasite","floor":18.0,"turns":9.0},{"damage":60.0,"enemies":"Slavers","floor":24.0,"turns":10.0},{"damage":1.0,"enemies":"Spheric Guardian","floor":27.0,"turns":6.0},{"damage":23.0,"enemies":"Shelled Parasite and Fungi","floor":28.0,"turns":7.0},{"damage":13.0,"enemies":"Gremlin Leader","floor":30.0,"turns":4.0},{"damage":12.0,"enemies":"Centurion and Healer","floor":31.0,"turns":4.0},{"damage":42.0,"enemies":"Collector","floor":33.0,"turns":10.0},{"damage":2,"enemies":"Orb Walker","floor":35,"turns":3},{"damage":10,"enemies":"3 Shapes","floor":36,"turns":4},{"damage":12,"enemies":"3 Darklings","floor":39,"turns":6},{"damage":0,"enemies":"Nemesis","floor":40,"turns":3},{"damage":83,"enemies":"Reptomancer","floor":42,"turns":2}],"seed_played":"-7186395949964770079","potions_obtained":[{"floor":11.0,"key":"EntropicBrew"},{"floor":13.0,"key":"SteroidPotion"},{"floor":14.0,"key":"SpeedPotion"},{"floor":16.0,"key":"BloodPotion"}],"is_trial":false,"path_per_floor":["M","M","$","?","?","E","R","$","T","E","M","M","E","M","R","B",null,"M","?","$","?","?","R","E","R","T","M","M","$","E","M","R","B",null,"M","M","?","$","M","E","?","E"],"character_chosen":"IRONCLAD","items_purchased":["Armaments","Apotheosis","PreservedInsect","Bag of Marbles"],"campfire_rested":2,"item_purchase_floors":[3,20,29,38],"current_hp_per_floor":[80,80,80,80,80,80,80,80,80,56,63,69,58,59,59,28,80,79,79,79,73,73,73,21,60,60,67,52,52,47,43,80,44,80,80,76,76,76,70,76,76,0],"gold":139,"neow_bonus":"THREE_ENEMY_KILL","is_prod":false,"is_daily":false,"chose_seed":false,"campfire_upgraded":3,"win_rate":0,"timestamp":1550971245,"path_taken":["M","M","$","?","?","E","R","$","T","E","M","?","E","M","R","BOSS","M","?","$","?","?","R","E","R","T","?","M","$","E","M","R","BOSS","M","M","?","$","M","E","?","E"],"build_version":"2019-01-23","purchased_purges":1,"victory":false,"max_hp_per_floor":[80,80,80,80,80,80,80,80,80,80,80,80,80,80,80,80,80,80,80,80,80,80,80,80,80,80,80,80,80,80,80,80,80,80,80,80,76,76,76,76,76,76],"card_choices":[{"not_picked":["Cleave","Headbutt"],"picked":"Spot Weakness","floor":1.0},{"not_picked":["Blood for Blood","Warcry","Wild Strike"],"picked":"SKIP","floor":2.0},{"not_picked":["Pommel Strike","Brutality","Rupture"],"picked":"SKIP","floor":6.0},{"not_picked":["Shockwave","Burning Pact","Havoc"],"picked":"SKIP","floor":10.0},{"not_picked":["Dropkick","Blood for Blood"],"picked":"Searing Blow","floor":11.0},{"not_picked":["Clash","Evolve","Anger"],"picked":"SKIP","floor":12.0},{"not_picked":["Armaments","Cleave"],"picked":"Metallicize","floor":13.0},{"not_picked":["Anger","Shrug It Off"],"picked":"Armaments","floor":14.0},{"not_picked":["Evolve","Twin Strike","Sword Boomerang"],"picked":"SKIP","floor":18.0},{"not_picked":["Dropkick","Pommel Strike+1","Evolve+1"],"picked":"SKIP","floor":24.0},{"not_picked":["Dual Wield","Iron Wave+1"],"picked":"Seeing Red","floor":27.0},{"not_picked":["Pummel","Fiend Fire"],"picked":"Heavy Blade","floor":28.0},{"not_picked":["Headbutt+1","Armaments+1","Searing Blow"],"picked":"SKIP","floor":30.0},{"not_picked":["True Grit","Twin Strike"],"picked":"Iron Wave","floor":31.0},{"not_picked":["Clash","Warcry+1"],"picked":"Flex+1","floor":35},{"not_picked":["Feel No Pain+1","Rampage","Clothesline"],"picked":"SKIP","floor":36},{"not_picked":["Wild Strike+1","Warcry","Corruption"],"picked":"SKIP","floor":39},{"not_picked":["Rage","Perfected Strike+1"],"picked":"Iron Wave+1","floor":40}],"player_experience":69592,"relics_obtained":[{"floor":6.0,"key":"Happy Flower"},{"floor":9.0,"key":"Blood Vial"},{"floor":10.0,"key":"Self Forming Clay"},{"floor":13.0,"key":"Bottled Flame"},{"floor":24.0,"key":"Regal Pillow"},{"floor":26.0,"key":"Dodecahedron"},{"floor":30.0,"key":"Tiny Chest"},{"floor":40,"key":"Meat on the Bone"}],"event_choices":[{"damage_healed":0.0,"max_hp_gain":0.0,"max_hp_loss":0.0,"gold_gain":0.0,"event_name":"Liars Game","player_choice":"Ignored","floor":4.0,"gold_loss":0.0,"damage_taken":0.0},{"damage_healed":0.0,"max_hp_gain":0.0,"max_hp_loss":0.0,"gold_gain":0.0,"event_name":"The Woman in Blue","player_choice":"Bought 0 Potions","floor":5.0,"gold_loss":0.0,"damage_taken":0.0},{"cards_removed":["Strike_R"],"damage_healed":0.0,"max_hp_gain":0.0,"max_hp_loss":0.0,"gold_gain":0.0,"event_name":"Back to Basics","player_choice":"Elegance","floor":19.0,"gold_loss":0.0,"damage_taken":0.0},{"damage_healed":0.0,"max_hp_gain":0.0,"max_hp_loss":0.0,"gold_gain":0.0,"event_name":"Nest","player_choice":"Joined the Cult","floor":21.0,"gold_loss":0.0,"damage_taken":6.0,"cards_obtained":["RitualDagger"]},{"damage_healed":0.0,"max_hp_gain":0.0,"max_hp_loss":0.0,"gold_gain":0.0,"event_name":"Addict","player_choice":"Obtained Relic","floor":22.0,"gold_loss":85.0,"damage_taken":0.0,"relics_obtained":["Dream Catcher"]},{"damage_healed":0,"gold_gain":0,"player_choice":"Max HP","damage_taken":0,"max_hp_gain":0,"max_hp_loss":4,"event_name":"Winding Halls","floor":37,"gold_loss":0},{"damage_healed":0,"gold_gain":0,"player_choice":"0 cards matched","damage_taken":0,"max_hp_gain":0,"max_hp_loss":0,"event_name":"Match and Keep!","floor":41,"gold_loss":0,"cards_obtained":[]}],"is_beta":false,"boss_relics":[{"not_picked":["Empty Cage","Mark of Pain"],"picked":"Runic Pyramid"},{"not_picked":["Orrery","Cursed Key"],"picked":"Sozu"}],"items_purged_floors":[8],"is_endless":false,"potions_floor_spawned":[11,13,14,16,18,27,30,35,39,40],"killed_by":"Reptomancer","ascension_level":1}