{"gold_per_floor":[111,111,124,124,7,35,51,61,61,75,102,102,135,205,205,205],"floor_reached":16,"playtime":2848,"items_purged":[],"score":122,"play_id":"04952235-6607-4693-ac96-4c7e7fe44742","local_time":"20190218134532","is_ascension_mode":false,"campfire_choices":[{"floor":15,"key":"REST"}],"neow_cost":"CURSE","seed_source_timestamp":208957355883596,"circlet_count":0,"master_deck":["Strike_R+1","Strike_R","Strike_R+1","Strike_R","Strike_R","Defend_R","Defend_R","Defend_R","Defend_R","Bash","Cleave","Anger","Feel No Pain","Shrug It Off","Headbutt","Entrench","Warcry","Armaments","True Grit","True Grit"],"relics":["Burning Blood","Letter Opener","Darkstone Periapt","Regal Pillow","SsserpentHead","Gremlin Horn"],"potions_floor_usage":[11],"damage_taken":[{"damage":5,"enemies":"2 Louse","floor":1,"turns":4},{"damage":0,"enemies":"Small Slimes","floor":3,"turns":4},{"damage":33,"enemies":"Lagavulin","floor":6,"turns":6},{"damage":6,"enemies":"Jaw Worm","floor":7,"turns":3},{"damage":10,"enemies":"Looter","floor":8,"turns":2},{"damage":9,"enemies":"Red Slaver","floor":10,"turns":5},{"damage":16,"enemies":"Gremlin Nob","floor":11,"turns":5},{"damage":15,"enemies":"3 Sentries","floor":13,"turns":8},{"damage":0,"enemies":"Blue Slaver","floor":14,"turns":4},{"damage":75,"enemies":"Slime Boss","floor":16,"turns":21}],"seed_played":"8890606692906000007","potions_obtained":[{"floor":1,"key":"EssenceOfSteel"},{"floor":8,"key":"Weak Potion"},{"floor":10,"key":"Fruit Juice"},{"floor":14,"key":"SteroidPotion"}],"is_trial":false,"path_per_floor":["M","?","M","?","$","E","M","M","T","M","E","?","E","M","R","B"],"character_chosen":"IRONCLAD","items_purchased":["Feel No Pain","Shrug It Off"],"campfire_rested":1,"item_purchase_floors":[5,5],"current_hp_per_floor":[96,77,83,76,76,49,49,45,45,42,32,32,23,29,71,0],"gold":205,"neow_bonus":"TWENTY_PERCENT_HP_BONUS","is_prod":false,"is_daily":false,"chose_seed":false,"campfire_upgraded":0,"win_rate":0.0,"timestamp":1550515532,"path_taken":["M","?","M","?","?","E","M","M","T","M","E","?","E","?","R","BOSS"],"build_version":"2019-01-23","purchased_purges":0,"victory":false,"max_hp_per_floor":[96,96,96,93,93,93,93,93,93,93,93,93,93,93,93,93],"card_choices":[{"not_picked":["Clash","Perfected Strike"],"picked":"Cleave","floor":1},{"not_picked":["Sever Soul","Pommel Strike"],"picked":"Anger","floor":3},{"not_picked":["Power Through","Cleave"],"picked":"Headbutt","floor":6},{"not_picked":["Clash","Thunderclap"],"picked":"Entrench","floor":7},{"not_picked":["Seeing Red","Flex"],"picked":"Warcry","floor":8},{"not_picked":["Heavy Blade","Flex"],"picked":"Armaments","floor":10},{"not_picked":["Thunderclap","Pommel Strike"],"picked":"True Grit","floor":11},{"not_picked":["Perfected Strike","Infernal Blade","Combust"],"picked":"SKIP","floor":13},{"not_picked":["Berserk","Headbutt"],"picked":"True Grit","floor":14}],"player_experience":7531,"relics_obtained":[{"floor":6,"key":"Letter Opener"},{"floor":9,"key":"Darkstone Periapt"},{"floor":11,"key":"Regal Pillow"},{"floor":13,"key":"Gremlin Horn"}],"event_choices":[{"damage_healed":0,"gold_gain":0,"player_choice":"Entered Light","damage_taken":19,"max_hp_gain":0,"max_hp_loss":0,"event_name":"Shining Light","floor":2,"gold_loss":0,"cards_upgraded":["Strike_R","Strike_R"]},{"cards_removed":["Parasite"],"damage_healed":0,"gold_gain":0,"player_choice":"Card Removal","damage_taken":7,"max_hp_gain":0,"max_hp_loss":0,"event_name":"Golden Wing","floor":4,"gold_loss":0},{"damage_healed":0,"gold_gain":0,"player_choice":"Trade","damage_taken":0,"relics_obtained":["SsserpentHead"],"max_hp_gain":0,"max_hp_loss":0,"event_name":"FaceTrader","floor":12,"gold_loss":0}],"is_beta":false,"boss_relics":[],"items_purged_floors":[],"is_endless":false,"potions_floor_spawned":[1,8,10,14],"killed_by":"Slime Boss","ascension_level":0}