{"gold_per_floor":[213,213,138,155,155,155,188,188,188,188,214,228,240,240],"floor_reached":14,"playtime":772,"items_purged":["Strike_G"],"score":103,"play_id":"1cb76334-8bae-414c-b720-46cc4a87bdd2","local_time":"20190408190759","is_ascension_mode":true,"campfire_choices":[{"data":"Neutralize","floor":6,"key":"SMITH"},{"floor":8,"key":"REST"},{"data":"Poisoned Stab","floor":10,"key":"SMITH"}],"neow_cost":"NONE","seed_source_timestamp":26110067702028,"circlet_count":0,"master_deck":["Defend_G","Defend_G+1","Defend_G","Defend_G","Defend_G","Strike_G","Strike_G","Strike_G","Strike_G+1","Survivor","Neutralize+1","Poisoned Stab+1","Outmaneuver","Bane","Poisoned Stab","Crippling Poison"],"relics":["Ring of the Snake","Bag of Preparation","Oddly Smooth Stone","Bronze Scales"],"potions_floor_usage":[11],"damage_taken":[{"damage":1,"enemies":"Jaw Worm","floor":1,"turns":4},{"damage":8,"enemies":"2 Louse","floor":4,"turns":3},{"damage":17,"enemies":"Gremlin Nob","floor":7,"turns":5},{"damage":39,"enemies":"3 Sentries","floor":11,"turns":13},{"damage":0,"enemies":"Small Slimes","floor":12,"turns":2},{"damage":7,"enemies":"Exordium Thugs","floor":13,"turns":4},{"damage":13,"enemies":"Exordium Wildlife","floor":14,"turns":3}],"seed_played":"709977538001037526","potions_obtained":[{"floor":7,"key":"FearPotion"},{"floor":13,"key":"FearPotion"}],"is_trial":false,"path_per_floor":["M","?","$","M","?","R","E","R","T","R","E","M","M","M"],"character_chosen":"THE_SILENT","items_purchased":[],"campfire_rested":1,"item_purchase_floors":[],"current_hp_per_floor":[69,74,74,66,51,51,34,56,56,56,17,17,10,0],"gold":240,"neow_bonus":"HUNDRED_GOLD","is_prod":false,"is_daily":false,"chose_seed":false,"campfire_upgraded":2,"win_rate":0,"timestamp":1554764879,"path_taken":["M","?","$","M","?","R","E","R","T","R","E","M","M","M"],"build_version":"2019-01-23","purchased_purges":1,"victory":false,"max_hp_per_floor":[70,75,75,75,75,75,75,75,75,75,75,75,75,75],"card_choices":[{"not_picked":["Cloak And Dagger","Acrobatics"],"picked":"Poisoned Stab","floor":1},{"not_picked":["Backflip","Eviscerate"],"picked":"Outmaneuver","floor":4},{"not_picked":["Finisher","Distraction"],"picked":"Bane","floor":7},{"not_picked":["Escape Plan","Prepared","Sucker Punch"],"picked":"SKIP","floor":11},{"not_picked":["Sucker Punch","Finisher"],"picked":"Poisoned Stab","floor":12},{"not_picked":["Deflect","Footwork"],"picked":"Crippling Poison","floor":13}],"player_experience":471458,"relics_obtained":[{"floor":7,"key":"Bag of Preparation"},{"floor":9,"key":"Oddly Smooth Stone"},{"floor":11,"key":"Bronze Scales"}],"event_choices":[{"damage_healed":0,"gold_gain":0,"player_choice":"Donut","damage_taken":0,"max_hp_gain":5,"max_hp_loss":0,"event_name":"Big Fish","floor":2,"gold_loss":0},{"damage_healed":0,"gold_gain":0,"player_choice":"Entered Light","damage_taken":15,"max_hp_gain":0,"max_hp_loss":0,"event_name":"Shining Light","floor":5,"gold_loss":0,"cards_upgraded":["Strike_G","Defend_G"]}],"is_beta":false,"boss_relics":[],"items_purged_floors":[3],"is_endless":false,"potions_floor_spawned":[7,13],"killed_by":"Exordium Wildlife","ascension_level":1}