{"path_per_floor":["M","M","M","?","M","E","?","E","T","R","$","M","R","M","R","B",null,"M","M"],"character_chosen":"DEFECT","items_purchased":["Ball Lightning","Conserve Battery","Rebound"],"gold_per_floor":[119,136,153,153,164,190,190,215,215,215,93,112,112,124,124,221,221,237,252,252],"floor_reached":20,"campfire_rested":3,"playtime":2915,"item_purchase_floors":[11,11,11],"current_hp_per_floor":[74,74,68,68,68,37,37,21,21,43,43,34,56,52,74,75,75,63,20,0],"items_purged":[],"gold":252,"score":236,"play_id":"8a34e2d8-a8f7-4e64-b783-d20e2024c0dd","local_time":"20180616132851","is_prod":false,"is_daily":false,"chose_seed":false,"is_ascension_mode":false,"campfire_upgraded":0,"win_rate":0.0,"timestamp":1529170131,"campfire_choices":[{"floor":10,"key":"REST"},{"floor":13,"key":"REST"},{"floor":15,"key":"REST"}],"path_taken":["M","M","?","?","M","E","?","E","T","R","$","M","R","M","R","BOSS","M","M","M"],"build_version":"2018-06-14v2","seed_source_timestamp":58958471538532,"purchased_purges":0,"victory":false,"master_deck":["Strike_B","Strike_B","Strike_B","Defend_B","Defend_B","Defend_B","Defend_B","Zap","Dualcast","Tempest","Ball Lightning","Sweeping Beam","Reinforced Body","Steam","White Noise","Biased Cognition","Stack","Ball Lightning","Conserve Battery","Rebound","Conserve Battery","Streamline","Machine Learning","Chill+1"],"max_hp_per_floor":[75,75,75,75,75,75,75,75,75,75,75,75,75,75,75,75,75,75,75,75],"relics":["Cracked Core","Vajra","Letter Opener","Pantograph","White Beast Statue"],"card_choices":[{"not_picked":["Barrage","Redo"],"picked":"Tempest","floor":0},{"not_picked":["Compile Driver","Sweeping Beam"],"picked":"Ball Lightning","floor":1},{"not_picked":["Hello World","Compile Driver"],"picked":"Sweeping Beam","floor":2},{"not_picked":["Coolheaded","Hologram"],"picked":"Reinforced Body","floor":3},{"not_picked":["Ball Lightning","Self Repair"],"picked":"Steam","floor":5},{"not_picked":["Meteor Strike","Capacitor","Reprogram"],"picked":"SKIP","floor":6},{"not_picked":["Go for the Eyes","Sunder"],"picked":"Stack","floor":8},{"not_picked":["Capacitor","Leap"],"picked":"Conserve Battery","floor":12},{"not_picked":["Barrage","Darkness"],"picked":"Streamline","floor":14},{"not_picked":["Thunder Strike","Amplify"],"picked":"Machine Learning","floor":16},{"not_picked":["Cold Snap","FTL+1","Turbo"],"picked":"SKIP","floor":18},{"not_picked":["Compile Driver","Ball Lightning"],"picked":"Chill+1","floor":19}],"player_experience":76891,"potions_floor_usage":[8,16,16,19],"damage_taken":[{"damage":1,"enemies":"Cultist","floor":1,"turns":3},{"damage":0,"enemies":"Small Slimes","floor":2,"turns":2},{"damage":6,"enemies":"Jaw Worm","floor":3,"turns":3},{"damage":0,"enemies":"Red Slaver","floor":5,"turns":4},{"damage":31,"enemies":"Gremlin Nob","floor":6,"turns":4},{"damage":16,"enemies":"3 Sentries","floor":8,"turns":3},{"damage":9,"enemies":"Gremlin Gang","floor":12,"turns":3},{"damage":4,"enemies":"3 Louse","floor":14,"turns":2},{"damage":0,"enemies":"Slime Boss","floor":16,"turns":4},{"damage":12,"enemies":"Chosen","floor":18,"turns":4},{"damage":43,"enemies":"Shell Parasite","floor":19,"turns":5},{"damage":20,"enemies":"3 Cultists","floor":20,"turns":4}],"relics_obtained":[{"floor":6,"key":"Vajra"},{"floor":8,"key":"Letter Opener"},{"floor":9,"key":"Pantograph"}],"event_choices":[{"event_name":"Purifier","player_choice":"One Purge","floor":4,"damage_taken":0},{"event_name":"Match and Keep!","player_choice":"2 cards matched","floor":7,"damage_taken":0}],"boss_relics":[{"not_picked":["Sozu","Philosopher\u0027s Stone"],"picked":"White Beast Statue"}],"items_purged_floors":[],"is_endless":false,"potions_floor_spawned":[3,5,6,8,12,18,19],"seed_played":"38283581064578721","killed_by":"3 Cultists","ascension_level":0,"potions_obtained":[{"floor":3,"key":"Dexterity Potion"},{"floor":5,"key":"GamblersBrew"},{"floor":6,"key":"Regen Potion"},{"floor":8,"key":"Swift Potion"},{"floor":12,"key":"Energy Potion"},{"floor":18,"key":"Strength Potion"},{"floor":19,"key":"Strength Potion"}],"is_trial":false}