{"path_per_floor":["M","$","M","?","M","R","E","M","T","M","?","M","R","?","R","B",null,"M","M","?","T","?","R","M","E","T","M","R","?"],"character_chosen":"DEFECT","items_purchased":["Ball Lightning"],"gold_per_floor":[118,68,84,84,104,104,137,157,180,196,196,213,213,213,213,318,318,336,346,346,396,396,396,414,449,449,469,469,469,469],"floor_reached":30,"campfire_rested":3,"playtime":1728,"item_purchase_floors":[2],"current_hp_per_floor":[77,77,79,79,82,82,64,64,64,70,70,69,82,82,82,48,82,82,48,48,48,48,72,40,18,18,9,33,33,0],"items_purged":[],"gold":469,"score":275,"play_id":"82bc265a-2c7d-423b-809a-b7fa6b83d169","local_time":"20180615204734","is_prod":false,"is_daily":false,"chose_seed":false,"is_ascension_mode":false,"campfire_upgraded":2,"win_rate":0.0,"timestamp":1529110054,"campfire_choices":[{"data":"Zap","floor":6,"key":"SMITH"},{"floor":13,"key":"REST"},{"data":"Electrodynamics","floor":15,"key":"SMITH"},{"floor":23,"key":"REST"},{"floor":28,"key":"REST"}],"path_taken":["M","$","M","?","M","R","E","M","T","M","?","M","R","?","R","BOSS","M","M","?","?","?","R","M","E","T","M","R","?","E"],"build_version":"2018-06-14v2","seed_source_timestamp":79377348830,"purchased_purges":0,"victory":false,"master_deck":["Defend_B+1","Defend_B+1","Defend_B+1","Defend_B+1","Zap+1","Dualcast","Self Repair","Ball Lightning+1","FTL","Leap","Auto Shields","Steam","Leap","Electrodynamics+1","Echo Form","Injury","Writhe","Normality","Redo+1","Sweeping Beam+1","Bite","Bite","Bite","Bite","Bite"],"max_hp_per_floor":[82,82,82,82,82,82,82,82,82,82,82,82,82,82,82,82,82,82,82,82,82,82,82,82,82,82,82,82,57,57],"relics":["Cracked Core","Juzu Bracelet","Pen Nib","Calling Bell","Lantern","Toxic Egg 2","Du-Vu Doll","Happy Flower","Bag of Marbles","Thread and Needle"],"card_choices":[{"not_picked":["FTL","Compile Driver"],"picked":"Self Repair","floor":1},{"not_picked":["Compile Driver","Force Field"],"picked":"FTL","floor":3},{"not_picked":["Turbo","Sunder"],"picked":"Leap","floor":5},{"not_picked":["Aggregate","Scrape"],"picked":"Auto Shields","floor":7},{"not_picked":["Blizzard","Conserve Battery"],"picked":"Steam","floor":8},{"not_picked":["Sweeping Beam","Barrage"],"picked":"Leap","floor":10},{"not_picked":["Steam","Reprogram"],"picked":"Electrodynamics","floor":12},{"not_picked":["Buffer","Fission"],"picked":"Echo Form","floor":16},{"not_picked":["Streamline","Ball Lightning"],"picked":"Redo+1","floor":18},{"not_picked":["Turbo+1","Reprogram+1","Sweeping Beam"],"picked":"SKIP","floor":19},{"not_picked":["Capacitor","Leap+1"],"picked":"Sweeping Beam+1","floor":24},{"not_picked":["Melter","Amplify+1","Reprogram+1"],"picked":"SKIP","floor":25},{"not_picked":["Hologram+1","Go for the Eyes","Doom and Gloom"],"picked":"SKIP","floor":27}],"player_experience":69479,"potions_floor_usage":[8,10,16,16,16,19,24],"damage_taken":[{"damage":5,"enemies":"2 Louse","floor":1,"turns":3},{"damage":5,"enemies":"Small Slimes","floor":3,"turns":4},{"damage":1,"enemies":"Cultist","floor":5,"turns":3},{"damage":25,"enemies":"Lagavulin","floor":7,"turns":6},{"damage":7,"enemies":"3 Louse","floor":8,"turns":3},{"damage":1,"enemies":"Large Slime","floor":10,"turns":4},{"damage":1,"enemies":"Blue Slaver","floor":12,"turns":3},{"damage":41,"enemies":"Hexaghost","floor":16,"turns":11},{"damage":0,"enemies":"Chosen","floor":18,"turns":4},{"damage":41,"enemies":"2 Thieves","floor":19,"turns":4},{"damage":39,"enemies":"Cultist and Chosen","floor":24,"turns":5},{"damage":22,"enemies":"Slavers","floor":25,"turns":4},{"damage":9,"enemies":"Sentry and Sphere","floor":27,"turns":4},{"damage":47,"enemies":"Gremlin Leader","floor":30,"turns":3}],"relics_obtained":[{"floor":7,"key":"Juzu Bracelet"},{"floor":9,"key":"Pen Nib"},{"floor":17,"key":"Lantern"},{"floor":17,"key":"Toxic Egg 2"},{"floor":17,"key":"Du-Vu Doll"},{"floor":21,"key":"Happy Flower"},{"floor":25,"key":"Bag of Marbles"},{"floor":26,"key":"Thread and Needle"}],"event_choices":[{"event_name":"Liars Game","player_choice":"disagreed","floor":4,"damage_taken":0},{"event_name":"Golden Wing","player_choice":"Ignored","floor":11,"damage_taken":0},{"event_name":"Scrap Ooze","player_choice":"unsuccessful","floor":14,"damage_taken":0},{"event_name":"Upgrade Shrine","player_choice":"Upgraded","floor":20,"damage_taken":0},{"event_name":"Back to Basics","player_choice":"Simplicity","floor":22,"damage_taken":0},{"event_name":"Vampires","player_choice":"Became a vampire","floor":29,"damage_taken":0}],"boss_relics":[{"not_picked":["Philosopher\u0027s Stone","Velvet Choker"],"picked":"Calling Bell"}],"items_purged_floors":[],"is_endless":false,"potions_floor_spawned":[1,5,7,10,12,18,19],"seed_played":"-1440106080913702856","killed_by":"Gremlin Leader","ascension_level":0,"potions_obtained":[{"floor":1,"key":"GamblersBrew"},{"floor":5,"key":"Dexterity Potion"},{"floor":7,"key":"Swift Potion"},{"floor":10,"key":"Swift Potion"},{"floor":12,"key":"Swift Potion"},{"floor":18,"key":"SpeedPotion"},{"floor":19,"key":"Poison Potion"}],"is_trial":false}