{"gold_per_floor":[115,134,153,172,185,185,220,220,220,220,234,248,266,292,292,292],"floor_reached":16,"playtime":882,"items_purged":[],"score":232,"play_id":"a8f8b303-b7ae-4af1-9702-aa9f8b406b55","local_time":"20190111053322","is_ascension_mode":true,"campfire_choices":[{"data":"Well Laid Plans","floor":6.0,"key":"SMITH"},{"data":"Terror","floor":8.0,"key":"SMITH"},{"data":"All Out Attack","floor":10.0,"key":"SMITH"},{"floor":15,"key":"REST"}],"neow_cost":"CURSE","seed_source_timestamp":6408031962652400,"circlet_count":0,"master_deck":["AscendersBane","Defend_G","Defend_G","Defend_G","Defend_G","Defend_G","Strike_G","Strike_G","Strike_G","Strike_G","Strike_G","Survivor","Neutralize","Clumsy","All Out Attack+1","Underhanded Strike","Well Laid Plans+1","Reflex","Terror+1","Escape Plan","Calculated Gamble","Backstab","Dagger Throw","Backflip"],"special_seed":0,"relics":["Ring of the Snake","Tough Bandages","FossilizedHelix","Darkstone Periapt","Frozen Egg 2"],"potions_floor_usage":[13,16],"damage_taken":[{"damage":2.0,"enemies":"Cultist","floor":1.0,"turns":5.0},{"damage":0.0,"enemies":"2 Louse","floor":2.0,"turns":3.0},{"damage":1.0,"enemies":"Jaw Worm","floor":3.0,"turns":2.0},{"damage":2.0,"enemies":"2 Fungi Beasts","floor":4.0,"turns":4.0},{"damage":13.0,"enemies":"Lots of Slimes","floor":5.0,"turns":4.0},{"damage":21.0,"enemies":"Gremlin Nob","floor":7.0,"turns":4.0},{"damage":0.0,"enemies":"Blue Slaver","floor":11.0,"turns":3.0},{"damage":0.0,"enemies":"2 Fungi Beasts","floor":12.0,"turns":4.0},{"damage":0,"enemies":"Large Slime","floor":13,"turns":5},{"damage":15,"enemies":"Lagavulin","floor":14,"turns":5},{"damage":28,"enemies":"Hexaghost","floor":16,"turns":9}],"seed_played":"6806426791937269114","potions_obtained":[{"floor":2.0,"key":"Explosive Potion"},{"floor":3.0,"key":"EntropicBrew"},{"floor":11.0,"key":"FearPotion"}],"is_trial":false,"path_per_floor":["M","M","M","M","M","R","E","R","T","R","M","M","M","E","R","B"],"character_chosen":"THE_SILENT","items_purchased":[],"campfire_rested":1,"item_purchase_floors":[],"current_hp_per_floor":[57,57,56,54,41,41,20,20,20,20,20,20,20,5,24,0],"gold":292,"neow_bonus":"ONE_RARE_RELIC","is_prod":false,"is_daily":false,"chose_seed":false,"campfire_upgraded":3,"win_rate":0,"timestamp":1547213602,"path_taken":["M","M","M","M","?","R","E","R","T","R","M","?","M","E","R","BOSS"],"build_version":"2019-01-10","purchased_purges":0,"victory":false,"max_hp_per_floor":[66,66,66,66,66,66,66,66,66,66,66,66,66,66,66,66],"card_choices":[{"not_picked":["Outmaneuver","Dagger Throw"],"picked":"All Out Attack","floor":1.0},{"not_picked":["Leg Sweep","Flechettes"],"picked":"Underhanded Strike","floor":2.0},{"not_picked":["Outmaneuver","Masterful Stab"],"picked":"Well Laid Plans","floor":3.0},{"not_picked":["Eviscerate","Dagger Spray"],"picked":"Reflex","floor":4.0},{"not_picked":["Blade Dance","Masterful Stab"],"picked":"Terror","floor":5.0},{"not_picked":["Blade Dance","Crippling Poison"],"picked":"Escape Plan","floor":7.0},{"not_picked":["Phantasmal Killer","Deadly Poison"],"picked":"Calculated Gamble","floor":11.0},{"not_picked":["Deflect","Dodge and Roll"],"picked":"Backstab","floor":12.0},{"not_picked":["Crippling Poison","Deadly Poison"],"picked":"Dagger Throw","floor":13},{"not_picked":["Slice","Skewer"],"picked":"Backflip","floor":14}],"player_experience":3210813,"relics_obtained":[{"floor":7.0,"key":"FossilizedHelix"},{"floor":9.0,"key":"Darkstone Periapt"},{"floor":14,"key":"Frozen Egg 2"}],"event_choices":[],"is_beta":true,"boss_relics":[],"items_purged_floors":[],"is_endless":false,"potions_floor_spawned":[2,3,11,12],"killed_by":"Hexaghost","ascension_level":20}