{"path_per_floor":["M","M","M","M","M","R","E","M","T","?","R","M","R","M","R"],"character_chosen":"THE_SILENT","items_purchased":[],"gold_per_floor":[115,128,142,160,170,170,198,212,238,338,338,352,352,369,369,369],"floor_reached":16,"campfire_rested":3,"playtime":1363,"item_purchase_floors":[],"current_hp_per_floor":[70,69,69,64,64,70,33,33,33,33,54,54,70,70,70,0],"items_purged":[],"gold":369,"score":106,"play_id":"d423fe60-8bc6-4731-b226-bd8485a98d1b","local_time":"20180619155556","is_prod":false,"is_daily":false,"chose_seed":false,"is_ascension_mode":false,"campfire_upgraded":1,"win_rate":0,"timestamp":1529438156,"campfire_choices":[{"floor":6,"key":"REST"},{"floor":11,"key":"REST"},{"floor":13,"key":"REST"},{"data":"Storm of Steel","floor":15,"key":"SMITH"}],"path_taken":["M","M","M","M","M","R","E","M","T","?","R","M","R","M","R","BOSS"],"build_version":"2018-06-14v2","seed_source_timestamp":328394806406240,"purchased_purges":0,"victory":false,"master_deck":["Defend_G","Defend_G","Defend_G","Defend_G","Defend_G","Strike_G","Strike_G","Strike_G","Strike_G","Survivor","Neutralize","Quick Slash","Backstab","Storm of Steel+1","Cloak And Dagger","All Out Attack","Flying Knee","Flechettes"],"max_hp_per_floor":[70,70,70,70,70,70,70,70,70,70,70,70,70,70,70,70],"relics":["Ring of the Snake","Anchor","Bag of Marbles"],"card_choices":[{"not_picked":["Backflip","PiercingWail"],"picked":"Quick Slash","floor":1},{"not_picked":["Dodge and Roll","Backflip"],"picked":"Backstab","floor":2},{"not_picked":["Skewer","Poisoned Stab","Distraction"],"picked":"SKIP","floor":3},{"not_picked":["Deflect","Catalyst"],"picked":"Storm of Steel","floor":4},{"not_picked":["Endless Agony","Quick Slash"],"picked":"Cloak And Dagger","floor":5},{"not_picked":["Prepared","Heel Hook"],"picked":"All Out Attack","floor":7},{"not_picked":["Deflect","Poisoned Stab"],"picked":"Flying Knee","floor":8},{"not_picked":["Sucker Punch","Deflect"],"picked":"Flechettes","floor":12},{"not_picked":["Masterful Stab","A Thousand Cuts","Dodge and Roll"],"picked":"SKIP","floor":14}],"player_experience":124541,"potions_floor_usage":[12,16,16],"damage_taken":[{"damage":0,"enemies":"Jaw Worm","floor":1,"turns":4},{"damage":1,"enemies":"Cultist","floor":2,"turns":4},{"damage":0,"enemies":"2 Louse","floor":3,"turns":3},{"damage":5,"enemies":"Exordium Thugs","floor":4,"turns":5},{"damage":0,"enemies":"3 Louse","floor":5,"turns":3},{"damage":37,"enemies":"Lagavulin","floor":7,"turns":9},{"damage":0,"enemies":"Large Slime","floor":8,"turns":5},{"damage":0,"enemies":"Looter","floor":12,"turns":2},{"damage":0,"enemies":"Blue Slaver","floor":14,"turns":2},{"damage":74,"enemies":"Hexaghost","floor":16,"turns":12}],"relics_obtained":[{"floor":7,"key":"Anchor"},{"floor":9,"key":"Bag of Marbles"}],"event_choices":[{"event_name":"Wheel of Change","player_choice":"Gold","floor":10,"damage_taken":0}],"boss_relics":[],"items_purged_floors":[],"is_endless":false,"potions_floor_spawned":[2,7,14],"seed_played":"2318020860645104273","killed_by":"Hexaghost","ascension_level":0,"potions_obtained":[{"floor":2,"key":"Swift Potion"},{"floor":7,"key":"Strength Potion"},{"floor":14,"key":"SkillPotion"}],"is_trial":false}