{"gold_per_floor":[13,13,13,25,38,38,65,82,133,146,173,185,195,226,226,301,301,319,319,333,7,7,38,38,38],"floor_reached":25,"playtime":1459,"items_purged":["Writhe"],"score":486,"play_id":"02ee8644-67f0-4f14-8c9d-7f5e6dabc818","local_time":"20190414230657","is_ascension_mode":true,"campfire_choices":[{"data":"Cleave","floor":6,"key":"SMITH"},{"floor":15,"key":"REST"},{"floor":24,"key":"REST"}],"neow_cost":"NO_GOLD","seed_source_timestamp":304864787009187,"circlet_count":0,"master_deck":["AscendersBane","Strike_R","Strike_R","Strike_R","Strike_R","Strike_R","Defend_R","Defend_R","Defend_R","Defend_R","Bash+1","Cleave+1","Twin Strike","Thunderclap","Carnage","Iron Wave","Disarm","Offering","Headbutt","True Grit","Headbutt","Barricade","Anger","Battle Trance","Shrug It Off","Headbutt","Impervious","Bloodletting","Metallicize","Finesse","Shrug It Off","Dual Wield"],"relics":["Burning Blood","Ornamental Fan","Happy Flower","Smiling Mask","Pocketwatch","Orrery","Champion Belt","Boot","Dream Catcher","Blood Vial"],"potions_floor_usage":[7,11,13,14],"damage_taken":[{"damage":14,"enemies":"Jaw Worm","floor":1,"turns":3},{"damage":10,"enemies":"Small Slimes","floor":4,"turns":3},{"damage":1,"enemies":"Cultist","floor":5,"turns":3},{"damage":40,"enemies":"Lagavulin","floor":7,"turns":6},{"damage":9,"enemies":"2 Fungi Beasts","floor":8,"turns":3},{"damage":11,"enemies":"Looter","floor":10,"turns":2},{"damage":8,"enemies":"Gremlin Nob","floor":11,"turns":3},{"damage":5,"enemies":"Large Slime","floor":12,"turns":5},{"damage":6,"enemies":"Exordium Wildlife","floor":13,"turns":3},{"damage":25,"enemies":"3 Sentries","floor":14,"turns":7},{"damage":12,"enemies":"Slime Boss","floor":16,"turns":7},{"damage":10,"enemies":"2 Thieves","floor":18,"turns":3},{"damage":15,"enemies":"3 Byrds","floor":20,"turns":6},{"damage":28,"enemies":"Gremlin Leader","floor":23,"turns":8},{"damage":82,"enemies":"Book of Stabbing","floor":25,"turns":7}],"seed_played":"7908349088815658882","potions_obtained":[{"floor":5,"key":"EntropicBrew"},{"floor":7,"key":"PowerPotion"},{"floor":11,"key":"Dexterity Potion"},{"floor":13,"key":"FairyPotion"},{"floor":18,"key":"Fire Potion"},{"floor":20,"key":"BloodPotion"}],"is_trial":false,"path_per_floor":["M","?","?","M","M","R","E","M","T","M","E","M","M","E","R","B",null,"M","?","M","$","?","E","R","E"],"character_chosen":"IRONCLAD","items_purchased":["Boot","Finesse"],"campfire_rested":2,"item_purchase_floors":[21,21],"current_hp_per_floor":[74,74,74,70,75,75,41,38,38,33,31,32,32,13,39,33,75,71,71,62,62,62,40,66,0],"gold":38,"neow_bonus":"TWENTY_PERCENT_HP_BONUS","is_prod":false,"is_daily":false,"chose_seed":false,"campfire_upgraded":1,"win_rate":0,"timestamp":1555308417,"path_taken":["M","?","?","M","M","R","E","M","T","M","E","M","M","E","R","BOSS","M","?","M","$","?","E","R","E"],"build_version":"2019-01-23","purchased_purges":1,"victory":false,"max_hp_per_floor":[89,89,89,89,89,89,89,89,89,89,89,89,89,89,89,89,89,89,89,89,89,89,89,89,89],"card_choices":[{"not_picked":["Anger","Heavy Blade"],"picked":"Cleave","floor":1},{"not_picked":["Carnage","Wild Strike"],"picked":"Twin Strike","floor":4},{"not_picked":["Blood for Blood","Iron Wave"],"picked":"Thunderclap","floor":5},{"not_picked":["Cleave","Hemokinesis"],"picked":"Carnage","floor":7},{"not_picked":["Sever Soul","Dual Wield"],"picked":"Iron Wave","floor":8},{"not_picked":["Sword Boomerang","Havoc"],"picked":"Disarm","floor":10},{"not_picked":["Pommel Strike","Shockwave"],"picked":"Offering","floor":11},{"not_picked":["Sever Soul","Wild Strike"],"picked":"Headbutt","floor":12},{"not_picked":["Wild Strike","Carnage"],"picked":"True Grit","floor":13},{"not_picked":["Clothesline","Iron Wave"],"picked":"Headbutt","floor":14},{"not_picked":["Fiend Fire","Berserk"],"picked":"Barricade","floor":16},{"not_picked":["Clothesline","Bloodletting"],"picked":"Anger","floor":17},{"not_picked":["Fire Breathing","Flame Barrier"],"picked":"Battle Trance","floor":17},{"not_picked":["Cleave","Rampage"],"picked":"Shrug It Off","floor":17},{"not_picked":["Twin Strike","Armaments"],"picked":"Headbutt","floor":17},{"not_picked":["Perfected Strike","Headbutt"],"picked":"Impervious","floor":17},{"not_picked":["Dual Wield","Infernal Blade+1"],"picked":"Bloodletting","floor":18},{"not_picked":["Searing Blow+1","Infernal Blade+1"],"picked":"Metallicize","floor":20},{"not_picked":["True Grit","Sever Soul"],"picked":"Shrug It Off","floor":23},{"not_picked":["Sword Boomerang","Pommel Strike"],"picked":"Dual Wield","floor":24}],"player_experience":669696,"relics_obtained":[{"floor":7,"key":"Ornamental Fan"},{"floor":9,"key":"Happy Flower"},{"floor":11,"key":"Smiling Mask"},{"floor":14,"key":"Pocketwatch"},{"floor":23,"key":"Blood Vial"}],"event_choices":[{"damage_healed":0,"gold_gain":0,"player_choice":"Grow","damage_taken":0,"max_hp_gain":0,"max_hp_loss":0,"event_name":"Living Wall","floor":2,"gold_loss":0,"cards_upgraded":["Bash"]},{"damage_healed":0,"gold_gain":0,"player_choice":"Ignored","damage_taken":0,"max_hp_gain":0,"max_hp_loss":0,"event_name":"Liars Game","floor":3,"gold_loss":0},{"damage_healed":0,"gold_gain":0,"player_choice":"Opened","damage_taken":0,"relics_obtained":["Champion Belt"],"max_hp_gain":0,"max_hp_loss":0,"event_name":"The Mausoleum","floor":19,"gold_loss":0,"cards_obtained":["Writhe"]},{"damage_healed":0,"gold_gain":0,"player_choice":"Gave Potion","damage_taken":0,"relics_obtained":["Dream Catcher"],"max_hp_gain":0,"max_hp_loss":0,"event_name":"WeMeetAgain","floor":22,"gold_loss":0}],"is_beta":false,"boss_relics":[{"not_picked":["Runic Dome","Mark of Pain"],"picked":"Orrery"}],"items_purged_floors":[21],"is_endless":false,"potions_floor_spawned":[5,7,11,12,13,18,20],"killed_by":"Book of Stabbing","ascension_level":20}