{"gold_per_floor":[109,128,128,144,157,192,192,192,192,192,224,224,238,258,258,355,355,375,391,33,50,67,98,98,19,19,35,49,49,49,69,69,69],"floor_reached":33,"playtime":844,"items_purged":["Defend_R"],"score":281,"play_id":"7780a112-b174-4c9e-a927-ce268bfca2a4","local_time":"20190311232059","is_ascension_mode":false,"campfire_choices":[{"data":"Corruption","floor":7,"key":"SMITH"},{"data":"Sentinel","floor":10,"key":"SMITH"},{"data":"Cleave","floor":12,"key":"SMITH"},{"data":"Shrug It Off","floor":15,"key":"SMITH"},{"data":"Inflame","floor":24,"key":"SMITH"},{"floor":30,"key":"REST"},{"data":"Inflame","floor":32,"key":"SMITH"}],"neow_cost":"NONE","seed_source_timestamp":82463677433546,"circlet_count":0,"master_deck":["Strike_R","Strike_R","Strike_R","Strike_R","Strike_R+1","Defend_R","Defend_R","Defend_R","Bash","Corruption+1","Clash+1","Cleave+1","Sentinel+1","Clash","Limit Break","Shrug It Off+1","Limit Break","Heavy Blade","Inflame+1","Heavy Blade+1","Battle Trance","Whirlwind","Inflame+1","Shrug It Off"],"relics":["Burning Blood","NeowsBlessing","Blue Candle","Bottled Lightning","Anchor","Sozu","Strange Spoon","Bag of Preparation","Nunchaku"],"potions_floor_usage":[6,6,13],"damage_taken":[{"damage":0,"enemies":"Cultist","floor":1,"turns":1},{"damage":0,"enemies":"2 Louse","floor":2,"turns":1},{"damage":0,"enemies":"Small Slimes","floor":4,"turns":2},{"damage":4,"enemies":"Gremlin Gang","floor":5,"turns":4},{"damage":25,"enemies":"Lagavulin","floor":6,"turns":6},{"damage":5,"enemies":"Gremlin Nob","floor":11,"turns":3},{"damage":0,"enemies":"3 Louse","floor":13,"turns":3},{"damage":10,"enemies":"Looter","floor":14,"turns":3},{"damage":37,"enemies":"Hexaghost","floor":16,"turns":7},{"damage":12,"enemies":"Shell Parasite","floor":18,"turns":6},{"damage":0,"enemies":"2 Thieves","floor":19,"turns":4},{"damage":1,"enemies":"Centurion and Healer","floor":21,"turns":5},{"damage":31,"enemies":"Cultist and Chosen","floor":22,"turns":6},{"damage":21,"enemies":"Gremlin Leader","floor":23,"turns":3},{"damage":15,"enemies":"Shelled Parasite and Fungi","floor":27,"turns":4},{"damage":22,"enemies":"Snake Plant","floor":28,"turns":4},{"damage":5,"enemies":"Centurion and Healer","floor":31,"turns":4},{"damage":72,"enemies":"Automaton","floor":33,"turns":6}],"seed_played":"5432027653122361878","potions_obtained":[{"floor":1,"key":"Weak Potion"},{"floor":4,"key":"LiquidBronze"},{"floor":11,"key":"BloodPotion"}],"is_trial":false,"path_per_floor":["M","M","?","M","M","E","R","?","T","R","E","R","M","M","R","B",null,"M","M","$","M","M","E","R","$","T","M","M","?","R","M","R","B"],"character_chosen":"IRONCLAD","items_purchased":["Inflame","Strange Spoon","Inflame"],"campfire_rested":1,"item_purchase_floors":[20,20,25],"current_hp_per_floor":[80,80,64,70,72,53,53,53,53,53,54,54,68,64,64,33,80,74,80,80,80,55,40,40,40,40,31,15,15,39,40,40,0],"gold":69,"neow_bonus":"THREE_ENEMY_KILL","is_prod":false,"is_daily":false,"chose_seed":false,"campfire_upgraded":6,"win_rate":0,"timestamp":1552332059,"path_taken":["M","?","?","M","M","E","R","?","T","R","E","R","M","M","R","BOSS","M","M","$","M","?","E","R","$","T","M","M","?","R","M","R","BOSS"],"build_version":"2019-01-23","purchased_purges":1,"victory":false,"max_hp_per_floor":[80,80,80,80,80,80,80,80,80,80,80,80,80,80,80,80,80,80,80,80,80,80,80,80,80,80,80,80,80,80,80,80,80],"card_choices":[{"not_picked":["Twin Strike","Wild Strike"],"picked":"Corruption","floor":1},{"not_picked":["Spot Weakness","Sword Boomerang"],"picked":"Clash","floor":2},{"not_picked":["Headbutt","Armaments"],"picked":"Cleave","floor":4},{"not_picked":["Metallicize","Blood for Blood","Dual Wield"],"picked":"SKIP","floor":5},{"not_picked":["Iron Wave","Havoc"],"picked":"Sentinel","floor":6},{"not_picked":["Wild Strike","Shrug It Off"],"picked":"Clash","floor":11},{"not_picked":["Pummel","Corruption"],"picked":"Limit Break","floor":13},{"not_picked":["Corruption","Body Slam"],"picked":"Shrug It Off","floor":14},{"not_picked":["Reaper","Barricade"],"picked":"Limit Break","floor":16},{"not_picked":["Headbutt","Warcry","Rupture"],"picked":"SKIP","floor":18},{"not_picked":["Perfected Strike+1","Sever Soul"],"picked":"Heavy Blade","floor":19},{"not_picked":["Clash+1","Sword Boomerang+1"],"picked":"Heavy Blade+1","floor":21},{"not_picked":["Havoc","Bloodletting"],"picked":"Battle Trance","floor":22},{"not_picked":["Dual Wield","Headbutt+1"],"picked":"Whirlwind","floor":23},{"not_picked":["Bloodletting+1","True Grit"],"picked":"Shrug It Off","floor":27},{"not_picked":["Searing Blow","Headbutt+1","Second Wind"],"picked":"SKIP","floor":28},{"not_picked":["Immolate","Clothesline","Combust"],"picked":"SKIP","floor":31}],"player_experience":687433,"relics_obtained":[{"floor":6,"key":"Blue Candle"},{"floor":9,"key":"Bottled Lightning"},{"floor":11,"key":"Anchor"},{"floor":23,"key":"Bag of Preparation"},{"floor":26,"key":"Nunchaku"}],"event_choices":[{"damage_healed":0,"gold_gain":0,"player_choice":"Entered Light","damage_taken":16,"max_hp_gain":0,"max_hp_loss":0,"event_name":"Shining Light","floor":3,"gold_loss":0,"cards_upgraded":["Strike_R","Clash"]},{"damage_healed":0,"gold_gain":0,"player_choice":"Bought 0 Potions","damage_taken":0,"max_hp_gain":0,"max_hp_loss":0,"event_name":"The Woman in Blue","floor":8,"gold_loss":0},{"damage_healed":0,"gold_gain":0,"player_choice":"Ignored","damage_taken":0,"max_hp_gain":0,"max_hp_loss":0,"event_name":"The Mausoleum","floor":29,"gold_loss":0}],"is_beta":false,"boss_relics":[{"not_picked":["Fusion Hammer","Black Star"],"picked":"Sozu"}],"items_purged_floors":[20],"is_endless":false,"potions_floor_spawned":[1,4,11,18,19,27,31],"killed_by":"Automaton","ascension_level":0}