{"gold_per_floor":[115,15,15,33,51,51,51,71,71,71,82,7,7,35,35,35],"floor_reached":16,"playtime":1110,"items_purged":["Regret"],"score":200,"play_id":"4e2a6fce-fb7c-411b-abb2-1d3671a7e947","local_time":"20190316234007","is_ascension_mode":true,"campfire_choices":[{"data":"Trip","floor":6,"key":"SMITH"},{"data":"Blade Dance","floor":10,"key":"SMITH"},{"data":"Distraction","floor":13,"key":"SMITH"},{"floor":15,"key":"REST"}],"neow_cost":"NONE","seed_source_timestamp":676035237385600,"circlet_count":0,"master_deck":["AscendersBane","Defend_G","Defend_G","Defend_G","Defend_G","Defend_G","Strike_G","Strike_G","Strike_G","Strike_G","Strike_G","Survivor","Neutralize","Finesse","Distraction+1","Trip+1","Footwork","Blade Dance+1","Endless Agony","All Out Attack","Unload"],"relics":["Ring of the Snake","Ornamental Fan","Snake Skull","Bottled Tornado"],"potions_floor_usage":[8,8,16],"damage_taken":[{"damage":4,"enemies":"Jaw Worm","floor":1,"turns":6},{"damage":8,"enemies":"Small Slimes","floor":4,"turns":6},{"damage":6,"enemies":"Cultist","floor":5,"turns":5},{"damage":0,"enemies":"Lots of Slimes","floor":8,"turns":3},{"damage":1,"enemies":"Exordium Wildlife","floor":11,"turns":3},{"damage":21,"enemies":"Lagavulin","floor":14,"turns":8},{"damage":31,"enemies":"Slime Boss","floor":16,"turns":6}],"seed_played":"-4299141877319901147","potions_obtained":[{"floor":1,"key":"Fire Potion"},{"floor":5,"key":"Fire Potion"},{"floor":11,"key":"Swift Potion"}],"is_trial":false,"path_per_floor":["M","$","?","M","M","R","?","M","T","R","M","$","R","E","R","B"],"character_chosen":"THE_SILENT","items_purchased":["Trip"],"campfire_rested":1,"item_purchase_floors":[2],"current_hp_per_floor":[55,55,55,47,41,41,32,32,32,32,31,31,31,10,29,0],"gold":35,"neow_bonus":"RANDOM_COLORLESS","is_prod":false,"is_daily":false,"chose_seed":false,"campfire_upgraded":3,"win_rate":0,"timestamp":1552804807,"path_taken":["M","$","?","M","M","R","?","M","T","R","?","?","R","E","R","BOSS"],"build_version":"2019-03-15","purchased_purges":1,"victory":false,"max_hp_per_floor":[66,66,66,66,66,66,66,66,66,66,66,66,66,66,66,66],"card_choices":[{"not_picked":["Underhanded Strike","Bane"],"picked":"Distraction","floor":1},{"not_picked":["Finisher","Terror"],"picked":"Footwork","floor":4},{"not_picked":["Endless Agony","Accuracy"],"picked":"Blade Dance","floor":5},{"not_picked":["Deflect","Catalyst"],"picked":"Endless Agony","floor":8},{"not_picked":["Expertise","Deflect"],"picked":"All Out Attack","floor":11},{"not_picked":["Slice","Flying Knee"],"picked":"Unload","floor":14}],"player_experience":3371481,"relics_obtained":[{"floor":9,"key":"Snake Skull"},{"floor":14,"key":"Bottled Tornado"}],"event_choices":[{"damage_healed":0,"gold_gain":0,"player_choice":"Box","damage_taken":0,"relics_obtained":["Ornamental Fan"],"max_hp_gain":0,"max_hp_loss":0,"event_name":"Big Fish","floor":3,"gold_loss":0,"cards_obtained":["Regret"]},{"damage_healed":0,"gold_gain":0,"player_choice":"Damaged","damage_taken":9,"max_hp_gain":0,"max_hp_loss":0,"event_name":"Wheel of Change","floor":7,"gold_loss":0}],"is_beta":true,"boss_relics":[],"items_purged_floors":[12],"is_endless":false,"potions_floor_spawned":[1,5,11],"killed_by":"Slime Boss","ascension_level":20}