{"gold_per_floor":[112,112,112,129,129,129,143,39,66,77,90,90,15,33,33,129,129,148,148,48,63,63,63,79,96,120,120,120],"floor_reached":28,"playtime":928,"items_purged":["Strike_G","Defend_G"],"score":210,"play_id":"86dafb5c-5ff1-496c-8085-5993062d41e4","local_time":"20180721221515","is_ascension_mode":false,"campfire_choices":[{"floor":6,"key":"REST"},{"data":"Unload","floor":12,"key":"SMITH"},{"data":"Backstab","floor":15,"key":"SMITH"},{"data":"Night Terror","floor":23,"key":"SMITH"}],"neow_cost":"","seed_source_timestamp":312153385536308,"circlet_count":0,"master_deck":["Defend_G+1","Defend_G","Defend_G","Defend_G","Strike_G","Strike_G","Survivor","Neutralize","Dash+1","Acrobatics","Backstab+1","Flash of Steel","Unload+1","Dagger Throw","Underhanded Strike","Night Terror+1","Dash+1","Riddle With Holes","Distraction"],"relics":["Ring of the Snake","WristBlade","Nloth\u0027s Gift","Pen Nib","Smiling Mask"],"potions_floor_usage":[16],"damage_taken":[{"damage":1,"enemies":"Cultist","floor":1,"turns":4},{"damage":0,"enemies":"Jaw Worm","floor":4,"turns":4},{"damage":2,"enemies":"Small Slimes","floor":7,"turns":4},{"damage":0,"enemies":"3 Louse","floor":10,"turns":3},{"damage":0,"enemies":"Exordium Thugs","floor":11,"turns":2},{"damage":0,"enemies":"Looter","floor":14,"turns":2},{"damage":48,"enemies":"Hexaghost","floor":16,"turns":9},{"damage":0,"enemies":"Chosen","floor":18,"turns":3},{"damage":10,"enemies":"Spheric Guardian","floor":21,"turns":3},{"damage":12,"enemies":"Centurion and Healer","floor":24,"turns":4},{"damage":24,"enemies":"Slaver and Parasite","floor":25,"turns":5},{"damage":39,"enemies":"Book of Stabbing","floor":28,"turns":3}],"seed_played":"-1002462864543055548","potions_obtained":[{"floor":4,"key":"SpeedPotion"},{"floor":7,"key":"Fire Potion"},{"floor":14,"key":"Explosive Potion"},{"floor":18,"key":"Strength Potion"}],"is_trial":false,"path_per_floor":["M","?","?","M","?","R","M","$","T","M","M","R","$","M","R","B",null,"M","?","$","M","?","R","M","M","T","T"],"character_chosen":"THE_SILENT","items_purchased":["Flash of Steel"],"campfire_rested":1,"item_purchase_floors":[8],"current_hp_per_floor":[69,55,48,48,48,69,67,67,67,67,67,67,67,67,67,19,70,70,70,70,60,60,60,48,24,24,24,0],"gold":120,"neow_bonus":"","is_prod":false,"is_daily":false,"chose_seed":false,"campfire_upgraded":3,"win_rate":0,"timestamp":1532225715,"path_taken":["M","?","?","M","?","R","M","$","T","M","M","R","$","M","R","BOSS","M","?","$","M","?","R","M","M","T","?","E"],"build_version":"2018-07-19v2","purchased_purges":2,"victory":false,"max_hp_per_floor":[70,70,70,70,70,70,70,70,70,70,70,70,70,70,70,70,70,70,70,70,70,70,70,70,70,70,70,70],"card_choices":[{"not_picked":["Dagger Throw","Accuracy"],"picked":"Dash","floor":1},{"not_picked":["Infinite Blades","Distraction"],"picked":"Acrobatics","floor":4},{"not_picked":["Slice","Deadly Poison"],"picked":"Backstab","floor":7},{"not_picked":["PiercingWail","Acrobatics"],"picked":"Unload","floor":10},{"not_picked":["Expertise","Quick Slash"],"picked":"Dagger Throw","floor":11},{"not_picked":["Dagger Throw","Riddle With Holes"],"picked":"Underhanded Strike","floor":14},{"not_picked":["Adrenaline","Grand Finale"],"picked":"Night Terror","floor":16},{"not_picked":["Prepared","Outmaneuver","PiercingWail"],"picked":"SKIP","floor":18},{"not_picked":["Phantasmal Killer","Catalyst+1"],"picked":"Dash+1","floor":21},{"not_picked":["Riddle With Holes","Outmaneuver","Setup"],"picked":"SKIP","floor":24},{"not_picked":["Cloak And Dagger","Bane"],"picked":"Distraction","floor":25}],"player_experience":288121,"relics_obtained":[{"floor":9,"key":"Bag of Marbles"},{"floor":26,"key":"Pen Nib"},{"floor":27,"key":"Smiling Mask"}],"event_choices":[{"event_name":"Shining Light","player_choice":"Entered Light","floor":2,"damage_taken":0},{"event_name":"Golden Wing","player_choice":"Card Removal","floor":3,"damage_taken":0},{"event_name":"Liars Game","player_choice":"disagreed","floor":5,"damage_taken":0},{"event_name":"N\u0027loth","player_choice":"Traded a Bag of Marbles","floor":19,"damage_taken":0},{"event_name":"Transmorgrifier","player_choice":"Transform","floor":22,"damage_taken":0}],"is_beta":false,"boss_relics":[{"not_picked":["Pandora\u0027s Box","Busted Crown"],"picked":"WristBlade"}],"items_purged_floors":[13,20],"is_endless":false,"potions_floor_spawned":[4,7,14,18,25],"killed_by":"Book of Stabbing","ascension_level":0}