{"gold_per_floor":[114,114,114,125,145,171,171,190,190,50,50,50,76,50,50,151,151,165,265,284,6,22,22,32,32],"floor_reached":25,"playtime":863,"items_purged":["Heatsinks+1"],"score":211,"play_id":"d828ff31-a45c-4485-91c3-0c3423ee4c59","local_time":"20190329212059","is_ascension_mode":false,"campfire_choices":[{"floor":7,"key":"REST"},{"floor":11,"key":"REST"},{"data":"Electrodynamics","floor":15,"key":"SMITH"}],"neow_cost":"NONE","seed_source_timestamp":455177100356937,"circlet_count":0,"master_deck":["Strike_B","Defend_B","Defend_B","Defend_B","Zap","Dualcast","Ball Lightning","Hologram","Electrodynamics+1","Gash","Reboot+1","Seek+1","Streamline","Conserve Battery+1","Ball Lightning+1"],"relics":["Runic Pyramid","Vajra","StoneCalendar","Meat on the Bone","Bag of Marbles","Astrolabe","ClockworkSouvenir"],"potions_floor_usage":[13,13],"damage_taken":[{"damage":0,"enemies":"Small Slimes","floor":1,"turns":3},{"damage":7,"enemies":"2 Louse","floor":4,"turns":3},{"damage":0,"enemies":"Cultist","floor":5,"turns":3},{"damage":31,"enemies":"3 Sentries","floor":6,"turns":6},{"damage":19,"enemies":"Lots of Slimes","floor":8,"turns":4},{"damage":27,"enemies":"Gremlin Nob","floor":13,"turns":4},{"damage":10,"enemies":"Slime Boss","floor":16,"turns":6},{"damage":22,"enemies":"2 Thieves","floor":18,"turns":3},{"damage":23,"enemies":"Shell Parasite","floor":20,"turns":3},{"damage":16,"enemies":"Chosen and Byrds","floor":22,"turns":5},{"damage":23,"enemies":"3 Cultists","floor":24,"turns":4},{"damage":27,"enemies":"Gremlin Leader","floor":25,"turns":2}],"seed_played":"-2340505833597113200","potions_obtained":[{"floor":1,"key":"Dexterity Potion"},{"floor":5,"key":"Swift Potion"},{"floor":6,"key":"Ancient Potion"},{"floor":18,"key":"EssenceOfSteel"}],"is_trial":false,"path_per_floor":["M","?","?","M","M","E","R","M","T","$","R","?","E","$","R","B",null,"M","?","M","$","M","$","M","E"],"character_chosen":"DEFECT","items_purchased":["Electrodynamics","Gash","ClockworkSouvenir"],"campfire_rested":2,"item_purchase_floors":[10,14,21],"current_hp_per_floor":[75,68,61,54,54,23,45,26,26,26,48,73,46,46,46,48,75,53,53,42,42,38,38,27,0],"gold":32,"neow_bonus":"BOSS_RELIC","is_prod":false,"is_daily":false,"chose_seed":false,"campfire_upgraded":1,"win_rate":0,"timestamp":1553908859,"path_taken":["M","?","?","M","M","E","R","M","T","$","R","?","E","$","R","BOSS","M","?","?","$","M","$","M","E"],"build_version":"2019-01-23","purchased_purges":1,"victory":false,"max_hp_per_floor":[75,75,75,75,75,75,75,75,75,75,75,75,75,75,75,75,75,75,75,75,75,75,75,75,75],"card_choices":[{"not_picked":["Double Energy","Redo","Force Field"],"picked":"SKIP","floor":1},{"not_picked":["Chaos","Genetic Algorithm","Steam"],"picked":"SKIP","floor":4},{"not_picked":["Turbo","Genetic Algorithm"],"picked":"Ball Lightning","floor":5},{"not_picked":["Barrage","FTL","Coolheaded"],"picked":"SKIP","floor":6},{"not_picked":["Sweeping Beam","Melter"],"picked":"Hologram","floor":8},{"not_picked":["Undo","Biased Cognition","Loop"],"picked":"SKIP","floor":13},{"not_picked":["Rebound","Undo+1"],"picked":"Streamline","floor":18},{"not_picked":["Skim+1","Go for the Eyes"],"picked":"Conserve Battery+1","floor":20},{"not_picked":["Go for the Eyes+1","Fusion"],"picked":"Ball Lightning+1","floor":22},{"not_picked":["Stack","Compile Driver","Aggregate+1"],"picked":"SKIP","floor":24}],"player_experience":418548,"relics_obtained":[{"floor":6,"key":"StoneCalendar"},{"floor":9,"key":"Meat on the Bone"},{"floor":13,"key":"Bag of Marbles"}],"event_choices":[{"damage_healed":0,"gold_gain":0,"player_choice":"Success","damage_taken":7,"relics_obtained":["Vajra"],"max_hp_gain":0,"max_hp_loss":0,"event_name":"Scrap Ooze","floor":2,"gold_loss":0},{"cards_removed":["Strike_B"],"damage_healed":0,"gold_gain":0,"player_choice":"Card Removal","damage_taken":7,"max_hp_gain":0,"max_hp_loss":0,"event_name":"Golden Wing","floor":3,"gold_loss":0},{"damage_healed":25,"gold_gain":0,"player_choice":"Banana","damage_taken":0,"max_hp_gain":0,"max_hp_loss":0,"event_name":"Big Fish","floor":12,"gold_loss":0},{"damage_healed":0,"gold_gain":100,"player_choice":"Pray","damage_taken":0,"max_hp_gain":0,"max_hp_loss":0,"event_name":"Golden Shrine","floor":19,"gold_loss":0}],"is_beta":false,"boss_relics":[{"not_picked":["Orrery","Velvet Choker"],"picked":"Astrolabe"}],"items_purged_floors":[21],"is_endless":false,"potions_floor_spawned":[1,5,6,16,18],"killed_by":"Gremlin Leader","ascension_level":0}