{"gold_per_floor":[112,112,124,142,142,169,169,199,278,278],"floor_reached":10,"playtime":199,"items_purged":[],"score":148,"play_id":"4a2ddd8a-5a9c-4873-acc0-374a62fbb67a","local_time":"20190316142214","is_ascension_mode":true,"campfire_choices":[{"floor":7,"key":"REST"}],"neow_cost":"NONE","seed_source_timestamp":58642575218717,"circlet_count":0,"master_deck":["AscendersBane","Strike_R","Strike_R","Strike_R","Strike_R","Strike_R","Defend_R","Defend_R","Defend_R","Defend_R","Bash","Spot Weakness+1","Pommel Strike","Perfected Strike","Uppercut"],"relics":["Burning Blood","NeowsBlessing","Bird Faced Urn","Boot","The Courier"],"potions_floor_usage":[6,10],"damage_taken":[{"damage":0,"enemies":"Small Slimes","floor":1,"turns":1},{"damage":0,"enemies":"Cultist","floor":3,"turns":1},{"damage":0,"enemies":"Jaw Worm","floor":4,"turns":1},{"damage":50,"enemies":"3 Sentries","floor":6,"turns":7},{"damage":39,"enemies":"Gremlin Nob","floor":8,"turns":4},{"damage":41,"enemies":"Lagavulin","floor":10,"turns":6}],"seed_played":"-1571897097016696286","potions_obtained":[{"floor":3,"key":"SpeedPotion"},{"floor":4,"key":"EssenceOfSteel"}],"is_trial":false,"path_per_floor":["M","?","M","M","?","E","R","E","T","E"],"character_chosen":"IRONCLAD","items_purchased":[],"campfire_rested":1,"item_purchase_floors":[],"current_hp_per_floor":[74,74,75,75,80,36,60,27,27,0],"gold":278,"neow_bonus":"THREE_ENEMY_KILL","is_prod":false,"is_daily":false,"chose_seed":false,"campfire_upgraded":0,"win_rate":0,"timestamp":1552731734,"path_taken":["M","?","?","M","?","E","R","E","T","E"],"build_version":"2019-01-23","purchased_purges":0,"victory":false,"max_hp_per_floor":[75,75,75,75,80,80,80,80,80,80],"card_choices":[{"not_picked":["Havoc","Entrench"],"picked":"Spot Weakness","floor":1},{"not_picked":["Cleave","Shrug It Off"],"picked":"Pommel Strike","floor":3},{"not_picked":["Power Through","Warcry"],"picked":"Perfected Strike","floor":4},{"not_picked":["Wild Strike","Flame Barrier","Burning Pact"],"picked":"SKIP","floor":6},{"not_picked":["Body Slam","Havoc"],"picked":"Uppercut","floor":8}],"player_experience":735337,"relics_obtained":[{"floor":6,"key":"Bird Faced Urn"},{"floor":8,"key":"Boot"},{"floor":9,"key":"The Courier"}],"event_choices":[{"damage_healed":0,"gold_gain":0,"player_choice":"Forge","damage_taken":0,"max_hp_gain":0,"max_hp_loss":0,"event_name":"Accursed Blacksmith","floor":2,"gold_loss":0,"cards_upgraded":["Spot Weakness"]},{"damage_healed":0,"gold_gain":0,"player_choice":"Donut","damage_taken":0,"max_hp_gain":5,"max_hp_loss":0,"event_name":"Big Fish","floor":5,"gold_loss":0}],"is_beta":false,"boss_relics":[],"items_purged_floors":[],"is_endless":false,"potions_floor_spawned":[3,4],"killed_by":"Lagavulin","ascension_level":19}