{"gold_per_floor":[116,191,156,171,185,185,185,185,185,185,218,27,58,75,75,75],"floor_reached":16,"playtime":604,"items_purged":[],"score":216,"play_id":"d33af3f5-0906-4e70-8e3a-5df4e87b2aba","local_time":"20190316150901","is_ascension_mode":true,"campfire_choices":[{"data":"Choke","floor":6,"key":"SMITH"},{"data":"Neutralize","floor":8,"key":"SMITH"},{"data":"Masterful Stab","floor":10,"key":"SMITH"},{"data":"Sucker Punch","floor":15,"key":"SMITH"}],"neow_cost":"NONE","seed_source_timestamp":645875052150400,"circlet_count":0,"master_deck":["AscendersBane","Defend_G","Defend_G","Defend_G","Defend_G","Defend_G","Strike_G","Strike_G","Strike_G","Strike_G","Strike_G","Survivor","Neutralize+1","Choke+1","Masterful Stab+1","Slice","All Out Attack","Bullet Time+1","Sucker Punch+1","Backstab","PiercingWail+1"],"relics":["Ring of the Snake","NeowsBlessing","Sundial","Toxic Egg 2","Juzu Bracelet"],"potions_floor_usage":[11],"damage_taken":[{"damage":0,"enemies":"2 Louse","floor":1,"turns":1},{"damage":0,"enemies":"Jaw Worm","floor":4,"turns":1},{"damage":0,"enemies":"Small Slimes","floor":5,"turns":1},{"damage":16,"enemies":"Lagavulin","floor":11,"turns":7},{"damage":20,"enemies":"Gremlin Nob","floor":13,"turns":4},{"damage":0,"enemies":"Looter","floor":14,"turns":1},{"damage":30,"enemies":"Hexaghost","floor":16,"turns":9}],"seed_played":"-1000619666835369749","potions_obtained":[{"floor":4,"key":"PowerPotion"}],"is_trial":false,"path_per_floor":["M","?","?","M","M","R","?","R","T","R","E","$","E","M","R","B"],"character_chosen":"THE_SILENT","items_purchased":["Bullet Time+1","Sucker Punch"],"campfire_rested":0,"item_purchase_floors":[12,12],"current_hp_per_floor":[59,48,64,64,64,64,64,64,64,64,48,48,28,28,28,0],"gold":75,"neow_bonus":"THREE_ENEMY_KILL","is_prod":false,"is_daily":false,"chose_seed":false,"campfire_upgraded":4,"win_rate":0,"timestamp":1552774141,"path_taken":["M","?","?","M","M","R","?","R","T","R","E","$","E","M","R","BOSS"],"build_version":"2019-03-15","purchased_purges":0,"victory":false,"max_hp_per_floor":[66,66,66,66,66,66,66,66,66,66,66,66,66,66,66,66],"card_choices":[{"not_picked":["PiercingWail","Poisoned Stab"],"picked":"Choke","floor":1},{"not_picked":["Calculated Gamble","Flying Knee"],"picked":"Masterful Stab","floor":4},{"not_picked":["Deadly Poison","Backflip"],"picked":"Slice","floor":5},{"not_picked":["Skewer","Sucker Punch"],"picked":"All Out Attack","floor":11},{"not_picked":["Finisher","Noxious Fumes"],"picked":"Backstab","floor":13},{"not_picked":["Noxious Fumes","Sucker Punch"],"picked":"PiercingWail+1","floor":14}],"player_experience":3368139,"relics_obtained":[{"floor":9,"key":"Sundial"},{"floor":11,"key":"Toxic Egg 2"},{"floor":13,"key":"Juzu Bracelet"}],"event_choices":[{"damage_healed":0,"gold_gain":75,"player_choice":"Gather Gold","damage_taken":11,"max_hp_gain":0,"max_hp_loss":0,"event_name":"World of Goop","floor":2,"gold_loss":0},{"damage_healed":16,"gold_gain":0,"player_choice":"Healed","damage_taken":0,"max_hp_gain":0,"max_hp_loss":0,"event_name":"The Cleric","floor":3,"gold_loss":35},{"damage_healed":0,"gold_gain":0,"player_choice":"Ignored","damage_taken":0,"max_hp_gain":0,"max_hp_loss":0,"event_name":"Liars Game","floor":7,"gold_loss":0}],"is_beta":true,"boss_relics":[],"items_purged_floors":[],"is_endless":false,"potions_floor_spawned":[4],"killed_by":"Hexaghost","ascension_level":20}