{"gold_per_floor":[117,82,82,96,40,65,65],"floor_reached":7,"playtime":393,"items_purged":[],"score":93,"play_id":"7e08ce0f-77b1-4856-9da3-a46bf90f51bd","local_time":"20190327212731","is_ascension_mode":true,"campfire_choices":[],"neow_cost":"NONE","seed_source_timestamp":161858823079380,"circlet_count":0,"master_deck":["AscendersBane","Strike_R","Strike_R","Strike_R","Strike_R","Strike_R","Defend_R","Defend_R","Defend_R","Defend_R","Bash","Spot Weakness","Seeing Red","Armaments","Bloodletting","Headbutt","Blood for Blood","Ghostly Armor","Second Wind"],"relics":["Orrery","Regal Pillow"],"potions_floor_usage":[6,7],"damage_taken":[{"damage":19,"enemies":"Jaw Worm","floor":1,"turns":4},{"damage":7,"enemies":"Small Slimes","floor":4,"turns":3},{"damage":47,"enemies":"Lagavulin","floor":6,"turns":7},{"damage":17,"enemies":"Cultist","floor":7,"turns":4}],"seed_played":"-2048495913068784025","potions_obtained":[{"floor":6,"key":"Swift Potion"}],"is_trial":false,"path_per_floor":["M","?","?","M","$","E","M"],"character_chosen":"IRONCLAD","items_purchased":["Weak Potion"],"campfire_rested":0,"item_purchase_floors":[5],"current_hp_per_floor":[49,67,56,49,49,2,0],"gold":65,"neow_bonus":"BOSS_RELIC","is_prod":false,"is_daily":false,"chose_seed":false,"campfire_upgraded":0,"win_rate":0,"timestamp":1553747251,"path_taken":["M","?","?","M","$","E","M"],"build_version":"2019-01-23","purchased_purges":0,"victory":false,"max_hp_per_floor":[75,75,75,75,75,75,75],"card_choices":[{"not_picked":["Twin Strike","Flex"],"picked":"Spot Weakness","floor":0},{"not_picked":["Iron Wave","Heavy Blade"],"picked":"Seeing Red","floor":0},{"not_picked":["Dark Embrace","Body Slam"],"picked":"Armaments","floor":0},{"not_picked":["Clash","Iron Wave"],"picked":"Bloodletting","floor":0},{"not_picked":["Thunderclap","Rage"],"picked":"Headbutt","floor":0},{"not_picked":["Headbutt","Heavy Blade"],"picked":"Blood for Blood","floor":1},{"not_picked":["Cleave","Wild Strike"],"picked":"Ghostly Armor","floor":4},{"not_picked":["Havoc","Infernal Blade"],"picked":"Second Wind","floor":6}],"player_experience":629428,"relics_obtained":[{"floor":6,"key":"Regal Pillow"}],"event_choices":[{"damage_healed":18,"gold_gain":0,"player_choice":"Healed","damage_taken":0,"max_hp_gain":0,"max_hp_loss":0,"event_name":"The Cleric","floor":2,"gold_loss":35},{"damage_healed":0,"gold_gain":0,"player_choice":"Damaged","damage_taken":11,"max_hp_gain":0,"max_hp_loss":0,"event_name":"Wheel of Change","floor":3,"gold_loss":0}],"is_beta":false,"boss_relics":[],"items_purged_floors":[],"is_endless":false,"potions_floor_spawned":[6],"killed_by":"Cultist","ascension_level":18}