{"path_per_floor":["M","M","?","$","?","R","M","R","T","R","M","M","$","?","R","B",null,"M","?","$","?","M","R"],"character_chosen":"DEFECT","items_purchased":["Cold Snap","Energy Potion","Bandage Up","Weak Potion"],"gold_per_floor":[113,128,128,1,1,1,19,19,19,19,40,59,9,9,9,129,129,147,147,2,2,20,20,20],"floor_reached":24,"campfire_rested":2,"playtime":1226,"item_purchase_floors":[4,13,20,20],"current_hp_per_floor":[75,74,74,74,74,74,68,75,75,75,73,73,73,73,80,34,82,59,59,59,82,67,82,0],"items_purged":["Injury"],"gold":20,"score":184,"play_id":"4919bfc6-1613-467b-b7dc-7c9e486f2ec8","local_time":"20180615185307","is_prod":false,"is_daily":false,"chose_seed":false,"is_ascension_mode":false,"campfire_upgraded":1,"win_rate":0.0,"timestamp":1529103187,"campfire_choices":[{"data":"Zap","floor":6,"key":"SMITH"},{"floor":8,"key":"REST"},{"floor":10,"key":"DIG"},{"floor":15,"key":"DIG"},{"floor":23,"key":"REST"}],"path_taken":["M","M","?","$","?","R","M","R","T","R","M","?","$","?","R","BOSS","M","?","$","?","M","R","?"],"build_version":"2018-06-14v2","seed_source_timestamp":212812854585647,"purchased_purges":1,"victory":false,"master_deck":["Strike_B","Strike_B","Strike_B","Strike_B","Defend_B","Defend_B","Defend_B","Defend_B","Zap+1","Dualcast","Hyperbeam","Sweeping Beam","Auto Shields","Cold Snap","Rebound","Streamline","Double Energy+1","Machine Learning","Compile Driver","Bandage Up","Redo","Deep Breath","Blind","Flash of Steel","Good Instincts"],"max_hp_per_floor":[75,75,75,75,75,75,75,75,75,75,75,75,75,75,82,82,82,82,82,82,82,82,82,82],"relics":["Cracked Core","Bloody Idol","Shovel","Bag of Preparation","Strawberry","Nuclear Battery"],"card_choices":[{"not_picked":["Stack","Compile Driver"],"picked":"Sweeping Beam","floor":1},{"not_picked":["Sweeping Beam","Barrage"],"picked":"Auto Shields","floor":2},{"not_picked":["Steam","Gash"],"picked":"Rebound","floor":7},{"not_picked":["Blizzard","Defragment"],"picked":"Streamline","floor":11},{"not_picked":["Self Repair","Coolheaded"],"picked":"Double Energy","floor":12},{"not_picked":["Thunder Strike","Fission"],"picked":"Machine Learning","floor":16},{"not_picked":["Hello World+1","Sweeping Beam"],"picked":"Compile Driver","floor":18},{"not_picked":["Compile Driver+1","Coolheaded"],"picked":"Redo","floor":22}],"player_experience":63508,"potions_floor_usage":[16],"damage_taken":[{"damage":0,"enemies":"2 Louse","floor":1,"turns":1},{"damage":1,"enemies":"Jaw Worm","floor":2,"turns":3},{"damage":6,"enemies":"Cultist","floor":7,"turns":3},{"damage":2,"enemies":"Blue Slaver","floor":11,"turns":3},{"damage":0,"enemies":"Lots of Slimes","floor":12,"turns":1},{"damage":46,"enemies":"The Guardian","floor":16,"turns":13},{"damage":23,"enemies":"3 Byrds","floor":18,"turns":4},{"damage":20,"enemies":"Spheric Guardian","floor":22,"turns":4}],"relics_obtained":[{"floor":9,"key":"Shovel"},{"floor":10,"key":"Bag of Preparation"},{"floor":15,"key":"Strawberry"}],"event_choices":[{"event_name":"Golden Idol","player_choice":"Take Wound","floor":3,"damage_taken":0},{"event_name":"Liars Game","player_choice":"disagreed","floor":5,"damage_taken":0},{"event_name":"Upgrade Shrine","player_choice":"Upgraded","floor":14,"damage_taken":0},{"event_name":"Forgotten Altar","player_choice":"Gave Idol","floor":19,"damage_taken":0},{"event_name":"The Library","player_choice":"Heal","floor":21,"damage_taken":0}],"boss_relics":[{"not_picked":["Philosopher\u0027s Stone","Tiny House"],"picked":"Nuclear Battery"}],"items_purged_floors":[4],"is_endless":false,"potions_floor_spawned":[7,11],"seed_played":"-4522363426577667186","ascension_level":0,"potions_obtained":[{"floor":7,"key":"Weak Potion"},{"floor":11,"key":"Weak Potion"}],"is_trial":false}