{"gold_per_floor":[117,137,137,149,165,165,165,24,24,42,42,42,42,76,76,180,180,198,218,268,20,40,40,55,55,126,51,65,65,65,65],"floor_reached":31,"playtime":5874,"items_purged":["Strike_G"],"score":280,"play_id":"460e8864-28bb-4c1c-b81f-b4d6a5708c0b","local_time":"20190205205330","is_ascension_mode":false,"campfire_choices":[{"data":"Noxious Fumes","floor":6,"key":"SMITH"},{"floor":11,"key":"REST"},{"data":"Infinite Blades","floor":13,"key":"SMITH"},{"data":"Predator","floor":15,"key":"SMITH"},{"floor":23,"key":"REST"},{"floor":25,"key":"REST"}],"neow_cost":"NONE","seed_source_timestamp":286595518716617,"circlet_count":0,"master_deck":["Defend_G+1","Defend_G","Defend_G","Defend_G+1","Strike_G","Strike_G","Strike_G","Survivor","Predator+1","Backflip","Noxious Fumes+1","Quick Slash","Infinite Blades+1","Backstab","A Thousand Cuts","Bouncing Flask","Chrysalis","Catalyst+1","Bouncing Flask"],"relics":["Empty Cage","Mango","Shuriken","War Paint","WristBlade","Paper Crane"],"potions_floor_usage":[5,14,16,30,31],"damage_taken":[{"damage":5,"enemies":"Small Slimes","floor":1,"turns":4},{"damage":6,"enemies":"Jaw Worm","floor":2,"turns":3},{"damage":5,"enemies":"Cultist","floor":4,"turns":5},{"damage":5,"enemies":"Gremlin Gang","floor":5,"turns":4},{"damage":1,"enemies":"3 Louse","floor":10,"turns":3},{"damage":18,"enemies":"Lagavulin","floor":14,"turns":5},{"damage":75,"enemies":"The Guardian","floor":16,"turns":8},{"damage":33,"enemies":"Shell Parasite","floor":18,"turns":5},{"damage":5,"enemies":"Chosen","floor":19,"turns":4},{"damage":42,"enemies":"Shelled Parasite and Fungi","floor":22,"turns":5},{"damage":34,"enemies":"3 Cultists","floor":24,"turns":5},{"damage":11,"enemies":"Centurion and Healer","floor":28,"turns":5},{"damage":0,"enemies":"Book of Stabbing","floor":30,"turns":1},{"damage":39,"enemies":"Cultist and Chosen","floor":31,"turns":4}],"seed_played":"-2675060524825194758","potions_obtained":[{"floor":1,"key":"Explosive Potion"},{"floor":5,"key":"SpeedPotion"},{"floor":12,"key":"Regen Potion"},{"floor":12,"key":"Fire Potion"},{"floor":22,"key":"SmokeBomb"},{"floor":24,"key":"LiquidBronze"}],"is_trial":false,"path_per_floor":["M","M","?","M","M","R","?","$","T","M","R","?","R","E","R","B",null,"M","M","?","$","M","R","M","R","T","?","M","$","E","M"],"character_chosen":"THE_SILENT","items_purchased":["Infinite Blades","Backstab","Chrysalis"],"campfire_rested":3,"item_purchase_floors":[8,8,21],"current_hp_per_floor":[65,59,64,59,54,54,65,65,65,64,89,89,89,71,71,11,89,56,51,51,51,9,35,1,27,27,27,16,16,16,0],"gold":65,"neow_bonus":"BOSS_RELIC","is_prod":false,"is_daily":false,"chose_seed":false,"campfire_upgraded":3,"win_rate":0,"timestamp":1549418010,"path_taken":["M","M","?","M","M","R","?","$","T","M","R","?","R","E","R","BOSS","M","M","?","$","M","R","?","R","T","?","M","?","E","M"],"build_version":"2019-01-23","purchased_purges":1,"victory":false,"max_hp_per_floor":[70,70,75,75,75,75,89,89,89,89,89,89,89,89,89,89,89,89,89,89,89,89,89,89,89,89,89,89,89,89,89],"card_choices":[{"not_picked":["Prepared","Sucker Punch"],"picked":"Predator","floor":1},{"not_picked":["Dagger Spray","Flying Knee"],"picked":"Backflip","floor":2},{"not_picked":["All Out Attack","Poisoned Stab"],"picked":"Noxious Fumes","floor":4},{"not_picked":["Crippling Poison","Deflect"],"picked":"Quick Slash","floor":5},{"not_picked":["Slice","Deflect","Tools of the Trade"],"picked":"SKIP","floor":10},{"not_picked":["Acrobatics","Setup","Reflex"],"picked":"SKIP","floor":14},{"not_picked":["Wraith Form v2","Night Terror"],"picked":"A Thousand Cuts","floor":16},{"not_picked":["Distraction","Setup"],"picked":"Bouncing Flask","floor":18},{"not_picked":["PiercingWail+1","Deadly Poison","Endless Agony"],"picked":"SKIP","floor":19},{"not_picked":["Leg Sweep","Eviscerate+1"],"picked":"Catalyst+1","floor":22},{"not_picked":["Expertise","Backflip"],"picked":"Bouncing Flask","floor":24},{"not_picked":["Caltrops","Noxious Fumes","Prepared"],"picked":"SKIP","floor":28}],"player_experience":336635,"relics_obtained":[{"floor":9,"key":"Shuriken"},{"floor":14,"key":"War Paint"},{"floor":26,"key":"Paper Crane"}],"event_choices":[{"damage_healed":0,"gold_gain":0,"player_choice":"Donut","damage_taken":0,"max_hp_gain":5,"max_hp_loss":0,"event_name":"Big Fish","floor":3,"gold_loss":0},{"damage_healed":0,"gold_gain":0,"player_choice":"Success","damage_taken":3,"relics_obtained":["Mango"],"max_hp_gain":0,"max_hp_loss":0,"event_name":"Scrap Ooze","floor":7,"gold_loss":0},{"damage_healed":0,"gold_gain":0,"player_choice":"Got Potions","damage_taken":0,"max_hp_gain":0,"max_hp_loss":0,"event_name":"Lab","floor":12,"gold_loss":0},{"damage_healed":0,"gold_gain":100,"player_choice":"Bet on Murderer","damage_taken":0,"max_hp_gain":0,"max_hp_loss":0,"event_name":"The Joust","floor":20,"gold_loss":50},{"cards_removed":["Strike_G"],"damage_healed":0,"gold_gain":0,"player_choice":"Gave Gold","damage_taken":0,"max_hp_gain":0,"max_hp_loss":0,"event_name":"Beggar","floor":27,"gold_loss":75}],"is_beta":false,"boss_relics":[{"not_picked":["Philosopher\u0027s Stone","Black Star"],"picked":"WristBlade"}],"items_purged_floors":[21],"is_endless":false,"potions_floor_spawned":[1,5,22,24,30],"killed_by":"Cultist and Chosen","ascension_level":0}