{"gold_per_floor":[112,112,212,62,81,98,98,98,175,189,189,206,206,239,239,338,338,351,187,200,211,211],"floor_reached":22,"playtime":615,"items_purged":["Bash"],"score":186,"play_id":"0a57960f-6afa-4ba6-939c-722220c22f38","local_time":"20180721222606","is_ascension_mode":false,"campfire_choices":[{"data":"Perfected Strike","floor":8,"key":"SMITH"},{"data":"Anger","floor":11,"key":"SMITH"},{"data":"Perfected Strike","floor":13,"key":"SMITH"},{"floor":15,"key":"REST"}],"neow_cost":"NONE","seed_source_timestamp":313117635663150,"circlet_count":0,"master_deck":["Strike_R","Strike_R","Strike_R","Strike_R","Defend_R","Defend_R","Defend_R","Defend_R","Anger+1","Thunderclap","Double Tap","Perfected Strike+1","Shrug It Off","Offering","Perfected Strike+1","Demon Form","Dramatic Entrance","Anger","Rampage"],"relics":["Burning Blood","Meat on the Bone","Anchor"],"potions_floor_usage":[],"damage_taken":[{"damage":13,"enemies":"Jaw Worm","floor":1,"turns":3},{"damage":6,"enemies":"Cultist","floor":5,"turns":3},{"damage":0,"enemies":"2 Louse","floor":6,"turns":3},{"damage":10,"enemies":"Looter","floor":10,"turns":2},{"damage":8,"enemies":"Red Slaver","floor":12,"turns":2},{"damage":36,"enemies":"Lagavulin","floor":14,"turns":4},{"damage":22,"enemies":"Slime Boss","floor":16,"turns":7},{"damage":35,"enemies":"Spheric Guardian","floor":18,"turns":4},{"damage":0,"enemies":"Chosen","floor":20,"turns":3},{"damage":48,"enemies":"3 Cultists","floor":21,"turns":6},{"damage":27,"enemies":"Snake Plant","floor":22,"turns":2}],"seed_played":"-3817490073797769836","potions_obtained":[{"floor":6,"key":"Regen Potion"},{"floor":12,"key":"Dexterity Potion"},{"floor":16,"key":"Dexterity Potion"},{"floor":20,"key":"Fire Potion"}],"is_trial":false,"path_per_floor":["M","?","?","$","M","M","?","R","T","M","R","M","R","E","R","B",null,"M","$","M","M"],"character_chosen":"IRONCLAD","items_purchased":["Double Tap","Dramatic Entrance"],"campfire_rested":1,"item_purchase_floors":[4,19],"current_hp_per_floor":[73,73,73,73,73,79,79,79,79,75,75,73,73,55,79,63,80,51,51,57,27,0],"gold":211,"neow_bonus":"THREE_CARDS","is_prod":false,"is_daily":false,"chose_seed":false,"campfire_upgraded":3,"win_rate":0.0,"timestamp":1532226366,"path_taken":["M","?","?","?","M","M","?","R","T","M","R","?","R","E","R","BOSS","M","$","M","M","M"],"build_version":"2018-07-19v2","purchased_purges":1,"victory":false,"max_hp_per_floor":[80,80,80,80,80,80,80,80,80,80,80,80,80,80,80,80,80,80,80,80,80,80],"card_choices":[{"not_picked":["Warcry","Iron Wave"],"picked":"Anger","floor":0},{"not_picked":["Twin Strike","Bloodletting"],"picked":"Thunderclap","floor":1},{"not_picked":["Headbutt","Havoc"],"picked":"Perfected Strike","floor":5},{"not_picked":["Anger","Corruption"],"picked":"Shrug It Off","floor":6},{"not_picked":["Uppercut","Anger"],"picked":"Offering","floor":10},{"not_picked":["Burning Pact","Entrench"],"picked":"Perfected Strike","floor":12},{"not_picked":["Whirlwind","Thunderclap","Clash"],"picked":"SKIP","floor":14},{"not_picked":["Brutality","Berserk"],"picked":"Demon Form","floor":16},{"not_picked":["Twin Strike+1","Iron Wave","Power Through+1"],"picked":"SKIP","floor":18},{"not_picked":["Thunderclap","Entrench"],"picked":"Anger","floor":20},{"not_picked":["Dual Wield+1","True Grit"],"picked":"Rampage","floor":21}],"player_experience":289049,"relics_obtained":[{"floor":9,"key":"Meat on the Bone"},{"floor":14,"key":"Anchor"}],"event_choices":[{"event_name":"Bonfire Elementals","player_choice":"BASIC","floor":2,"damage_taken":0},{"event_name":"Golden Shrine","player_choice":"Pray","floor":3,"damage_taken":0},{"event_name":"Golden Idol","player_choice":"Ignored","floor":7,"damage_taken":0}],"is_beta":false,"boss_relics":[{"not_picked":["Mark of Pain","Pandora\u0027s Box","Runic Dome"]}],"items_purged_floors":[19],"is_endless":false,"potions_floor_spawned":[6,12,16,20],"killed_by":"Snake Plant","ascension_level":0}