{"gold_per_floor":[117,117,117,11,27,27,44,44,124,124,124,124,137,161,161,280,280,304,304,22,43,14,52,52,52,52,132,132,151,151,189,189,308,371,396,396,396,419,419,419,419],"floor_reached":41,"playtime":2480,"items_purged":[],"score":477,"play_id":"a76a0dd2-2ae0-44d6-88cb-857f8c485b88","local_time":"20190411215839","is_ascension_mode":true,"campfire_choices":[{"data":"Machine Learning","floor":6,"key":"SMITH"},{"data":"Capacitor","floor":8,"key":"SMITH"},{"data":"Zap","floor":11,"key":"SMITH"},{"data":"Leap","floor":15,"key":"SMITH"},{"floor":28,"key":"REST"},{"floor":30,"key":"REST"},{"floor":32,"key":"REST"},{"data":"Blizzard","floor":40,"key":"SMITH"}],"neow_cost":"NONE","seed_source_timestamp":98807023804391,"circlet_count":0,"master_deck":["Defend_B","Defend_B","Defend_B","Zap+1","Dualcast+1","Self Repair","Machine Learning+1","BootSequence+1","Glacier+1","Capacitor+1","Melter","Leap+1","Streamline+1","RitualDagger","Blizzard+1","Glacier","Redo+1","Hologram+1","Reboot","Conserve Battery","Redo+1"],"relics":["Cracked Core","Art of War","The Courier","Golden Idol","Empty Cage","Runic Capacitor","War Paint","Molten Egg 2","Omamori","Gremlin Horn","Bottled Lightning","Tiny House"],"potions_floor_usage":[16,23,23,31],"damage_taken":[{"damage":4,"enemies":"2 Louse","floor":1,"turns":3},{"damage":0,"enemies":"Jaw Worm","floor":5,"turns":5},{"damage":0,"enemies":"Cultist","floor":7,"turns":5},{"damage":1,"enemies":"Looter","floor":13,"turns":4},{"damage":1,"enemies":"3 Louse","floor":14,"turns":5},{"damage":30,"enemies":"Hexaghost","floor":16,"turns":16},{"damage":3,"enemies":"Shell Parasite","floor":18,"turns":7},{"damage":16,"enemies":"Chosen","floor":21,"turns":8},{"damage":46,"enemies":"Slavers","floor":23,"turns":9},{"damage":10,"enemies":"Centurion and Healer","floor":29,"turns":8},{"damage":16,"enemies":"Book of Stabbing","floor":31,"turns":9},{"damage":54,"enemies":"Collector","floor":33,"turns":11},{"damage":16,"enemies":"Orb Walker","floor":35,"turns":6},{"damage":22,"enemies":"3 Darklings","floor":38,"turns":8},{"damage":106,"enemies":"Giant Head","floor":41,"turns":11}],"seed_played":"-2968744148384510615","potions_obtained":[{"floor":1,"key":"Block Potion"},{"floor":7,"key":"GamblersBrew"},{"floor":16,"key":"Energy Potion"},{"floor":23,"key":"Fruit Juice"},{"floor":34,"key":"Poison Potion"},{"floor":38,"key":"Swift Potion"}],"is_trial":false,"path_per_floor":["M","?","?","$","M","R","M","R","T","?","R","?","M","M","R","B",null,"M","?","$","M","$","E","?","$","T","T","R","M","R","E","R","B",null,"M","?","?","M","?","R","E"],"character_chosen":"DEFECT","items_purchased":["BootSequence","Glacier","Runic Capacitor","War Paint","Glacier"],"campfire_rested":3,"item_purchase_floors":[4,4,20,20,22],"current_hp_per_floor":[71,71,71,71,75,75,75,75,75,69,69,62,68,69,69,46,69,69,63,63,54,54,20,4,4,4,4,26,23,45,36,58,4,79,70,70,89,74,89,89,0],"gold":419,"neow_bonus":"RANDOM_COMMON_RELIC","is_prod":false,"is_daily":false,"chose_seed":false,"campfire_upgraded":5,"win_rate":0,"timestamp":1555034319,"path_taken":["M","?","?","$","?","R","M","R","T","?","R","?","M","M","R","BOSS","M","?","$","M","$","E","?","$","T","?","R","M","R","E","R","BOSS","M","?","?","?","?","R","E"],"build_version":"2019-01-23","purchased_purges":0,"victory":false,"max_hp_per_floor":[75,75,75,75,75,75,75,75,75,69,69,69,69,69,69,69,69,69,69,69,69,69,74,74,74,74,74,74,74,74,74,74,74,79,79,79,89,89,89,89,89],"card_choices":[{"not_picked":["Reinforced Body","Reprogram"],"picked":"Self Repair","floor":1},{"not_picked":["Cold Snap","Stack"],"picked":"Capacitor","floor":5},{"not_picked":["Streamline","Heatsinks"],"picked":"Melter","floor":7},{"not_picked":["Undo","Heatsinks","Steam"],"picked":"SKIP","floor":13},{"not_picked":["Genetic Algorithm","Consume"],"picked":"Leap","floor":14},{"not_picked":["Meteor Strike","Multi-Cast"],"picked":"Creative AI","floor":16},{"not_picked":["Consume+1","Cold Snap"],"picked":"Streamline+1","floor":18},{"not_picked":["Rebound","Gash"],"picked":"Blizzard","floor":21},{"not_picked":["Cold Snap","Coolheaded+1"],"picked":"Redo+1","floor":23},{"not_picked":["Biased Cognition","Aggregate"],"picked":"Hologram+1","floor":29},{"not_picked":["Redo","Rebound+1","Hyperbeam+1"],"picked":"SKIP","floor":31},{"not_picked":["Meteor Strike+1","Fission"],"picked":"Reboot","floor":33},{"not_picked":["Coolheaded","Rebound+1"],"picked":"Conserve Battery","floor":34},{"not_picked":["Rip and Tear+1","Redo","Recycle+1"],"picked":"SKIP","floor":35},{"not_picked":["Ball Lightning+1","Coolheaded"],"picked":"Redo+1","floor":38}],"player_experience":242505,"relics_obtained":[{"floor":9,"key":"The Courier"},{"floor":23,"key":"Molten Egg 2"},{"floor":26,"key":"Omamori"},{"floor":27,"key":"Gremlin Horn"},{"floor":31,"key":"Bottled Lightning"}],"event_choices":[{"damage_healed":0,"gold_gain":0,"cards_transformed":["Strike_B"],"player_choice":"Change","damage_taken":0,"max_hp_gain":0,"max_hp_loss":0,"event_name":"Living Wall","floor":2,"gold_loss":0,"cards_obtained":["Machine Learning"]},{"cards_removed":["Strike_B"],"damage_healed":0,"gold_gain":0,"player_choice":"Purged","damage_taken":0,"max_hp_gain":0,"max_hp_loss":0,"event_name":"Purifier","floor":3,"gold_loss":0},{"damage_healed":0,"gold_gain":0,"player_choice":"Lose Max HP","damage_taken":0,"relics_obtained":["Golden Idol"],"max_hp_gain":0,"max_hp_loss":6,"event_name":"Golden Idol","floor":10,"gold_loss":0},{"cards_removed":["Strike_B"],"damage_healed":0,"gold_gain":0,"player_choice":"Card Removal","damage_taken":7,"max_hp_gain":0,"max_hp_loss":0,"event_name":"Golden Wing","floor":12,"gold_loss":0},{"damage_healed":0,"gold_gain":0,"player_choice":"Joined the Cult","damage_taken":6,"max_hp_gain":0,"max_hp_loss":0,"event_name":"Nest","floor":19,"gold_loss":0,"cards_obtained":["RitualDagger"]},{"damage_healed":0,"gold_gain":0,"player_choice":"Obtained Book","damage_taken":16,"max_hp_gain":0,"max_hp_loss":0,"event_name":"Cursed Tome","floor":24,"gold_loss":0},{"damage_healed":0,"gold_gain":0,"player_choice":"Ignored","damage_taken":0,"max_hp_gain":0,"max_hp_loss":0,"event_name":"Tomb of Lord Red Mask","floor":36,"gold_loss":0},{"cards_removed":["Creative AI"],"damage_healed":9,"gold_gain":0,"player_choice":"Offered Rare","damage_taken":0,"max_hp_gain":10,"max_hp_loss":0,"event_name":"Bonfire Elementals","floor":37,"gold_loss":0},{"damage_healed":22,"gold_gain":0,"player_choice":"Writhe","damage_taken":0,"max_hp_gain":0,"max_hp_loss":0,"event_name":"Winding Halls","floor":39,"gold_loss":0,"cards_obtained":["Writhe"]}],"is_beta":false,"boss_relics":[{"not_picked":["Velvet Choker","Cursed Key"],"picked":"Empty Cage"},{"not_picked":["Sozu","Lizard Tail"],"picked":"Tiny House"}],"items_purged_floors":[],"is_endless":false,"potions_floor_spawned":[1,7,16,23,31,38],"killed_by":"Giant Head","ascension_level":3}