{"gold_per_floor":[119,119,20,40,115,115,141,141,166,166,166,209,244,336,348,479,491,518,16,16,37,37,37,53,53],"floor_reached":25,"playtime":2822,"items_purged":[],"score":238,"play_id":"b1be5048-30eb-402f-94d3-cca3a688fa4b","local_time":"20190310224815","is_ascension_mode":true,"campfire_choices":[{"data":"Armaments","floor":6.0,"key":"SMITH"},{"floor":8.0,"key":"REST"},{"data":"Body Slam","floor":11.0,"key":"SMITH"},{"floor":15.0,"key":"REST"},{"floor":23,"key":"DIG"}],"neow_cost":"TEN_PERCENT_HP_LOSS","seed_source_timestamp":72186203501206,"circlet_count":0,"master_deck":["Defend_R+1","Defend_R+1","Defend_R+1","Defend_R+1","Bash","Iron Wave","Armaments+1","Entrench","Body Slam+1","Iron Wave","Metallicize","Flame Barrier","Barricade","Feel No Pain+1","Uppercut+1","Bludgeon+1","Flex","Spot Weakness+1"],"special_seed":0,"relics":["Burning Blood","Question Card","Regal Pillow","Bloody Idol","MawBank","Bag of Preparation","Astrolabe","Shovel","Sling","Champion Belt"],"potions_floor_usage":[25,25,25],"damage_taken":[{"damage":9.0,"enemies":"Jaw Worm","floor":1.0,"turns":4.0},{"damage":1.0,"enemies":"2 Louse","floor":4.0,"turns":4.0},{"damage":22.0,"enemies":"3 Sentries","floor":7.0,"turns":13.0},{"damage":30.0,"enemies":"Lagavulin","floor":12.0,"turns":8.0},{"damage":0.0,"enemies":"Small Slimes","floor":13.0,"turns":4.0},{"damage":0.0,"enemies":"3 Sentries","floor":14.0,"turns":10.0},{"damage":25.0,"enemies":"The Guardian","floor":16.0,"turns":17.0},{"damage":6,"enemies":"Shell Parasite","floor":18,"turns":5},{"damage":32,"enemies":"3 Byrds","floor":21,"turns":6},{"damage":24,"enemies":"Cultist and Chosen","floor":24,"turns":12},{"damage":28,"enemies":"Snake Plant","floor":25,"turns":4}],"seed_played":"-2944808095144128925","potions_obtained":[{"floor":1.0,"key":"AttackPotion"},{"floor":14.0,"key":"Swift Potion"},{"floor":16.0,"key":"Explosive Potion"},{"floor":18,"key":"AttackPotion"}],"is_trial":false,"path_per_floor":["M","?","$","M","?","R","E","R","T","?","R","E","M","?","R","B",null,"M","$","?","M","?","R","M","M"],"character_chosen":"IRONCLAD","items_purchased":["Armaments","Entrench","Shovel","Sling"],"campfire_rested":2,"item_purchase_floors":[3,3,19,19],"current_hp_per_floor":[69,55,55,60,49,49,33,54,54,54,54,30,36,42,67,48,67,67,67,67,41,41,41,28,0],"gold":53,"neow_bonus":"REMOVE_TWO","is_prod":false,"is_daily":false,"chose_seed":false,"campfire_upgraded":2,"win_rate":0,"timestamp":1552272495,"path_taken":["M","?","$","M","?","R","E","R","T","?","R","E","?","?","R","BOSS","M","$","?","M","?","R","M","M"],"build_version":"2019-01-23","purchased_purges":0,"victory":false,"max_hp_per_floor":[72,72,72,72,72,72,72,72,72,67,67,67,67,67,67,67,67,67,67,67,67,67,67,67,67],"card_choices":[{"not_picked":["Corruption","Intimidate"],"picked":"Iron Wave","floor":1.0},{"not_picked":["Havoc","Pummel"],"picked":"Body Slam","floor":4.0},{"not_picked":["Reaper","Body Slam"],"picked":"Iron Wave","floor":7.0},{"not_picked":["Havoc","Shockwave","Whirlwind"],"picked":"Metallicize","floor":12.0},{"not_picked":["Uppercut","Bloodletting","Wild Strike","Corruption"],"picked":"SKIP","floor":13.0},{"not_picked":["Twin Strike","Armaments","Entrench"],"picked":"Flame Barrier","floor":14.0},{"not_picked":["Brutality","Impervious","Demon Form"],"picked":"Barricade","floor":16.0},{"not_picked":["Headbutt","Cleave","Second Wind+1","Uppercut"],"picked":"SKIP","floor":18},{"not_picked":["Pommel Strike","Sentinel+1","Perfected Strike"],"picked":"Flex","floor":21},{"not_picked":["Headbutt","Rupture","Iron Wave"],"picked":"Spot Weakness+1","floor":24}],"player_experience":123451,"relics_obtained":[{"floor":7.0,"key":"Question Card"},{"floor":9.0,"key":"Regal Pillow"},{"floor":12.0,"key":"MawBank"},{"floor":23,"key":"Champion Belt"}],"event_choices":[{"damage_healed":0.0,"max_hp_gain":0.0,"max_hp_loss":0.0,"gold_gain":0.0,"event_name":"Shining Light","player_choice":"Entered Light","floor":2.0,"gold_loss":0.0,"damage_taken":14.0,"cards_upgraded":["Strike_R","Defend_R"]},{"damage_healed":0.0,"max_hp_gain":0.0,"max_hp_loss":0.0,"gold_gain":75.0,"event_name":"World of Goop","player_choice":"Gather Gold","floor":5.0,"gold_loss":0.0,"damage_taken":11.0},{"damage_healed":0.0,"max_hp_gain":0.0,"max_hp_loss":5.0,"gold_gain":0.0,"event_name":"Golden Idol","player_choice":"Lose Max HP","floor":10.0,"gold_loss":0.0,"damage_taken":0.0,"relics_obtained":["Golden Idol"]},{"damage_healed":0.0,"max_hp_gain":0.0,"max_hp_loss":0.0,"gold_gain":0.0,"event_name":"Dead Adventurer","player_choice":"Searched \u00273\u0027 times","floor":14.0,"gold_loss":0.0,"damage_taken":0.0,"relics_obtained":["Bag of Preparation"]},{"damage_healed":0,"gold_gain":0,"player_choice":"Simplicity","damage_taken":0,"max_hp_gain":0,"max_hp_loss":0,"event_name":"Back to Basics","floor":20,"gold_loss":0,"cards_upgraded":["Defend_R","Defend_R","Defend_R"]},{"damage_healed":0,"gold_gain":0,"player_choice":"Gave Idol","damage_taken":0,"relics_obtained":["Bloody Idol"],"max_hp_gain":0,"max_hp_loss":0,"event_name":"Forgotten Altar","floor":22,"relics_lost":["Golden Idol"],"gold_loss":0}],"is_beta":false,"boss_relics":[{"not_picked":["Eternal Feather","Ectoplasm"],"picked":"Astrolabe"}],"items_purged_floors":[],"is_endless":false,"potions_floor_spawned":[1,14,16,18,24],"killed_by":"Snake Plant","ascension_level":3}