{"gold_per_floor":[116,133,208,208,2,36,36,55,108,119,119,151,167,202,202,279,279,296,314,331,350,350,350,3,3,3,34,34,34,44,79,79,154,154,171,5,17,36,52,52,82,94,152,177,200,228,240,277,289,301],"floor_reached":50,"playtime":3284,"items_purged":["Strike_G"],"score":1303,"play_id":"80cfd60b-e36c-4c2b-bce8-3c452cfe3e1e","local_time":"20190106014959","is_ascension_mode":true,"campfire_choices":[{"data":"Footwork","floor":7.0,"key":"SMITH"},{"data":"Cloak And Dagger","floor":11.0,"key":"SMITH"},{"data":"A Thousand Cuts","floor":15.0,"key":"SMITH"},{"data":"A Thousand Cuts","floor":23.0,"key":"SMITH"},{"data":"Adrenaline","floor":25.0,"key":"SMITH"},{"floor":29.0,"key":"REST"},{"data":"Burst","floor":32.0,"key":"SMITH"},{"data":"Neutralize","floor":40,"key":"SMITH"},{"data":"Tactician","floor":42,"key":"SMITH"},{"floor":49,"key":"RECALL"}],"neow_cost":"NONE","seed_source_timestamp":5959468294318500,"circlet_count":0,"master_deck":["AscendersBane","Defend_G","Defend_G","Defend_G","Defend_G","Defend_G","Strike_G","Strike_G","Strike_G","Strike_G","Survivor","Neutralize+1","All Out Attack","Flying Knee","Footwork+1","PiercingWail","Blade Dance","Cloak And Dagger+1","A Thousand Cuts+1","Backstab","Unload","Adrenaline+1","Tactician+1","Acrobatics","Footwork","Backstab+1","A Thousand Cuts+1","Escape Plan","Flash of Steel","Finisher","Burst+1","Neutralize","Backflip","Deflect+1","Parasite","Infinite Blades","Caltrops","Madness","Madness"],"special_seed":0,"relics":["Ring of the Snake","NeowsBlessing","CultistMask","Blood Vial","Pen Nib","Centennial Puzzle","Regal Pillow","Bottled Tornado","Sozu","Dead Branch","PreservedInsect","Singing Bowl","WristBlade","Vajra","MawBank","Tingsha"],"potions_floor_usage":[],"damage_taken":[{"damage":0.0,"enemies":"Cultist","floor":1.0,"turns":1.0},{"damage":0.0,"enemies":"Jaw Worm","floor":2.0,"turns":1.0},{"damage":0.0,"enemies":"Lagavulin","floor":6.0,"turns":1.0},{"damage":0.0,"enemies":"Small Slimes","floor":8.0,"turns":6.0},{"damage":1.0,"enemies":"Red Slaver","floor":10.0,"turns":3.0},{"damage":21.0,"enemies":"3 Sentries","floor":12.0,"turns":7.0},{"damage":0.0,"enemies":"Lots of Slimes","floor":13.0,"turns":2.0},{"damage":7.0,"enemies":"Lagavulin","floor":14.0,"turns":5.0},{"damage":24.0,"enemies":"The Guardian","floor":16.0,"turns":11.0},{"damage":0.0,"enemies":"Spheric Guardian","floor":18.0,"turns":3.0},{"damage":8.0,"enemies":"3 Byrds","floor":19.0,"turns":3.0},{"damage":9.0,"enemies":"Snake Plant","floor":20.0,"turns":4.0},{"damage":1.0,"enemies":"3 Cultists","floor":21.0,"turns":3.0},{"damage":22.0,"enemies":"Book of Stabbing","floor":27.0,"turns":4.0},{"damage":0.0,"enemies":"Shelled Parasite and Fungi","floor":30.0,"turns":1.0},{"damage":0.0,"enemies":"Gremlin Leader","floor":31.0,"turns":3.0},{"damage":20.0,"enemies":"Automaton","floor":33.0,"turns":5.0},{"damage":0.0,"enemies":"3 Darklings","floor":35.0,"turns":1.0},{"damage":2.0,"enemies":"Orb Walker","floor":37.0,"turns":2.0},{"damage":0.0,"enemies":"Jaw Worm Horde","floor":38.0,"turns":1.0},{"damage":0,"enemies":"Writhing Mass","floor":39,"turns":5},{"damage":0,"enemies":"Nemesis","floor":41,"turns":1},{"damage":0,"enemies":"3 Darklings","floor":44,"turns":2},{"damage":0,"enemies":"Transient","floor":45,"turns":6},{"damage":20,"enemies":"Writhing Mass","floor":46,"turns":4},{"damage":18,"enemies":"Giant Head","floor":48,"turns":6},{"damage":37,"enemies":"Time Eater","floor":50,"turns":3}],"seed_played":"-2153202568949968243","potions_obtained":[{"floor":6.0,"key":"SneckoOil"},{"floor":13.0,"key":"Strength Potion"},{"floor":16.0,"key":"EssenceOfSteel"}],"is_trial":false,"path_per_floor":["M","M","?","?","$","E","R","M","T","M","R","E","M","E","R","B",null,"M","M","M","M","?","R","$","R","T","E","?","R","M","E","R","B",null,"M","$","M","M","M","R","E","R","T","M","M","M","?","E","R","B"],"character_chosen":"THE_SILENT","items_purchased":["Blood Vial","Footwork","Escape Plan","Flash of Steel","Finisher","Vajra"],"campfire_rested":1,"item_purchase_floors":[5,5,24,24,24,36],"current_hp_per_floor":[59,59,48,48,48,50,50,52,52,53,53,34,36,31,31,9,52,54,48,41,42,42,42,42,42,42,22,22,56,58,62,62,46,64,66,66,66,70,72,72,74,74,74,76,76,58,44,30,30,0],"gold":301,"neow_bonus":"THREE_ENEMY_KILL","is_prod":false,"is_daily":false,"chose_seed":false,"campfire_upgraded":8,"win_rate":0,"timestamp":1546768199,"path_taken":["M","?","?","?","$","E","R","M","T","?","R","E","M","E","R","BOSS","M","?","M","M","?","R","$","R","T","E","?","R","M","E","R","BOSS","M","$","M","M","M","R","E","R","T","M","M","M","?","E","R","BOSS"],"build_version":"2019-01-03v4","purchased_purges":1,"victory":false,"max_hp_per_floor":[66,66,66,66,66,66,66,66,66,66,66,66,66,66,66,66,66,66,66,66,66,66,66,66,66,66,66,66,66,66,68,68,70,70,70,70,70,72,72,72,74,74,74,76,76,78,78,80,80,80],"card_choices":[{"not_picked":["PiercingWail","Dagger Throw"],"picked":"All Out Attack","floor":1.0},{"not_picked":["Quick Slash","Prepared"],"picked":"Flying Knee","floor":2.0},{"not_picked":["Crippling Poison","Endless Agony"],"picked":"PiercingWail","floor":6.0},{"not_picked":["Outmaneuver","Quick Slash"],"picked":"Blade Dance","floor":8.0},{"not_picked":["Flying Knee","Prepared"],"picked":"Cloak And Dagger","floor":10.0},{"not_picked":["Backstab","Masterful Stab"],"picked":"A Thousand Cuts","floor":12.0},{"not_picked":["Acrobatics","Underhanded Strike"],"picked":"Backstab","floor":13.0},{"not_picked":["Bane","Blade Dance"],"picked":"Unload","floor":14.0},{"not_picked":["Venomology","Phantasmal Killer"],"picked":"Adrenaline","floor":16.0},{"not_picked":["Deadly Poison","Dagger Spray"],"picked":"Tactician","floor":18.0},{"not_picked":["Dagger Throw","PiercingWail"],"picked":"Acrobatics","floor":19.0},{"not_picked":["Crippling Poison","Deadly Poison"],"picked":"Footwork","floor":20.0},{"not_picked":["Dodge and Roll","Underhanded Strike+1"],"picked":"Backstab+1","floor":21.0},{"not_picked":["Outmaneuver","Catalyst"],"picked":"Burst","floor":27.0},{"not_picked":["Blade Dance","Riddle With Holes","Underhanded Strike"],"picked":"SKIP","floor":30.0},{"not_picked":["Outmaneuver","Terror","Sucker Punch"],"picked":"Singing Bowl","floor":31.0},{"not_picked":["Corpse Explosion","Grand Finale","Venomology"],"picked":"Singing Bowl","floor":33.0},{"not_picked":["Deflect","All Out Attack"],"picked":"Backflip","floor":35.0},{"not_picked":["Quick Slash+1","Backflip"],"picked":"Deflect+1","floor":37.0},{"not_picked":["Poisoned Stab","Dagger Throw+1","Underhanded Strike"],"picked":"Singing Bowl","floor":38.0},{"not_picked":["Flying Knee","Bane"],"picked":"Infinite Blades","floor":39},{"not_picked":["Underhanded Strike","Outmaneuver","Sucker Punch"],"picked":"Singing Bowl","floor":41},{"not_picked":["Heel Hook","Eviscerate","Flechettes"],"picked":"Singing Bowl","floor":44},{"not_picked":["Dodge and Roll","Dagger Spray+1"],"picked":"Caltrops","floor":45},{"not_picked":["Poisoned Stab","Corpse Explosion","Bouncing Flask+1"],"picked":"Singing Bowl","floor":46},{"not_picked":["Crippling Poison+1","Calculated Gamble","Prepared"],"picked":"Singing Bowl","floor":48}],"player_experience":3189376,"relics_obtained":[{"floor":6.0,"key":"Pen Nib"},{"floor":9.0,"key":"Centennial Puzzle"},{"floor":12.0,"key":"Regal Pillow"},{"floor":14.0,"key":"Bottled Tornado"},{"floor":26.0,"key":"Dead Branch"},{"floor":27.0,"key":"PreservedInsect"},{"floor":31.0,"key":"Singing Bowl"},{"floor":41,"key":"MawBank"},{"floor":48,"key":"Tingsha"}],"event_choices":[{"damage_healed":0.0,"max_hp_gain":0.0,"max_hp_loss":0.0,"gold_gain":75.0,"event_name":"World of Goop","player_choice":"Gather Gold","floor":3.0,"gold_loss":0.0,"damage_taken":11.0},{"damage_healed":0.0,"max_hp_gain":0.0,"max_hp_loss":0.0,"gold_gain":0.0,"event_name":"FaceTrader","player_choice":"Trade","floor":4.0,"gold_loss":0.0,"damage_taken":0.0,"relics_obtained":["CultistMask"]},{"damage_healed":0.0,"max_hp_gain":0.0,"max_hp_loss":0.0,"gold_gain":0.0,"event_name":"The Library","player_choice":"Read","floor":22.0,"gold_loss":0.0,"damage_taken":0.0,"cards_obtained":["A Thousand Cuts"]},{"damage_healed":0.0,"max_hp_gain":0.0,"max_hp_loss":0.0,"gold_gain":0.0,"event_name":"Match and Keep!","player_choice":"1 cards matched","floor":28.0,"gold_loss":0.0,"damage_taken":0.0,"cards_obtained":["Neutralize"]},{"damage_healed":0,"gold_gain":0,"player_choice":"Embrace Madness","damage_taken":14,"max_hp_gain":0,"max_hp_loss":0,"event_name":"Winding Halls","floor":47,"gold_loss":0,"cards_obtained":["Madness","Madness"]}],"is_beta":true,"boss_relics":[{"not_picked":["Empty Cage","Black Star"],"picked":"Sozu"},{"not_picked":["Cursed Key","Eternal Feather"],"picked":"WristBlade"}],"items_purged_floors":[24],"is_endless":false,"potions_floor_spawned":[6,13,16,19,21,27,31,37,38,39,45,48],"killed_by":"Time Eater","ascension_level":20}