{"gold_per_floor":[32,62,62,62,117,171,171,223,297,327,361,361],"floor_reached":12,"playtime":798,"items_purged":[],"score":104,"play_id":"866a011c-0622-4fa6-80b4-fbee49831ee8","local_time":"20190305134605","is_ascension_mode":true,"campfire_choices":[{"data":"Intimidate","floor":7,"key":"SMITH"}],"neow_cost":"NO_GOLD","seed_source_timestamp":152751859482359,"circlet_count":0,"master_deck":["Strike_R","Strike_R","Strike_R","Strike_R","Defend_R","Defend_R","Defend_R","Defend_R","Bash","HandOfGreed","Deep Breath","Body Slam+1","Infernal Blade","Intimidate+1","Ghostly Armor","Warcry","Barricade","Body Slam"],"relics":["Burning Blood","Nunchaku","Boot","Darkstone Periapt"],"potions_floor_usage":[11,12,12],"damage_taken":[{"damage":6,"enemies":"Cultist","floor":1,"turns":3},{"damage":8,"enemies":"Jaw Worm","floor":2,"turns":4},{"damage":0,"enemies":"Small Slimes","floor":5,"turns":2},{"damage":41,"enemies":"Gremlin Nob","floor":6,"turns":5},{"damage":43,"enemies":"Lagavulin","floor":8,"turns":7},{"damage":6,"enemies":"Red Slaver","floor":10,"turns":5},{"damage":0,"enemies":"2 Fungi Beasts","floor":11,"turns":3},{"damage":21,"enemies":"Gremlin Nob","floor":12,"turns":3}],"seed_played":"-5166700276022073500","potions_obtained":[{"floor":2,"key":"Swift Potion"},{"floor":5,"key":"LiquidBronze"},{"floor":11,"key":"EssenceOfSteel"}],"is_trial":false,"path_per_floor":["M","M","?","?","M","E","R","E","T","M","M","E"],"character_chosen":"IRONCLAD","items_purchased":[],"campfire_rested":0,"item_purchase_floors":[],"current_hp_per_floor":[80,78,78,78,80,45,45,8,8,8,14,0],"gold":361,"neow_bonus":"RANDOM_COLORLESS_2","is_prod":false,"is_daily":false,"chose_seed":false,"campfire_upgraded":1,"win_rate":0,"timestamp":1551811565,"path_taken":["M","?","?","?","M","E","R","E","T","M","M","E"],"build_version":"2019-01-23","purchased_purges":0,"victory":false,"max_hp_per_floor":[80,80,80,80,80,80,80,80,80,80,80,80],"card_choices":[{"not_picked":["Rupture","Power Through","Iron Wave"],"picked":"SKIP","floor":1},{"not_picked":["Wild Strike","Shockwave"],"picked":"Body Slam","floor":2},{"not_picked":["Clothesline","Clash"],"picked":"Intimidate","floor":5},{"not_picked":["Second Wind","Clothesline"],"picked":"Ghostly Armor","floor":6},{"not_picked":["Anger","Perfected Strike"],"picked":"Warcry","floor":8},{"not_picked":["Heavy Blade","Thunderclap"],"picked":"Barricade","floor":10},{"not_picked":["Rupture","Uppercut"],"picked":"Body Slam","floor":11}],"player_experience":108006,"relics_obtained":[{"floor":6,"key":"Nunchaku"},{"floor":8,"key":"Boot"},{"floor":9,"key":"Darkstone Periapt"}],"event_choices":[{"damage_healed":0,"gold_gain":0,"player_choice":"Grow","damage_taken":0,"max_hp_gain":0,"max_hp_loss":0,"event_name":"Living Wall","floor":3,"gold_loss":0,"cards_upgraded":["Body Slam"]},{"damage_healed":0,"gold_gain":0,"cards_transformed":["Strike_R"],"player_choice":"Transformed","damage_taken":0,"max_hp_gain":0,"max_hp_loss":0,"event_name":"Transmorgrifier","floor":4,"gold_loss":0,"cards_obtained":["Infernal Blade"]}],"is_beta":false,"boss_relics":[],"items_purged_floors":[],"is_endless":false,"potions_floor_spawned":[2,5,11],"killed_by":"Gremlin Nob","ascension_level":3}