{"gold_per_floor":[118,86,86,101,101,126,126,47,47,66,99,99,99,119,119,221,221,188,188,188,188,107,137,137,163,163,163,177,177],"floor_reached":29,"playtime":1575,"items_purged":[],"score":346,"play_id":"b7ca328e-57fd-4a8f-ac2d-213aabc4d7be","local_time":"20190411222534","is_ascension_mode":true,"campfire_choices":[{"data":"Sucker Punch","floor":7,"key":"SMITH"},{"floor":12,"key":"REST"},{"data":"Noxious Fumes","floor":15,"key":"SMITH"},{"data":"Outmaneuver","floor":24,"key":"SMITH"}],"neow_cost":"NONE","seed_source_timestamp":101327337530365,"circlet_count":0,"master_deck":["Defend_G","Defend_G+1","Defend_G","Defend_G","Defend_G","Survivor+1","Neutralize","Outmaneuver+1","Sucker Punch+1","Dagger Throw","Backstab","Noxious Fumes+1","Prepared","Deadly Poison","Malaise","Calculated Gamble+1","Bite","Bite","Bite","Bite","Bite","Bouncing Flask+1","PiercingWail","Bullet Time"],"relics":["Ring of the Snake","NeowsBlessing","Darkstone Periapt","Letter Opener","Omamori","Eternal Feather","PreservedInsect","War Paint","The Courier","Gambling Chip"],"potions_floor_usage":[23,23,29],"damage_taken":[{"damage":0,"enemies":"Jaw Worm","floor":1,"turns":1},{"damage":0,"enemies":"Small Slimes","floor":4,"turns":1},{"damage":0,"enemies":"3 Sentries","floor":6,"turns":1},{"damage":0,"enemies":"2 Louse","floor":10,"turns":2},{"damage":20,"enemies":"Gremlin Nob","floor":11,"turns":4},{"damage":0,"enemies":"2 Fungi Beasts","floor":14,"turns":4},{"damage":15,"enemies":"The Guardian","floor":16,"turns":9},{"damage":29,"enemies":"2 Thieves","floor":18,"turns":5},{"damage":11,"enemies":"Book of Stabbing","floor":23,"turns":9},{"damage":33,"enemies":"Gremlin Leader","floor":25,"turns":6},{"damage":13,"enemies":"Spheric Guardian","floor":28,"turns":4},{"damage":27,"enemies":"3 Cultists","floor":29,"turns":4}],"seed_played":"7169792039961327018","potions_obtained":[{"floor":6,"key":"SpeedPotion"},{"floor":10,"key":"Poison Potion"},{"floor":14,"key":"SkillPotion"},{"floor":16,"key":"Weak Potion"}],"is_trial":false,"path_per_floor":["M","?","?","M","?","E","R","$","T","M","E","R","?","M","R","B",null,"M","?","$","?","$","E","R","E","T","T","M","M"],"character_chosen":"THE_SILENT","items_purchased":["Backstab","Bouncing Flask","PiercingWail"],"campfire_rested":1,"item_purchase_floors":[8,22,22],"current_hp_per_floor":[70,70,75,75,60,60,60,60,60,60,40,62,75,75,75,60,75,46,46,46,46,46,52,52,25,25,25,16,0],"gold":177,"neow_bonus":"THREE_ENEMY_KILL","is_prod":false,"is_daily":false,"chose_seed":false,"campfire_upgraded":3,"win_rate":0,"timestamp":1555035934,"path_taken":["M","?","?","?","?","E","R","$","T","M","E","R","?","M","R","BOSS","M","?","$","?","$","E","R","E","T","?","?","?"],"build_version":"2019-01-23","purchased_purges":0,"victory":false,"max_hp_per_floor":[70,70,75,75,75,75,75,75,75,75,75,75,75,75,75,75,75,75,75,75,52,52,52,52,52,52,52,52,52],"card_choices":[{"not_picked":["Concentrate","Underhanded Strike"],"picked":"Outmaneuver","floor":1},{"not_picked":["Dagger Spray","Deflect"],"picked":"Sucker Punch","floor":4},{"not_picked":["Acrobatics","Riddle With Holes"],"picked":"Dagger Throw","floor":6},{"not_picked":["Outmaneuver","Masterful Stab"],"picked":"Noxious Fumes","floor":10},{"not_picked":["Dagger Throw","Sucker Punch"],"picked":"Prepared","floor":11},{"not_picked":["Predator","Dodge and Roll"],"picked":"Deadly Poison","floor":14},{"not_picked":["Wraith Form v2","Venomology"],"picked":"Malaise","floor":16},{"not_picked":["All Out Attack","Tactician"],"picked":"Calculated Gamble","floor":18},{"not_picked":["Slice","Dagger Spray","Accuracy+1"],"picked":"SKIP","floor":23},{"not_picked":["Skewer","Terror"],"picked":"Bullet Time","floor":25},{"not_picked":["Flying Knee","Bouncing Flask","Deflect"],"picked":"SKIP","floor":28}],"player_experience":244985,"relics_obtained":[{"floor":6,"key":"Darkstone Periapt"},{"floor":9,"key":"Letter Opener"},{"floor":11,"key":"Omamori"},{"floor":23,"key":"PreservedInsect"},{"floor":25,"key":"War Paint"},{"floor":26,"key":"The Courier"},{"floor":27,"key":"Gambling Chip"}],"event_choices":[{"damage_healed":0,"gold_gain":0,"player_choice":"Left Gold","damage_taken":0,"max_hp_gain":0,"max_hp_loss":0,"event_name":"World of Goop","floor":2,"gold_loss":32},{"damage_healed":0,"gold_gain":0,"player_choice":"Donut","damage_taken":0,"max_hp_gain":5,"max_hp_loss":0,"event_name":"Big Fish","floor":3,"gold_loss":0},{"damage_healed":0,"gold_gain":0,"player_choice":"Entered Light","damage_taken":15,"max_hp_gain":0,"max_hp_loss":0,"event_name":"Shining Light","floor":5,"gold_loss":0,"cards_upgraded":["Defend_G","Survivor"]},{"damage_healed":18,"gold_gain":0,"player_choice":"Healed and dodged fight","damage_taken":0,"max_hp_gain":0,"max_hp_loss":0,"event_name":"Mushrooms","floor":13,"gold_loss":0,"cards_obtained":["Parasite"]},{"damage_healed":0,"gold_gain":0,"player_choice":"Smashed Altar","damage_taken":0,"max_hp_gain":0,"max_hp_loss":0,"event_name":"Forgotten Altar","floor":19,"gold_loss":0,"cards_obtained":["Decay"]},{"damage_healed":0,"gold_gain":0,"player_choice":"Became a vampire","damage_taken":0,"max_hp_gain":0,"max_hp_loss":23,"event_name":"Vampires","floor":21,"gold_loss":0,"cards_obtained":["Bite","Bite","Bite","Bite","Bite"]}],"is_beta":false,"boss_relics":[{"not_picked":["Runic Dome","Orrery"],"picked":"Eternal Feather"}],"items_purged_floors":[],"is_endless":false,"potions_floor_spawned":[6,10,14,16,18],"killed_by":"3 Cultists","ascension_level":2}