{"path_per_floor":["M","M","M","?","$","R","T","R","T","M","M","M","?","M","R","B",null,"M","$","M","?","M","R"],"character_chosen":"THE_SILENT","items_purchased":["Backstab","Matryoshka"],"gold_per_floor":[112,131,151,151,113,113,137,137,137,156,174,184,214,225,225,323,323,333,84,97,97,109,109,109],"floor_reached":24,"campfire_rested":3,"playtime":2638,"item_purchase_floors":[5,19],"current_hp_per_floor":[68,61,61,58,58,70,70,70,70,64,56,59,59,55,70,34,70,40,40,20,20,9,30,0],"items_purged":[],"gold":109,"score":215,"play_id":"ebb97c9f-4131-453b-ab17-39fca43ae334","local_time":"20180615201605","daily_mods":["Draft"],"is_prod":false,"is_daily":false,"chose_seed":true,"is_ascension_mode":false,"campfire_upgraded":1,"win_rate":0.0,"timestamp":1529108165,"campfire_choices":[{"floor":6,"key":"REST"},{"data":"Bane","floor":8,"key":"SMITH"},{"floor":15,"key":"REST"},{"floor":23,"key":"REST"}],"path_taken":["M","M","M","?","$","R","?","R","T","M","M","M","?","M","R","BOSS","M","$","M","?","M","R","E"],"build_version":"2018-06-14v2","seed_source_timestamp":216372473776742,"purchased_purges":0,"victory":false,"master_deck":["Infinite Blades","Dash","Infinite Blades","Outmaneuver","Deadly Poison","Poisoned Stab","Backstab","Dash","Distraction","All Out Attack","Bane+1","Blade Dance","Deflect","Quick Slash","Deadly Poison","Deadly Poison","Cloak And Dagger","Backstab","Deadly Poison","Noxious Fumes+1","Dodge and Roll","A Thousand Cuts+1","Finisher","Slice+1","Bane"],"max_hp_per_floor":[70,70,70,70,70,70,70,70,70,70,70,70,70,70,70,70,70,70,70,70,70,70,70,70],"special_seed":20635678,"relics":["Ring of the Snake","Pantograph","Oddly Smooth Stone","Frozen Egg 2","Empty Cage","Matryoshka"],"card_choices":[{"not_picked":["Sucker Punch","Bane"],"picked":"Infinite Blades","floor":0},{"not_picked":["Expertise","Poisoned Stab"],"picked":"Dash","floor":0},{"not_picked":["Poisoned Stab","Underhanded Strike"],"picked":"Infinite Blades","floor":0},{"not_picked":["Acrobatics","PiercingWail"],"picked":"Outmaneuver","floor":0},{"not_picked":["Dagger Spray","Sucker Punch"],"picked":"Deadly Poison","floor":0},{"not_picked":["Heel Hook","Dodge and Roll"],"picked":"Poisoned Stab","floor":0},{"not_picked":["Quick Slash","Accuracy"],"picked":"Backstab","floor":0},{"not_picked":["Outmaneuver","Slice"],"picked":"Underhanded Strike","floor":0},{"not_picked":["Deflect","Flechettes"],"picked":"Dash","floor":0},{"not_picked":["Well Laid Plans","Expertise"],"picked":"Distraction","floor":0},{"not_picked":["Backflip","Dagger Spray"],"picked":"All Out Attack","floor":0},{"not_picked":["Malaise","Crippling Poison"],"picked":"Bane","floor":0},{"not_picked":["Heel Hook","Underhanded Strike"],"picked":"Blade Dance","floor":0},{"not_picked":["Escape Plan","Outmaneuver"],"picked":"Deflect","floor":0},{"not_picked":["Backflip","Dodge and Roll"],"picked":"Quick Slash","floor":0},{"not_picked":["Bane","Underhanded Strike"],"picked":"Deadly Poison","floor":1},{"not_picked":["Well Laid Plans","Dagger Spray"],"picked":"Deadly Poison","floor":2},{"not_picked":["Prepared","Escape Plan"],"picked":"Cloak And Dagger","floor":3},{"not_picked":["Heel Hook","Acrobatics"],"picked":"Deadly Poison","floor":10},{"not_picked":["Sucker Punch","Venomology"],"picked":"Noxious Fumes+1","floor":11},{"not_picked":["Underhanded Strike","Noxious Fumes+1"],"picked":"Predator","floor":12},{"not_picked":["Escape Plan","Reflex"],"picked":"Dodge and Roll","floor":14},{"not_picked":["Burst","Storm of Steel"],"picked":"A Thousand Cuts+1","floor":16},{"not_picked":["Acrobatics+1","Flechettes"],"picked":"Finisher","floor":18},{"not_picked":["Outmaneuver","Dagger Throw"],"picked":"Slice+1","floor":20},{"not_picked":["Backflip","Calculated Gamble"],"picked":"Bane","floor":22}],"player_experience":66841,"potions_floor_usage":[12,22,22,22,24],"damage_taken":[{"damage":2,"enemies":"2 Louse","floor":1,"turns":2},{"damage":7,"enemies":"Small Slimes","floor":2,"turns":2},{"damage":0,"enemies":"Cultist","floor":3,"turns":2},{"damage":6,"enemies":"Exordium Thugs","floor":10,"turns":3},{"damage":8,"enemies":"Large Slime","floor":11,"turns":4},{"damage":6,"enemies":"2 Fungi Beasts","floor":12,"turns":2},{"damage":4,"enemies":"Gremlin Gang","floor":14,"turns":3},{"damage":36,"enemies":"Slime Boss","floor":16,"turns":7},{"damage":30,"enemies":"Spheric Guardian","floor":18,"turns":5},{"damage":20,"enemies":"2 Thieves","floor":20,"turns":3},{"damage":11,"enemies":"Cultist and Chosen","floor":22,"turns":5},{"damage":33,"enemies":"Gremlin Leader","floor":24,"turns":2}],"relics_obtained":[{"floor":7,"key":"Oddly Smooth Stone"},{"floor":9,"key":"Frozen Egg 2"}],"event_choices":[{"event_name":"Scrap Ooze","player_choice":"success","floor":4,"damage_taken":3},{"event_name":"Dead Adventurer","player_choice":"Searched \u00271\u0027 times","floor":13,"damage_taken":0},{"event_name":"Accursed Blacksmith","player_choice":"Ignore","floor":21,"damage_taken":0}],"boss_relics":[{"not_picked":["Velvet Choker","Runic Dome"],"picked":"Empty Cage"}],"items_purged_floors":[],"is_endless":false,"potions_floor_spawned":[1,2,10,12,20,22],"seed_played":"8857201807444838788","killed_by":"Gremlin Leader","ascension_level":0,"potions_obtained":[{"floor":1,"key":"Swift Potion"},{"floor":2,"key":"Dexterity Potion"},{"floor":10,"key":"Regen Potion"},{"floor":12,"key":"Weak Potion"},{"floor":22,"key":"SteroidPotion"}],"is_trial":true}