{"gold_per_floor":[114,164,164,175,186,186,111,111,164,182,196,196,211,221,221,292,322,336,351,361,361],"floor_reached":21,"playtime":621,"items_purged":["Infernal Blade"],"score":306,"play_id":"f5b43a63-e3a6-4ff2-ab28-8f92058b4899","local_time":"20180718173848","daily_mods":["Draft","Time Dilation","Vintage"],"is_ascension_mode":true,"campfire_choices":[{"data":"Searing Blow","floor":6,"key":"SMITH"},{"data":"Searing Blow+1","floor":8,"key":"SMITH"},{"floor":15,"key":"REST"}],"neow_cost":"","seed_source_timestamp":0,"circlet_count":0,"master_deck":["AscendersBane","Rampage","Wild Strike+1","Headbutt","Clash","Rampage","Headbutt","Headbutt","Sever Soul","Clash+1","Wild Strike","Searing Blow+2","Rampage+1","Ghostly Armor","Pommel Strike"],"relics":["Burning Blood","Bird Faced Urn","Ice Cream","Art of War","Happy Flower","Kunai","Letter Opener","Bag of Preparation","Dodecahedron","Prayer Wheel","Tiny House","Omamori","Dream Catcher","Juzu Bracelet"],"potions_floor_usage":[14],"damage_taken":[{"damage":0,"enemies":"Jaw Worm","floor":1,"turns":1},{"damage":3,"enemies":"Cultist","floor":4,"turns":2},{"damage":0,"enemies":"2 Louse","floor":5,"turns":1},{"damage":0,"enemies":"Blue Slaver","floor":10,"turns":1},{"damage":4,"enemies":"3 Louse","floor":11,"turns":2},{"damage":13,"enemies":"Exordium Thugs","floor":13,"turns":3},{"damage":10,"enemies":"Blue Slaver","floor":14,"turns":3},{"damage":66,"enemies":"Hexaghost","floor":16,"turns":6},{"damage":12,"enemies":"Chosen","floor":18,"turns":3},{"damage":11,"enemies":"Spheric Guardian","floor":19,"turns":3},{"damage":33,"enemies":"Centurion and Healer","floor":20,"turns":4},{"damage":33,"enemies":"Sentry and Sphere","floor":21,"turns":3}],"seed_played":"-6362123767755588090","potions_obtained":[{"floor":5,"key":"GamblersBrew"},{"floor":10,"key":"FearPotion"},{"floor":13,"key":"Fruit Juice"},{"floor":14,"key":"Weak Potion"}],"is_trial":true,"path_per_floor":["M","?","?","M","M","R","$","R","T","M","M","?","M","M","R","B",null,"M","M","M"],"character_chosen":"IRONCLAD","items_purchased":[],"campfire_rested":1,"item_purchase_floors":[],"current_hp_per_floor":[74,74,51,54,60,60,60,60,60,66,68,61,54,55,79,19,70,64,59,32,0],"gold":361,"neow_bonus":"","is_prod":false,"is_daily":false,"chose_seed":false,"campfire_upgraded":2,"win_rate":0.0,"timestamp":1531949928,"path_taken":["M","?","?","M","M","R","$","R","T","?","M","?","M","M","R","BOSS","M","M","M","M"],"build_version":"2018-07-12","purchased_purges":1,"victory":false,"max_hp_per_floor":[75,75,75,75,75,75,75,75,75,75,75,75,75,80,80,80,85,85,85,85,85],"card_choices":[{"not_picked":["Clash","Cleave"],"picked":"Infernal Blade","floor":0},{"not_picked":["Sword Boomerang","Armaments"],"picked":"Rampage","floor":0},{"not_picked":["Clash","Rampage"],"picked":"Wild Strike","floor":0},{"not_picked":["Combust","Cleave"],"picked":"Headbutt","floor":0},{"not_picked":["Intimidate","Metallicize"],"picked":"Clash","floor":0},{"not_picked":["Combust","Battle Trance"],"picked":"Rampage","floor":0},{"not_picked":["Clash","Bloodletting"],"picked":"Twin Strike","floor":0},{"not_picked":["Warcry","Rage"],"picked":"Headbutt","floor":0},{"not_picked":["Combust","Inflame"],"picked":"Headbutt","floor":0},{"not_picked":["Iron Wave","Searing Blow"],"picked":"Sever Soul","floor":0},{"not_picked":["Warcry","Evolve"],"picked":"Clash","floor":0},{"not_picked":["Rampage","Seeing Red"],"picked":"Wild Strike","floor":0},{"not_picked":["Evolve","Clash"],"picked":"Searing Blow","floor":0},{"not_picked":["Armaments","Body Slam"],"picked":"Rampage","floor":0},{"not_picked":["Flame Barrier","Clash"],"picked":"Ghostly Armor","floor":0},{"not_picked":["Anger","Metallicize"],"picked":"Pommel Strike","floor":17}],"player_experience":272309,"relics_obtained":[{"floor":1,"key":"Bird Faced Urn"},{"floor":4,"key":"Ice Cream"},{"floor":5,"key":"Art of War"},{"floor":9,"key":"Happy Flower"},{"floor":10,"key":"Kunai"},{"floor":11,"key":"Letter Opener"},{"floor":13,"key":"Bag of Preparation"},{"floor":14,"key":"Dodecahedron"},{"floor":16,"key":"Prayer Wheel"},{"floor":18,"key":"Omamori"},{"floor":19,"key":"Dream Catcher"},{"floor":20,"key":"Juzu Bracelet"}],"event_choices":[{"event_name":"Golden Shrine","player_choice":"Pray","floor":2,"damage_taken":0},{"event_name":"Shining Light","player_choice":"Entered Light","floor":3,"damage_taken":0},{"event_name":"Golden Wing","player_choice":"Card Removal","floor":12,"damage_taken":0}],"boss_relics":[{"not_picked":["Pandora\u0027s Box","Runic Pyramid"],"picked":"Tiny House"}],"items_purged_floors":[7],"is_endless":false,"potions_floor_spawned":[5,10,13,14,18,20],"killed_by":"Sentry and Sphere","ascension_level":15}