{"gold_per_floor":[110,35,210,223,234,234,234,257,283,283,66,66,19,38,38,166,166,187,207,82,120,120,120,120,120,120,161,11,11,32,45,45,173,173,189,189,210,35,55,93,93,111,138,138,159,107,163,163,163,163],"floor_reached":51,"playtime":1078,"items_purged":["Defend_R","Doubt","Defend_R","Defend_R","Strike_R"],"score":733,"play_id":"c6f1063d-9d4f-4c73-838a-b8a9cbd27c8d","local_time":"20190415144226","is_ascension_mode":false,"campfire_choices":[{"data":"Flex","floor":6.0,"key":"SMITH"},{"data":"Clothesline","floor":10.0,"key":"SMITH"},{"data":"Inflame","floor":15.0,"key":"SMITH"},{"floor":23.0,"key":"REST"},{"floor":25.0,"key":"REST"},{"floor":32,"key":"REST"},{"floor":41,"key":"REST"},{"floor":49,"key":"REST"}],"neow_cost":"PERCENT_DAMAGE","seed_source_timestamp":2250492716561,"circlet_count":0,"master_deck":["Strike_R","Strike_R","Bash","Flex+1","Clothesline+1","Flex","Inflame+1","Battle Trance","Clash","Offering","Twin Strike","Cleave+1","Bash+1","Enlightenment","Twin Strike+1","Twin Strike+1","Fiend Fire+1","Rage+1","Headbutt+1","Flex+1"],"special_seed":0,"relics":["Burning Blood","Golden Idol","Orichalcum","Fusion Hammer","Red Mask","MutagenicStrength","Molten Egg 2","Regal Pillow","Velvet Choker","Pen Nib","Red Skull","Bronze Scales","FossilizedHelix","FaceOfCleric"],"potions_floor_usage":[33,33,40,40,50,50,50],"damage_taken":[{"damage":2.0,"enemies":"2 Louse","floor":1.0,"turns":3.0},{"damage":0.0,"enemies":"Small Slimes","floor":4.0,"turns":3.0},{"damage":4.0,"enemies":"Jaw Worm","floor":5.0,"turns":7.0},{"damage":5.0,"enemies":"Red Slaver","floor":8.0,"turns":3.0},{"damage":0.0,"enemies":"3 Louse","floor":14.0,"turns":3.0},{"damage":19.0,"enemies":"Hexaghost","floor":16.0,"turns":7.0},{"damage":6.0,"enemies":"Spheric Guardian","floor":18.0,"turns":2.0},{"damage":15.0,"enemies":"2 Thieves","floor":19.0,"turns":3.0},{"damage":11.0,"enemies":"Masked Bandits","floor":21.0,"turns":2.0},{"damage":11.0,"enemies":"Slavers","floor":27.0,"turns":4.0},{"damage":9,"enemies":"Snake Plant","floor":30,"turns":2},{"damage":9,"enemies":"Centurion and Healer","floor":31,"turns":2},{"damage":6,"enemies":"Collector","floor":33,"turns":3},{"damage":0,"enemies":"Orb Walker","floor":35,"turns":1},{"damage":27,"enemies":"3 Shapes","floor":37,"turns":3},{"damage":6,"enemies":"Spire Growth","floor":39,"turns":2},{"damage":27,"enemies":"Reptomancer","floor":40,"turns":4},{"damage":0,"enemies":"Transient","floor":42,"turns":5},{"damage":0,"enemies":"Sphere and 2 Shapes","floor":45,"turns":2},{"damage":21,"enemies":"2 Orb Walkers","floor":47,"turns":3},{"damage":55,"enemies":"Donu and Deca","floor":50,"turns":6}],"seed_played":"9077206514037137409","potions_obtained":[{"floor":5.0,"key":"Poison Potion"},{"floor":14.0,"key":"GamblersBrew"},{"floor":21.0,"key":"SkillPotion"},{"floor":30,"key":"SkillPotion"},{"floor":31,"key":"Strength Potion"},{"floor":33,"key":"EssenceOfSteel"},{"floor":35,"key":"Weak Potion"},{"floor":40,"key":"PowerPotion"},{"floor":45,"key":"Weak Potion"},{"floor":47,"key":"SteroidPotion"}],"is_trial":false,"path_per_floor":["M","$","?","M","M","R","?","M","T","R","$","?","$","M","R","B",null,"M","M","$","?","?","R","$","R","T","E","$","?","M","M","R","B",null,"M","?","M","$","M","E","R","M","T","?","M","$","?","?","R","B",null],"character_chosen":"IRONCLAD","items_purchased":["Inflame","Battle Trance","Clash","SteroidPotion"],"campfire_rested":5,"item_purchase_floors":[11,11,13,46],"current_hp_per_floor":[60,60,60,66,68,68,68,69,69,69,69,62,62,68,68,55,74,74,65,65,60,60,74,74,74,74,69,69,69,66,63,74,74,74,74,74,53,53,53,32,69,74,74,70,70,70,55,55,70,22],"gold":163,"neow_bonus":"REMOVE_TWO","is_prod":false,"is_daily":false,"chose_seed":false,"campfire_upgraded":3,"win_rate":0,"timestamp":1555360946,"path_taken":["M","$","?","M","M","R","?","M","T","R","$","?","?","?","R","BOSS","M","M","$","?","?","R","$","R","T","E","$","?","M","?","R","BOSS","M","?","?","$","M","E","R","M","T","?","M","$","?","?","R","BOSS"],"build_version":"2019-01-23","purchased_purges":5,"victory":true,"max_hp_per_floor":[80,80,80,80,80,80,74,74,74,74,74,74,74,74,74,74,74,74,74,74,74,74,74,74,74,74,74,74,74,74,74,74,74,74,74,74,74,74,74,74,74,74,74,70,70,70,70,70,70,71],"card_choices":[{"not_picked":["Pommel Strike","Dual Wield"],"picked":"Flex","floor":1.0},{"not_picked":["Searing Blow","True Grit","Power Through"],"picked":"SKIP","floor":4.0},{"not_picked":["Headbutt","Shrug It Off"],"picked":"Clothesline","floor":5.0},{"not_picked":["Pummel","Power Through"],"picked":"Flex","floor":8.0},{"not_picked":["Second Wind","Shrug It Off","Clothesline"],"picked":"SKIP","floor":14.0},{"not_picked":["Demon Form","Berserk"],"picked":"Offering","floor":16.0},{"not_picked":["Clothesline","Pommel Strike","Wild Strike"],"picked":"SKIP","floor":18.0},{"not_picked":["Rage","Perfected Strike"],"picked":"Thunderclap","floor":19.0},{"not_picked":["Rage","Havoc"],"picked":"Twin Strike","floor":21.0},{"not_picked":["Flex","Body Slam+1"],"picked":"Cleave+1","floor":27.0},{"not_picked":["Corruption","Sentinel"],"picked":"Twin Strike+1","floor":30},{"not_picked":["Evolve","Dropkick+1"],"picked":"Twin Strike+1","floor":31},{"not_picked":["Feed+1","Juggernaut"],"picked":"Fiend Fire+1","floor":33},{"not_picked":["Cleave+1","Havoc+1","Spot Weakness"],"picked":"SKIP","floor":35},{"not_picked":["Cleave+1","Havoc+1","Spot Weakness"],"picked":"SKIP","floor":35},{"not_picked":["Anger+1","Havoc","Cleave+1"],"picked":"SKIP","floor":37},{"not_picked":["Twin Strike+1","Carnage+1","Perfected Strike+1"],"picked":"SKIP","floor":39},{"not_picked":["Intimidate+1","Dropkick+1","Bludgeon+1"],"picked":"SKIP","floor":40},{"not_picked":["Twin Strike+1","Rupture+1"],"picked":"Rage+1","floor":42},{"not_picked":["Thunderclap+1","Entrench"],"picked":"Headbutt+1","floor":45},{"not_picked":["Warcry+1","Carnage+1"],"picked":"Flex+1","floor":47}],"player_experience":1219377,"relics_obtained":[{"floor":9.0,"key":"Orichalcum"},{"floor":21.0,"key":"Red Mask"},{"floor":26.0,"key":"Molten Egg 2"},{"floor":27.0,"key":"Regal Pillow"},{"floor":40,"key":"Red Skull"},{"floor":43,"key":"Bronze Scales"},{"floor":47,"key":"FossilizedHelix"}],"event_choices":[{"damage_healed":0.0,"max_hp_gain":0.0,"max_hp_loss":0.0,"gold_gain":175.0,"event_name":"Liars Game","player_choice":"AGREE","floor":3.0,"gold_loss":0.0,"damage_taken":0.0,"cards_obtained":["Doubt"]},{"damage_healed":0.0,"max_hp_gain":0.0,"max_hp_loss":6.0,"gold_gain":0.0,"event_name":"Golden Idol","player_choice":"Lose Max HP","floor":7.0,"gold_loss":0.0,"damage_taken":0.0,"relics_obtained":["Golden Idol"]},{"cards_removed":["Defend_R"],"damage_healed":0.0,"max_hp_gain":0.0,"max_hp_loss":0.0,"gold_gain":0.0,"event_name":"Golden Wing","player_choice":"Card Removal","floor":12.0,"gold_loss":0.0,"damage_taken":7.0},{"damage_healed":0.0,"max_hp_gain":0.0,"max_hp_loss":0.0,"gold_gain":0.0,"event_name":"Masked Bandits","player_choice":"Fought Bandits","floor":21.0,"gold_loss":0.0,"damage_taken":0.0},{"damage_healed":0.0,"max_hp_gain":0.0,"max_hp_loss":0.0,"gold_gain":0.0,"event_name":"Drug Dealer","player_choice":"Inject Mutagens","floor":22.0,"gold_loss":0.0,"damage_taken":0.0,"relics_obtained":["MutagenicStrength"]},{"damage_healed":0,"gold_gain":0,"player_choice":"2 cards matched","damage_taken":0,"max_hp_gain":0,"max_hp_loss":0,"event_name":"Match and Keep!","floor":29,"gold_loss":0,"cards_obtained":["Bash","Enlightenment"]},{"cards_removed":["Thunderclap"],"damage_healed":0,"gold_gain":0,"player_choice":"Gave Card","damage_taken":0,"relics_obtained":["Pen Nib"],"max_hp_gain":0,"max_hp_loss":0,"event_name":"WeMeetAgain","floor":36,"gold_loss":0},{"damage_healed":0,"gold_gain":0,"player_choice":"Max HP","damage_taken":0,"max_hp_gain":0,"max_hp_loss":4,"event_name":"Winding Halls","floor":44,"gold_loss":0},{"damage_healed":0,"gold_gain":0,"player_choice":"Fight","damage_taken":0,"max_hp_gain":0,"max_hp_loss":0,"event_name":"Mysterious Sphere","floor":47,"gold_loss":0},{"damage_healed":0,"gold_gain":0,"player_choice":"Trade","damage_taken":0,"relics_obtained":["FaceOfCleric"],"max_hp_gain":0,"max_hp_loss":0,"event_name":"FaceTrader","floor":48,"gold_loss":0}],"is_beta":false,"boss_relics":[{"not_picked":["Astrolabe","Pandora\u0027s Box"],"picked":"Fusion Hammer"},{"not_picked":["Orrery","Calling Bell"],"picked":"Velvet Choker"}],"items_purged_floors":[2,11,20,28,38],"is_endless":false,"potions_floor_spawned":[5,14,21,30,31,33,35,40,45,47],"ascension_level":0}