{"path_per_floor":["M","M","M","$","M","E","M","R","T","?","R","$","M","T","R","B",null,"M","?","M","M","$","R","?","M","T","M","R","E","R","M","R","B",null,"M","M","?","M","M","R","M","?","T","M","$","M","E","$","R"],"character_chosen":"IRONCLAD","items_purchased":["Dramatic Entrance","Blood Vial","Apotheosis","Regen Potion"],"gold_per_floor":[119,139,157,82,92,118,133,133,160,160,160,59,73,73,73,176,176,189,189,209,223,79,79,79,98,98,113,113,145,145,164,164,267,267,287,298,298,312,324,324,340,340,366,384,75,91,124,45,45,45],"floor_reached":50,"campfire_rested":6,"playtime":2286,"item_purchase_floors":[],"current_hp_per_floor":[80,78,76,76,75,63,57,84,91,91,91,91,97,97,97,46,97,75,75,73,57,57,86,91,62,62,68,97,67,96,97,97,28,97,92,76,76,47,48,77,68,68,68,75,75,49,18,18,47,0],"items_purged":["PiercingWail","Darkness"],"gold":45,"score":523,"play_id":"95d39378-3d1e-4901-bd48-4bc1b64a0426","local_time":"20180620144103","daily_mods":["Draft","Diverse"],"is_prod":false,"is_daily":false,"chose_seed":false,"is_ascension_mode":false,"campfire_upgraded":3,"win_rate":0.0,"timestamp":1529520063,"campfire_choices":[{"floor":8.0,"key":"REST"},{"data":"Crippling Poison","floor":11.0,"key":"SMITH"},{"data":"Ball Lightning","floor":15.0,"key":"SMITH"},{"floor":23.0,"key":"REST"},{"floor":28.0,"key":"REST"},{"floor":30.0,"key":"REST"},{"data":"Streamline","floor":32.0,"key":"SMITH"},{"floor":40,"key":"REST"},{"floor":49,"key":"REST"}],"path_taken":["M","M","M","?","M","E","M","R","T","?","R","$","M","?","R","BOSS","M","?","M","M","$","R","?","M","T","?","R","E","R","M","R","BOSS","M","M","?","M","M","R","M","?","T","?","$","M","E","$","R","BOSS"],"build_version":"2018-06-14v2","seed_source_timestamp":0,"purchased_purges":2,"victory":false,"master_deck":["Streamline","Prepared","Sword Boomerang","Ball Lightning+1","Crippling Poison+1","Headbutt","Wild Strike+1","Streamline+1","Deadly Poison","Sword Boomerang","Tempest+1","Flying Knee","Conserve Battery+1","Dramatic Entrance","Wild Strike+1","Deadly Poison+1","Bullet Time","Crippling Poison","Apotheosis","Dash+1"],"max_hp_per_floor":[80,80,80,80,80,90,90,90,97,97,97,97,97,97,97,97,97,97,97,97,97,97,97,97,97,97,97,97,97,97,97,97,97,97,97,97,97,97,97,97,97,97,97,97,97,97,97,97,97,97],"special_seed":50471966854428,"relics":["Burning Blood","Pear","Strawberry","Sundial","Mark of Pain","Blood Vial","Thread and Needle","War Paint","White Beast Statue","Bag of Preparation","Anchor"],"card_choices":[{"not_picked":["Quick Slash","Slice"],"picked":"Streamline","floor":0.0},{"not_picked":["Clothesline","Anger"],"picked":"Prepared","floor":0.0},{"not_picked":["Perfected Strike","Storm"],"picked":"Sword Boomerang","floor":0.0},{"not_picked":["Accuracy","Clothesline"],"picked":"PiercingWail","floor":0.0},{"not_picked":["Backflip","Sweeping Beam"],"picked":"Ball Lightning","floor":0.0},{"not_picked":["Slice","Gash"],"picked":"Crippling Poison","floor":0.0},{"not_picked":["Loop","Barrage"],"picked":"Headbutt","floor":0.0},{"not_picked":["Riddle With Holes","Gash"],"picked":"Darkness","floor":0.0},{"not_picked":["Endless Agony","Flying Knee"],"picked":"Wild Strike","floor":0.0},{"not_picked":["Reckless Charge","Dodge and Roll"],"picked":"Streamline","floor":0.0},{"not_picked":["Glacier","Deflect"],"picked":"Deadly Poison","floor":0.0},{"not_picked":["Dagger Spray","Clash"],"picked":"Seeing Red","floor":0.0},{"not_picked":["Dropkick","Body Slam"],"picked":"Sword Boomerang","floor":0.0},{"not_picked":["Scrape","Melter"],"picked":"Tempest","floor":0.0},{"not_picked":["Gash","Dagger Spray"],"picked":"Turbo","floor":0.0},{"not_picked":["Dash","Fusion","Dagger Throw"],"picked":"SKIP","floor":1.0},{"not_picked":["Deadly Poison","Thunderclap","Havoc"],"picked":"SKIP","floor":2.0},{"not_picked":["Streamline","Dagger Throw","Go for the Eyes"],"picked":"SKIP","floor":3.0},{"not_picked":["Riddle With Holes","Spot Weakness","Bloodletting"],"picked":"SKIP","floor":5.0},{"not_picked":["Night Terror","Havoc"],"picked":"Flying Knee","floor":6.0},{"not_picked":["Defragment","Infinite Blades"],"picked":"Conserve Battery","floor":7.0},{"not_picked":["Sword Boomerang","White Noise","Backflip"],"picked":"SKIP","floor":13.0},{"not_picked":["Feed","Meteor Strike"],"picked":"Electrodynamics","floor":16.0},{"not_picked":["Bane+1","Underhanded Strike","Clothesline"],"picked":"SKIP","floor":18.0},{"not_picked":["Stack","Choke"],"picked":"Wild Strike+1","floor":20.0},{"not_picked":["Combust","Doom and Gloom","Thunderclap"],"picked":"SKIP","floor":21.0},{"not_picked":["Slice","Reinforced Body+1","Redo+1"],"picked":"SKIP","floor":25.0},{"not_picked":["Stack","Acrobatics","Catalyst"],"picked":"SKIP","floor":27.0},{"not_picked":["Stack","Acrobatics","Catalyst"],"picked":"SKIP","floor":27.0},{"not_picked":["Expertise+1","Turbo+1","Shockwave"],"picked":"SKIP","floor":29.0},{"not_picked":["Acrobatics+1","Rage"],"picked":"Deadly Poison+1","floor":31.0},{"not_picked":["Tactician","Meteor Strike"],"picked":"Bullet Time","floor":33.0},{"not_picked":["Distraction","Steam Power","Redo+1"],"picked":"SKIP","floor":35.0},{"not_picked":["Dagger Spray","Setup"],"picked":"Crippling Poison","floor":36.0},{"not_picked":["Underhanded Strike","Stack","Consume"],"picked":"SKIP","floor":38.0},{"not_picked":["Redo+1","Streamline","Pommel Strike+1"],"picked":"SKIP","floor":39.0},{"not_picked":["Dodge and Roll","Twin Strike","All For One"],"picked":"SKIP","floor":41},{"not_picked":["Cloak And Dagger+1","Well Laid Plans+1","Dodge and Roll+1"],"picked":"SKIP","floor":44},{"not_picked":["Perfected Strike+1","Gash","Flex+1"],"picked":"SKIP","floor":46},{"not_picked":["Calculated Gamble+1","Flex"],"picked":"Dash+1","floor":47}],"player_experience":149632,"potions_floor_usage":[41,41,46,47,47,50,50,50],"damage_taken":[{"damage":0.0,"enemies":"Cultist","floor":1.0,"turns":2.0},{"damage":8.0,"enemies":"Small Slimes","floor":2.0,"turns":2.0},{"damage":8.0,"enemies":"Jaw Worm","floor":3.0,"turns":2.0},{"damage":7.0,"enemies":"Looter","floor":5.0,"turns":2.0},{"damage":28.0,"enemies":"3 Sentries","floor":6.0,"turns":6.0},{"damage":12.0,"enemies":"2 Fungi Beasts","floor":7.0,"turns":2.0},{"damage":0.0,"enemies":"Exordium Wildlife","floor":13.0,"turns":3.0},{"damage":57.0,"enemies":"The Guardian","floor":16.0,"turns":8.0},{"damage":28.0,"enemies":"Shell Parasite","floor":18.0,"turns":4.0},{"damage":8.0,"enemies":"3 Byrds","floor":20.0,"turns":3.0},{"damage":22.0,"enemies":"Snecko","floor":21.0,"turns":4.0},{"damage":37.0,"enemies":"Cultist and Chosen","floor":25.0,"turns":4.0},{"damage":2.0,"enemies":"Chosen and Byrds","floor":27.0,"turns":3.0},{"damage":36.0,"enemies":"Book of Stabbing","floor":29.0,"turns":5.0},{"damage":3.0,"enemies":"Snecko","floor":31.0,"turns":4.0},{"damage":93.0,"enemies":"Automaton","floor":33.0,"turns":8.0},{"damage":11.0,"enemies":"3 Shapes","floor":35.0,"turns":3.0},{"damage":24.0,"enemies":"Orb Walker","floor":36.0,"turns":3.0},{"damage":37.0,"enemies":"Sphere and 2 Shapes","floor":38.0,"turns":4.0},{"damage":7.0,"enemies":"3 Darklings","floor":39.0,"turns":4.0},{"damage":17,"enemies":"Maw","floor":41,"turns":6},{"damage":1,"enemies":"4 Shapes","floor":44,"turns":3},{"damage":34,"enemies":"Sphere and 2 Shapes","floor":46,"turns":4},{"damage":39,"enemies":"Nemesis","floor":47,"turns":5},{"damage":83,"enemies":"Awakened One","floor":50,"turns":9}],"relics_obtained":[{"floor":6.0,"key":"Pear"},{"floor":9.0,"key":"Strawberry"},{"floor":14.0,"key":"Sundial"},{"floor":26.0,"key":"Thread and Needle"},{"floor":29.0,"key":"War Paint"},{"floor":43,"key":"Bag of Preparation"},{"floor":47,"key":"Anchor"}],"event_choices":[{"event_name":"Upgrade Shrine","player_choice":"Upgraded","floor":10.0,"damage_taken":0.0},{"event_name":"Back to Basics","player_choice":"Elegance","floor":19.0,"damage_taken":0.0},{"event_name":"Bonfire Elementals","player_choice":"COMMON","floor":24.0,"damage_taken":0.0},{"event_name":"Falling","player_choice":"Removed Power","floor":37.0,"damage_taken":0.0},{"event_name":"SensoryStone","player_choice":"Memory 1","floor":42,"damage_taken":0}],"boss_relics":[{"not_picked":["Orrery","Runic Cube"],"picked":"Mark of Pain"},{"not_picked":["Philosopher\u0027s Stone","Eternal Feather"],"picked":"White Beast Statue"}],"items_purged_floors":[],"is_endless":false,"potions_floor_spawned":[1,5,6,13,16,21,27,31,35,36,38,39,41,44,46,47],"seed_played":"5162766170557889128","killed_by":"Awakened One","ascension_level":0,"potions_obtained":[{"floor":1.0,"key":"BloodPotion"},{"floor":5.0,"key":"EntropicBrew"},{"floor":6.0,"key":"EssenceOfSteel"},{"floor":35.0,"key":"Block Potion"},{"floor":36.0,"key":"LiquidBronze"},{"floor":38.0,"key":"Block Potion"},{"floor":39.0,"key":"Block Potion"},{"floor":41,"key":"Energy Potion"},{"floor":44,"key":"AttackPotion"},{"floor":46,"key":"Weak Potion"},{"floor":47,"key":"EssenceOfSteel"}],"is_trial":false}