{"path_per_floor":["M","?","?","M","M","R","E","M","T","E","R","M","E","$","R","B",null,"M","?","M","?","M","E","?","$","T","M","E","R","E","M","R","B",null,"M","T","M","M","M","R","E","R","T","E","$","E","?","M","R","B"],"character_chosen":"THE_SILENT","items_purchased":["Vajra"],"gold_per_floor":[114,114,114,129,144,144,174,189,214,244,244,259,319,94,94,194,194,194,194,149,149,149,149,149,49,49,49,49,49,49,49,49,49,49,49,49,49,49,49,49,49,49,49,49,49,49,49,49,49,49],"floor_reached":51,"campfire_rested":8,"playtime":4079,"item_purchase_floors":[14],"current_hp_per_floor":[65,65,65,59,52,70,60,60,60,37,70,51,15,15,51,24,70,60,80,80,80,69,16,42,42,42,46,43,80,56,41,80,5,85,42,42,42,32,1,41,8,48,55,55,55,54,54,39,81,15],"items_purged":["Night Terror","Grand Finale"],"gold":49,"score":815,"play_id":"fb62db7b-609e-4a59-9694-ec71d4b040e4","local_time":"20180616171914","daily_mods":["Shiny","Elite Swarm","Uncertain Future"],"is_prod":false,"is_daily":true,"chose_seed":false,"is_ascension_mode":false,"campfire_upgraded":0,"win_rate":0.0,"timestamp":1529183954,"campfire_choices":[{"floor":6,"key":"REST"},{"floor":11,"key":"REST"},{"floor":15,"key":"REST"},{"floor":29,"key":"REST"},{"floor":32,"key":"REST"},{"floor":40,"key":"REST"},{"floor":42,"key":"REST"},{"floor":49,"key":"REST"}],"path_taken":["M","?","?","M","?","R","E","M","T","E","R","M","E","$","R","BOSS","M","?","M","?","M","E","?","$","T","M","E","R","E","M","R","BOSS","M","?","M","M","M","R","E","R","T","E","$","E","?","?","R","BOSS"],"build_version":"2018-06-14v2","seed_source_timestamp":0,"purchased_purges":2,"victory":true,"master_deck":["Venomology","Phantasmal Killer","Die Die Die","Adrenaline","Envenom","Burst","Wraith Form v2","Tools of the Trade+1","Unload","After Image","Tactician","Bullet Time","Storm of Steel","Glass Knife","A Thousand Cuts","Poisoned Stab","Quick Slash","Flying Knee","Crippling Poison","Die Die Die+1","Cloak And Dagger","Quick Slash+1","Storm of Steel","Predator+1","Adrenaline","Dagger Throw+1","Glass Knife+1","Unload+1","A Thousand Cuts","Glass Knife+1","Die Die Die+1","Apotheosis"],"max_hp_per_floor":[70,70,70,70,70,70,70,70,70,70,70,70,70,70,70,70,70,70,80,80,80,80,80,80,80,80,80,80,80,80,80,80,85,85,85,85,85,85,85,85,85,85,92,92,92,92,92,92,92,92],"special_seed":17698,"relics":["Ring of the Snake","Regal Pillow","Dream Catcher","Molten Egg 2","Tiny Chest","Vajra","Ectoplasm","Toolbox","Omamori","Sundial","Snake Skull","Lizard Tail","Shuriken","Tingsha","Strawberry","Calipers","Old Coin"],"card_choices":[{"not_picked":["Crippling Poison","Outmaneuver"],"picked":"Poisoned Stab","floor":1},{"not_picked":["Acrobatics","Deadly Poison"],"picked":"Quick Slash","floor":4},{"not_picked":["Dagger Spray","Sucker Punch"],"picked":"Flying Knee","floor":5},{"not_picked":["Tools of the Trade","Night Terror","Phantasmal Killer"],"picked":"SKIP","floor":7},{"not_picked":["Poisoned Stab","Acrobatics"],"picked":"Crippling Poison","floor":8},{"not_picked":["Venomology","Grand Finale"],"picked":"Die Die Die","floor":10},{"not_picked":["Backflip","Dagger Spray+1"],"picked":"Cloak And Dagger","floor":11},{"not_picked":["Outmaneuver","Deadly Poison"],"picked":"Quick Slash+1","floor":12},{"not_picked":["Grand Finale+1","Bullet Time"],"picked":"Storm of Steel","floor":13},{"not_picked":["Quick Slash+1","Well Laid Plans"],"picked":"Predator+1","floor":15},{"not_picked":["Storm of Steel","Doppelganger"],"picked":"Adrenaline","floor":16},{"not_picked":["Dagger Spray+1","Bane+1"],"picked":"Dagger Throw+1","floor":18},{"not_picked":["Backflip+1","Dagger Spray+1","Acrobatics"],"picked":"SKIP","floor":20},{"not_picked":["Prepared","Eviscerate+1","Dagger Spray+1"],"picked":"SKIP","floor":22},{"not_picked":["Corpse Explosion+1","Doppelganger"],"picked":"Glass Knife+1","floor":23},{"not_picked":["Reflex","Expertise","Deflect+1"],"picked":"SKIP","floor":27},{"not_picked":["Glass Knife+1","Corpse Explosion+1"],"picked":"Unload+1","floor":28},{"not_picked":["Grand Finale+1","Corpse Explosion+1","Phantasmal Killer"],"picked":"SKIP","floor":30},{"not_picked":["Bane+1","Quick Slash+1","PiercingWail"],"picked":"SKIP","floor":31},{"not_picked":["Glass Knife+1","Tools of the Trade"],"picked":"A Thousand Cuts","floor":33},{"not_picked":["Expertise+1","Deflect+1","Outmaneuver"],"picked":"SKIP","floor":35},{"not_picked":["Dagger Spray+1","Backflip","Outmaneuver"],"picked":"SKIP","floor":37},{"not_picked":["Blur","Bane+1","Catalyst+1"],"picked":"SKIP","floor":38},{"not_picked":["Terror","Deadly Poison","Bane+1"],"picked":"SKIP","floor":39},{"not_picked":["Bullet Time","Phantasmal Killer"],"picked":"Glass Knife+1","floor":41},{"not_picked":["Glass Knife+1","Grand Finale+1","Venomology"],"picked":"SKIP","floor":44},{"not_picked":["Doppelganger","After Image"],"picked":"Die Die Die+1","floor":46},{"not_picked":["Purity","Swift Strike+1"],"picked":"Apotheosis","floor":47},{"not_picked":["Prepared","Deflect","Acrobatics+1"],"picked":"SKIP","floor":48}],"player_experience":86762,"potions_floor_usage":[5,13,23,28,28,30,30,33,33,33,38,41,46,50],"damage_taken":[{"damage":5,"enemies":"2 Louse","floor":1,"turns":2},{"damage":6,"enemies":"Cultist","floor":4,"turns":3},{"damage":7,"enemies":"Small Slimes","floor":5,"turns":3},{"damage":10,"enemies":"3 Sentries","floor":7,"turns":3},{"damage":0,"enemies":"3 Louse","floor":8,"turns":1},{"damage":23,"enemies":"Gremlin Nob","floor":10,"turns":4},{"damage":19,"enemies":"Red Slaver","floor":12,"turns":3},{"damage":36,"enemies":"Lagavulin","floor":13,"turns":4},{"damage":27,"enemies":"The Guardian","floor":16,"turns":7},{"damage":10,"enemies":"3 Byrds","floor":18,"turns":3},{"damage":0,"enemies":"2 Thieves","floor":20,"turns":3},{"damage":11,"enemies":"Snecko","floor":22,"turns":3},{"damage":53,"enemies":"Slavers","floor":23,"turns":4},{"damage":0,"enemies":"Cultist and Chosen","floor":27,"turns":3},{"damage":3,"enemies":"Gremlin Leader","floor":28,"turns":4},{"damage":24,"enemies":"Book of Stabbing","floor":30,"turns":3},{"damage":15,"enemies":"Snake Plant","floor":31,"turns":2},{"damage":80,"enemies":"Champ","floor":33,"turns":11},{"damage":43,"enemies":"3 Darklings","floor":35,"turns":4},{"damage":0,"enemies":"3 Shapes","floor":37,"turns":1},{"damage":10,"enemies":"Sphere and 2 Shapes","floor":38,"turns":3},{"damage":31,"enemies":"Maw","floor":39,"turns":6},{"damage":51,"enemies":"2 Orb Walkers","floor":41,"turns":4},{"damage":0,"enemies":"Nemesis","floor":44,"turns":3},{"damage":1,"enemies":"Giant Head","floor":46,"turns":6},{"damage":19,"enemies":"4 Shapes","floor":48,"turns":3},{"damage":78,"enemies":"Donu and Deca","floor":50,"turns":6}],"relics_obtained":[{"floor":7,"key":"Regal Pillow"},{"floor":9,"key":"Dream Catcher"},{"floor":10,"key":"Molten Egg 2"},{"floor":13,"key":"Tiny Chest"},{"floor":23,"key":"Toolbox"},{"floor":26,"key":"Omamori"},{"floor":28,"key":"Sundial"},{"floor":30,"key":"Snake Skull"},{"floor":36,"key":"Shuriken"},{"floor":41,"key":"Tingsha"},{"floor":43,"key":"Strawberry"},{"floor":44,"key":"Calipers"},{"floor":46,"key":"Old Coin"}],"event_choices":[{"event_name":"Upgrade Shrine","player_choice":"Upgraded","floor":2,"damage_taken":0},{"event_name":"Purifier","player_choice":"One Purge","floor":3,"damage_taken":0},{"event_name":"Bonfire Elementals","player_choice":"RARE","floor":19,"damage_taken":0},{"event_name":"Nest","player_choice":"Stole From Cult","floor":21,"damage_taken":0},{"event_name":"The Library","player_choice":"Heal","floor":24,"damage_taken":0},{"event_name":"SensoryStone","player_choice":"Memory 1","floor":47,"damage_taken":0}],"boss_relics":[{"not_picked":["Tiny House","Philosopher\u0027s Stone"],"picked":"Ectoplasm"},{"not_picked":["Orrery","Coffee Dripper"],"picked":"Lizard Tail"}],"items_purged_floors":[14,25],"is_endless":false,"potions_floor_spawned":[1,8,10,12,27,28,31,33,37,41,48],"seed_played":"4610155392597214101","ascension_level":0,"potions_obtained":[{"floor":1,"key":"Swift Potion"},{"floor":8,"key":"SkillPotion"},{"floor":27,"key":"PowerPotion"},{"floor":28,"key":"PowerPotion"},{"floor":31,"key":"Fruit Juice"},{"floor":33,"key":"Ancient Potion"},{"floor":37,"key":"GamblersBrew"},{"floor":41,"key":"Weak Potion"},{"floor":48,"key":"Regen Potion"}],"is_trial":false}