{"gold_per_floor":[11,23,23,23,44,44,80,80,80,80,96,96,116,134,134,134],"floor_reached":16,"playtime":969,"items_purged":[],"score":204,"play_id":"bb6dc1e3-0f19-4e3f-9c30-6d4a9f2f5b05","local_time":"20190210233438","is_ascension_mode":true,"campfire_choices":[{"data":"Dualcast","floor":6,"key":"SMITH"},{"floor":8,"key":"REST"},{"data":"1","floor":10,"key":"LIFT"},{"data":"2","floor":12,"key":"LIFT"},{"floor":15,"key":"REST"}],"neow_cost":"NO_GOLD","seed_source_timestamp":1419203396055300,"circlet_count":0,"master_deck":["AscendersBane","Strike_B","Strike_B","Strike_B","Strike_B","Defend_B","Defend_B","Defend_B","Defend_B","Zap+1","Dualcast+1","Lockon","Coolheaded","Capacitor","Scrape","Leap","Turbo","Reinforced Body"],"special_seed":0,"relics":["Cracked Core","Golden Idol","Girya","Mummified Hand"],"potions_floor_usage":[7,14],"damage_taken":[{"damage":9.0,"enemies":"Jaw Worm","floor":1.0,"turns":3.0},{"damage":6,"enemies":"Small Slimes","floor":2,"turns":3},{"damage":0,"enemies":"Cultist","floor":5,"turns":3},{"damage":54,"enemies":"Gremlin Nob","floor":7,"turns":5},{"damage":0,"enemies":"Large Slime","floor":11,"turns":4},{"damage":17,"enemies":"Lots of Slimes","floor":13,"turns":4},{"damage":4,"enemies":"3 Louse","floor":14,"turns":3},{"damage":34,"enemies":"Hexaghost","floor":16,"turns":9}],"seed_played":"259435547945185628","potions_obtained":[{"floor":2,"key":"Ancient Potion"},{"floor":5,"key":"Ancient Potion"},{"floor":7,"key":"Energy Potion"}],"is_trial":false,"path_per_floor":["M","M","?","?","M","R","E","R","T","R","M","R","M","M","R","B"],"character_chosen":"DEFECT","items_purchased":[],"campfire_rested":2,"item_purchase_floors":[],"current_hp_per_floor":[69,63,63,63,63,63,9,32,32,32,32,32,15,11,34,0],"gold":134,"neow_bonus":"TWENTY_PERCENT_HP_BONUS","is_prod":false,"is_daily":false,"chose_seed":false,"campfire_upgraded":1,"win_rate":0,"timestamp":1549870478,"path_taken":["M","M","?","?","M","R","E","R","T","R","M","R","?","M","R","BOSS"],"build_version":"2019-02-06","purchased_purges":0,"victory":false,"max_hp_per_floor":[85,85,77,77,77,77,77,77,77,77,77,77,77,77,77,77],"card_choices":[{"not_picked":["Compile Driver","Steam"],"picked":"Lockon","floor":1.0},{"not_picked":["Barrage","Redo"],"picked":"Coolheaded","floor":2},{"not_picked":["Steam","Go for the Eyes"],"picked":"Capacitor","floor":5},{"not_picked":["Redo","Meteor Strike"],"picked":"Scrape","floor":7},{"not_picked":["Streamline","Redo"],"picked":"Leap","floor":11},{"not_picked":["Skim","Hologram"],"picked":"Turbo","floor":13},{"not_picked":["Stack","Ball Lightning"],"picked":"Reinforced Body","floor":14}],"player_experience":3256672,"relics_obtained":[{"floor":7,"key":"Girya"},{"floor":9,"key":"Mummified Hand"}],"event_choices":[{"damage_healed":0,"gold_gain":0,"player_choice":"Lose Max HP","damage_taken":0,"relics_obtained":["Golden Idol"],"max_hp_gain":0,"max_hp_loss":8,"event_name":"Golden Idol","floor":3,"gold_loss":0},{"damage_healed":0,"gold_gain":0,"player_choice":"Upgraded","damage_taken":0,"max_hp_gain":0,"max_hp_loss":0,"event_name":"Upgrade Shrine","floor":4,"gold_loss":0,"cards_upgraded":["Zap"]}],"is_beta":true,"boss_relics":[],"items_purged_floors":[],"is_endless":false,"potions_floor_spawned":[2,5,7],"killed_by":"Hexaghost","ascension_level":20}