{"gold_per_floor":[144,189,43,88,88,88,88,88,88,178,268,268,268,123,123,423,423,468,519,444,169,19,19,19,109,139,139,229,29,29,74,74,374,374,419,244,289,334,379,379,379,379,379,379,424,424,74,74,74,74],"floor_reached":50,"playtime":2031,"items_purged":["Malaise","Phantasmal Killer","Burst","After Image","Envenom"],"score":555,"play_id":"278b3856-1640-4d17-99fd-e457576c4220","local_time":"20190212140509","daily_mods":["Shiny","Flight","Midas"],"is_ascension_mode":false,"campfire_choices":[{"floor":6,"key":"REST"},{"floor":8,"key":"REST"},{"floor":13,"key":"REST"},{"data":"1","floor":15,"key":"LIFT"},{"data":"2","floor":23,"key":"LIFT"},{"data":"3","floor":24,"key":"LIFT"},{"floor":27,"key":"REST"},{"floor":30,"key":"REST"},{"floor":32,"key":"REST"},{"floor":40,"key":"REST"},{"floor":41,"key":"REST"},{"floor":42,"key":"REST"},{"floor":44,"key":"REST"},{"floor":49,"key":"REST"}],"neow_cost":"","seed_source_timestamp":190844991835791,"circlet_count":0,"master_deck":["Corpse Explosion","Die Die Die","Adrenaline+1","Doppelganger+1","Wraith Form v2","Night Terror","Unload","Bullet Time+1","Glass Knife","A Thousand Cuts","Backstab","Quick Slash"],"special_seed":17939,"relics":["Ring of the Snake","Singing Bowl","The Specimen","Girya","Empty Cage","Red Mask","War Paint","Bottled Tornado","Tiny Chest","Question Card","Medical Kit","Runic Dome","Thread and Needle","Lantern","Sling","Frozen Egg 2"],"potions_floor_usage":[11,16,19,28,33,50,50,50,50,50,50],"damage_taken":[{"damage":7,"enemies":"Cultist","floor":1,"turns":4},{"damage":0,"enemies":"Small Slimes","floor":2,"turns":1},{"damage":2,"enemies":"Jaw Worm","floor":4,"turns":3},{"damage":18,"enemies":"3 Sentries","floor":10,"turns":3},{"damage":16,"enemies":"Gremlin Nob","floor":11,"turns":3},{"damage":2,"enemies":"Slime Boss","floor":16,"turns":7},{"damage":2,"enemies":"Chosen","floor":18,"turns":3},{"damage":13,"enemies":"Masked Bandits","floor":19,"turns":3},{"damage":5,"enemies":"Gremlin Leader","floor":25,"turns":4},{"damage":3,"enemies":"Slavers","floor":28,"turns":2},{"damage":0,"enemies":"3 Byrds","floor":31,"turns":2},{"damage":2,"enemies":"Automaton","floor":33,"turns":4},{"damage":1,"enemies":"Orb Walker","floor":35,"turns":2},{"damage":14,"enemies":"3 Shapes","floor":37,"turns":2},{"damage":29,"enemies":"Maw","floor":38,"turns":6},{"damage":13,"enemies":"Sphere and 2 Shapes","floor":39,"turns":4},{"damage":0,"enemies":"Jaw Worm Horde","floor":45,"turns":3},{"damage":93,"enemies":"Time Eater","floor":50,"turns":12}],"seed_played":"1988086906776939641","potions_obtained":[{"floor":31,"key":"AttackPotion"},{"floor":33,"key":"GamblersBrew"},{"floor":39,"key":"Fire Potion"}],"is_trial":false,"path_per_floor":["M","M","$","M","?","R","$","R","T","E","E","?","R","$","R","B",null,"M","?","?","$","$","R","R","E","T","R","E","$","R","M","R","B",null,"M","$","M","M","M","R","R","R","T","R","M","?","$","T","R","B"],"character_chosen":"THE_SILENT","items_purchased":["Backstab","Quick Slash","War Paint","Medical Kit","Lantern","Sling"],"campfire_rested":11,"item_purchase_floors":[3,14,21,29,47,47],"current_hp_per_floor":[63,63,63,61,47,68,68,70,70,54,40,33,55,55,55,55,76,76,65,65,65,65,65,65,62,62,82,81,81,84,86,86,86,88,89,89,77,50,39,67,95,96,96,96,98,93,93,93,93,0],"gold":74,"neow_bonus":"","is_prod":false,"is_daily":true,"chose_seed":false,"campfire_upgraded":0,"win_rate":0,"timestamp":1549998309,"path_taken":["M","M","$","M","?","R","$","R","T","E","E","?","R","$","R","BOSS","M","?","?","$","$","R","R","E","T","R","E","?","R","M","R","BOSS","M","$","M","?","M","R","R","R","T","R","M","?","$","?","R","BOSS"],"build_version":"2019-01-23","purchased_purges":5,"victory":false,"max_hp_per_floor":[70,70,70,70,70,70,70,70,70,72,74,74,74,74,74,76,76,78,80,80,80,80,80,80,82,82,82,84,84,84,86,86,88,88,90,90,92,94,96,96,96,96,96,96,98,93,93,93,93,93],"card_choices":[{"not_picked":["Finisher","Footwork","Backflip"],"picked":"SKIP","floor":1},{"not_picked":["Prepared","Well Laid Plans","Bane"],"picked":"SKIP","floor":2},{"not_picked":["Deflect","Predator","Escape Plan"],"picked":"SKIP","floor":4},{"not_picked":["Outmaneuver","Bane","Accuracy"],"picked":"Singing Bowl","floor":10},{"not_picked":["Skewer","Poisoned Stab","After Image"],"picked":"Singing Bowl","floor":11},{"not_picked":["Storm of Steel","Envenom","Burst"],"picked":"Singing Bowl","floor":16},{"not_picked":["Poisoned Stab","Expertise","Crippling Poison"],"picked":"Singing Bowl","floor":18},{"not_picked":["Infinite Blades","Concentrate+1","Deflect"],"picked":"Singing Bowl","floor":19},{"not_picked":["Dodge and Roll+1","Blur+1","Quick Slash"],"picked":"Singing Bowl","floor":25},{"not_picked":["Prepared+1","Poisoned Stab","Glass Knife"],"picked":"Singing Bowl","floor":28},{"not_picked":["Heel Hook","Backflip","Underhanded Strike","Footwork"],"picked":"Singing Bowl","floor":31},{"not_picked":["Unload","Venomology","Phantasmal Killer","Night Terror"],"picked":"Singing Bowl","floor":33},{"not_picked":["Quick Slash","Slice","Dagger Spray+1","Blur"],"picked":"Singing Bowl","floor":35},{"not_picked":["Blur","Acrobatics","PiercingWail","Poisoned Stab+1"],"picked":"Singing Bowl","floor":37},{"not_picked":["Dagger Spray+1","Bane+1","Dodge and Roll+1","Quick Slash+1"],"picked":"Singing Bowl","floor":38},{"not_picked":["Eviscerate+1","Flying Knee","Prepared","Blade Dance+1"],"picked":"Singing Bowl","floor":39},{"not_picked":["Deflect","Footwork+1","Backstab+1","Backflip+1"],"picked":"Singing Bowl","floor":45}],"player_experience":396613,"relics_obtained":[{"floor":9,"key":"Singing Bowl"},{"floor":10,"key":"The Specimen"},{"floor":11,"key":"Girya"},{"floor":19,"key":"Red Mask"},{"floor":25,"key":"Bottled Tornado"},{"floor":26,"key":"Tiny Chest"},{"floor":28,"key":"Question Card"},{"floor":43,"key":"Thread and Needle"},{"floor":48,"key":"Frozen Egg 2"}],"event_choices":[{"damage_healed":0,"gold_gain":0,"player_choice":"Entered Light","damage_taken":14,"max_hp_gain":0,"max_hp_loss":0,"event_name":"Shining Light","floor":5,"gold_loss":0,"cards_upgraded":["Grand Finale","Doppelganger"]},{"cards_removed":["Grand Finale"],"damage_healed":0,"gold_gain":0,"player_choice":"Card Removal","damage_taken":7,"max_hp_gain":0,"max_hp_loss":0,"event_name":"Golden Wing","floor":12,"gold_loss":0},{"damage_healed":0,"gold_gain":0,"player_choice":"Fought Bandits","damage_taken":0,"max_hp_gain":0,"max_hp_loss":0,"event_name":"Masked Bandits","floor":19,"gold_loss":0},{"cards_removed":["Venomology"],"damage_healed":0,"gold_gain":0,"player_choice":"Gave Gold","damage_taken":0,"max_hp_gain":0,"max_hp_loss":0,"event_name":"Beggar","floor":20,"gold_loss":75},{"damage_healed":0,"gold_gain":0,"player_choice":"Max HP","damage_taken":0,"max_hp_gain":0,"max_hp_loss":5,"event_name":"Winding Halls","floor":46,"gold_loss":0}],"is_beta":false,"boss_relics":[{"not_picked":["Ectoplasm","Black Star"],"picked":"Empty Cage"},{"not_picked":["Calling Bell","White Beast Statue"],"picked":"Runic Dome"}],"items_purged_floors":[3,14,21,22,36],"is_endless":false,"potions_floor_spawned":[11,16,31,33,39,45],"killed_by":"Time Eater","ascension_level":0}