{"gold_per_floor":[117,132,23,23,42,42,57,89,158,10,25,25,25,44,44,140,140,150,161,172,172,191,224,236,275,287,299,329,359,91,110,110,211,211,226,244,94,111,121,121,137,112,112,112,127,0,16,32,32,32],"floor_reached":51,"playtime":2417,"items_purged":["Carnage","Chill","Sunder"],"score":772,"play_id":"b042ef39-854d-420a-8764-ad859ebf0ecb","local_time":"20190331002038","daily_mods":["SealedDeck","Diverse","Heirloom","Time Dilation"],"is_ascension_mode":false,"campfire_choices":[{"data":"Stack","floor":6,"key":"SMITH"},{"data":"1","floor":13,"key":"LIFT"},{"data":"2","floor":15,"key":"LIFT"},{"data":"3","floor":24,"key":"LIFT"},{"floor":27,"key":"REST"},{"floor":32,"key":"REST"},{"floor":40,"key":"REST"},{"floor":44,"key":"REST"},{"floor":49,"key":"REST"}],"neow_cost":"","seed_source_timestamp":0,"circlet_count":0,"master_deck":["Stack+1","Acrobatics","Iron Wave","Headbutt","Rebound","Backstab","Streamline+1","Reprogram","Armaments","Pommel Strike","Gash","Gash","Gash","Die Die Die","Backstab+1","Cloak And Dagger"],"special_seed":0,"relics":["Burning Blood","Dead Branch","Girya","Sundial","Fusion Hammer","MawBank","Dodecahedron","Blue Candle","Lantern","Lizard Tail","Thread and Needle","Red Mask"],"potions_floor_usage":[33,33,33,36,41,50,50,50],"damage_taken":[{"damage":9.0,"enemies":"Jaw Worm","floor":1.0,"turns":2.0},{"damage":0.0,"enemies":"Cultist","floor":2.0,"turns":2.0},{"damage":0,"enemies":"2 Louse","floor":5,"turns":1},{"damage":0,"enemies":"Lots of Slimes","floor":7,"turns":2},{"damage":0,"enemies":"Gremlin Nob","floor":8,"turns":2},{"damage":8,"enemies":"Large Slime","floor":11,"turns":4},{"damage":11,"enemies":"Exordium Wildlife","floor":14,"turns":3},{"damage":0,"enemies":"Slime Boss","floor":16,"turns":5},{"damage":12,"enemies":"3 Byrds","floor":18,"turns":4},{"damage":0,"enemies":"Shell Parasite","floor":19,"turns":2},{"damage":0,"enemies":"Chosen and Byrds","floor":20,"turns":4},{"damage":32,"enemies":"Shelled Parasite and Fungi","floor":22,"turns":4},{"damage":18,"enemies":"Gremlin Leader","floor":23,"turns":2},{"damage":15,"enemies":"Book of Stabbing","floor":25,"turns":3},{"damage":24,"enemies":"Centurion and Healer","floor":28,"turns":3},{"damage":0,"enemies":"Chosen and Byrds","floor":29,"turns":3},{"damage":6,"enemies":"3 Cultists","floor":31,"turns":3},{"damage":30,"enemies":"Champ","floor":33,"turns":5},{"damage":1,"enemies":"Orb Walker","floor":35,"turns":2},{"damage":20,"enemies":"3 Shapes","floor":36,"turns":2},{"damage":21,"enemies":"Maw","floor":38,"turns":5},{"damage":27,"enemies":"4 Shapes","floor":39,"turns":2},{"damage":0,"enemies":"Transient","floor":41,"turns":5},{"damage":0,"enemies":"Spire Growth","floor":45,"turns":2},{"damage":0,"enemies":"Sphere and 2 Shapes","floor":47,"turns":2},{"damage":31,"enemies":"Writhing Mass","floor":48,"turns":3},{"damage":115,"enemies":"Donu and Deca","floor":50,"turns":8}],"seed_played":"-4763552723869610352","potions_obtained":[{"floor":7,"key":"Poison Potion"},{"floor":8,"key":"Block Potion"},{"floor":14,"key":"Dexterity Potion"},{"floor":19,"key":"SteroidPotion"},{"floor":33,"key":"PowerPotion"},{"floor":36,"key":"Weak Potion"},{"floor":38,"key":"AttackPotion"},{"floor":39,"key":"FearPotion"},{"floor":47,"key":"Ancient Potion"},{"floor":48,"key":"Regen Potion"}],"is_trial":true,"path_per_floor":["M","M","$","?","M","R","M","E","T","$","M","$","R","M","R","B",null,"M","M","M","?","M","E","R","E","T","R","M","M","$","M","R","B",null,"M","M","$","M","M","R","M","$","T","R","M","?","M","M","R","B",null],"character_chosen":"IRONCLAD","items_purchased":["Reprogram","Pommel Strike","Lantern","Die Die Die","Cloak And Dagger"],"campfire_rested":5,"item_purchase_floors":[3,10,30,37,42],"current_hp_per_floor":[77,80,80,80,80,80,80,80,80,80,78,78,78,73,73,79,80,74,80,80,72,46,34,34,25,25,49,31,37,37,37,61,37,80,80,66,66,51,30,54,60,60,60,80,80,80,80,55,79,27],"gold":32,"neow_bonus":"","is_prod":false,"is_daily":false,"chose_seed":false,"campfire_upgraded":1,"win_rate":0,"timestamp":1554006038,"path_taken":["M","M","$","?","M","R","M","E","T","$","?","$","R","M","R","BOSS","M","?","M","?","M","E","R","E","T","R","M","M","$","M","R","BOSS","M","M","$","M","M","R","?","$","T","R","M","?","M","M","R","BOSS"],"build_version":"2019-01-23","purchased_purges":3,"victory":true,"max_hp_per_floor":[80,80,80,80,80,80,80,80,80,80,80,80,80,80,80,80,80,80,80,80,80,80,80,80,80,80,80,80,80,80,80,80,80,80,80,80,80,80,80,80,80,80,80,80,80,80,80,80,80,80],"card_choices":[{"not_picked":["Flying Knee","Clothesline","Streamline"],"picked":"SKIP","floor":1.0},{"not_picked":["Scrape","Iron Wave","Twin Strike"],"picked":"SKIP","floor":2.0},{"not_picked":["Whirlwind","Rupture","Flying Knee"],"picked":"SKIP","floor":5},{"not_picked":["Tools of the Trade","True Grit"],"picked":"Armaments","floor":7},{"not_picked":["Iron Wave","Poisoned Stab","Turbo"],"picked":"SKIP","floor":8},{"not_picked":["Streamline","PiercingWail"],"picked":"Gash","floor":11},{"not_picked":["Sword Boomerang","Conserve Battery","Perfected Strike"],"picked":"SKIP","floor":14},{"not_picked":["Distraction","Dagger Spray","Compile Driver"],"picked":"SKIP","floor":18},{"not_picked":["Havoc","Anger"],"picked":"Gash","floor":19},{"not_picked":["Skewer","Perfected Strike","Bane+1"],"picked":"SKIP","floor":20},{"not_picked":["Whirlwind+1","Spot Weakness","Perfected Strike+1"],"picked":"SKIP","floor":22},{"not_picked":["Turbo","Shrug It Off","Barricade"],"picked":"SKIP","floor":23},{"not_picked":["Well Laid Plans","Malaise","Bane"],"picked":"SKIP","floor":25},{"not_picked":["Fire Breathing+1","Anger","Bane+1"],"picked":"SKIP","floor":28},{"not_picked":["Blizzard+1","Backflip"],"picked":"Gash","floor":29},{"not_picked":["True Grit+1","Barrage","Noxious Fumes+1"],"picked":"SKIP","floor":31},{"not_picked":["Barrage+1","Coolheaded+1","Metallicize+1"],"picked":"SKIP","floor":35},{"not_picked":["Underhanded Strike","Flying Knee+1","Pommel Strike+1"],"picked":"SKIP","floor":36},{"not_picked":["Havoc+1","Perfected Strike","Lockon+1"],"picked":"SKIP","floor":38},{"not_picked":["Carnage+1","Entrench","Spot Weakness+1"],"picked":"SKIP","floor":39},{"not_picked":["Heel Hook+1","Slice"],"picked":"Backstab+1","floor":41},{"not_picked":["Headbutt","Second Wind","Stack"],"picked":"SKIP","floor":45},{"not_picked":["Streamline","Barrage+1","Armaments+1"],"picked":"SKIP","floor":47},{"not_picked":["Core Surge","Well Laid Plans+1","Bane+1"],"picked":"SKIP","floor":48}],"player_experience":420923,"relics_obtained":[{"floor":8,"key":"Girya"},{"floor":9,"key":"Sundial"},{"floor":23,"key":"MawBank"},{"floor":25,"key":"Dodecahedron"},{"floor":26,"key":"Blue Candle"},{"floor":43,"key":"Thread and Needle"}],"event_choices":[{"damage_healed":0.0,"max_hp_gain":0.0,"max_hp_loss":0.0,"gold_gain":0.0,"event_name":"Accursed Blacksmith","player_choice":"Forge","floor":4.0,"gold_loss":0.0,"damage_taken":0.0,"cards_upgraded":["Streamline"]},{"damage_healed":0,"gold_gain":0,"player_choice":"","damage_taken":8,"max_hp_gain":0,"max_hp_loss":0,"event_name":"Knowing Skull","floor":21,"potions_obtained":[],"gold_loss":0,"cards_obtained":[]},{"damage_healed":0,"gold_gain":0,"player_choice":"Paid","damage_taken":0,"relics_obtained":["Red Mask"],"max_hp_gain":0,"max_hp_loss":0,"event_name":"Tomb of Lord Red Mask","floor":46,"gold_loss":127}],"is_beta":false,"boss_relics":[{"not_picked":["Velvet Choker","Sozu"],"picked":"Fusion Hammer"},{"not_picked":["Mark of Pain","Calling Bell"],"picked":"Lizard Tail"}],"items_purged_floors":[3,10,30],"is_endless":false,"potions_floor_spawned":[7,8,14,19,23,31,33,36,38,39,47,48],"ascension_level":0}