{"gold_per_floor":[114,114,129,204,219,249,264,279,304,304,319,319,349,364,364,364],"floor_reached":16,"playtime":1434,"items_purged":[],"score":164,"play_id":"686df7cd-5ff3-495d-ab28-4e8481e6a5d7","local_time":"20180623131323","daily_mods":["Diverse","Time Dilation","Hoarder"],"is_ascension_mode":false,"campfire_choices":[{"floor":10,"key":"REST"},{"data":"Double Energy","floor":12,"key":"SMITH"},{"floor":15,"key":"REST"}],"neow_cost":"","seed_source_timestamp":0,"circlet_count":0,"master_deck":["Defend_G","Defend_G","Defend_G","Defend_G","Defend_G","Strike_G","Strike_G","Strike_G","Strike_G","Strike_G","Survivor","Neutralize","Conserve Battery","Conserve Battery","Conserve Battery","Melter","Melter","Melter","Double Energy","Double Energy","Double Energy+1","Ball Lightning","Ball Lightning","Ball Lightning","Hemokinesis","Hemokinesis","Hemokinesis"],"special_seed":17705,"relics":["Ring of the Snake","Ancient Tea Set","Happy Flower","Du-Vu Doll"],"potions_floor_usage":[16],"damage_taken":[{"damage":0,"enemies":"Small Slimes","floor":1,"turns":4},{"damage":1,"enemies":"2 Louse","floor":3,"turns":2},{"damage":0,"enemies":"Jaw Worm","floor":5,"turns":4},{"damage":9,"enemies":"3 Sentries","floor":6,"turns":10},{"damage":4,"enemies":"3 Louse","floor":7,"turns":4},{"damage":1,"enemies":"Exordium Wildlife","floor":8,"turns":3},{"damage":0,"enemies":"Lots of Slimes","floor":11,"turns":4},{"damage":8,"enemies":"Gremlin Nob","floor":13,"turns":3},{"damage":12,"enemies":"Red Slaver","floor":14,"turns":2}],"seed_played":"3243282396606865900","potions_obtained":[{"floor":1,"key":"Energy Potion"},{"floor":6,"key":"Ancient Potion"},{"floor":11,"key":"FearPotion"}],"is_trial":false,"path_per_floor":["M","?","M","?","M","E","M","M","T","R","M","R","E","M","R"],"character_chosen":"THE_SILENT","items_purchased":[],"campfire_rested":2,"item_purchase_floors":[],"current_hp_per_floor":[70,75,74,63,63,54,50,49,49,71,71,71,63,51,73,0],"gold":364,"neow_bonus":"","is_prod":false,"is_daily":true,"chose_seed":false,"campfire_upgraded":1,"win_rate":0,"timestamp":1529774003,"path_taken":["M","?","M","?","M","E","M","M","T","R","M","R","E","?","R","BOSS"],"build_version":"2018-06-21v2","purchased_purges":0,"victory":false,"max_hp_per_floor":[70,75,75,75,75,75,75,75,75,75,75,75,75,75,75,75],"card_choices":[{"not_picked":["Tempest","Sweeping Beam","Sword Boomerang"],"picked":"SKIP","floor":1},{"not_picked":["Ball Lightning","Anger"],"picked":"Conserve Battery","floor":3},{"not_picked":["Outmaneuver","Dash"],"picked":"Melter","floor":5},{"not_picked":["Rupture","Armaments"],"picked":"Double Energy","floor":6},{"not_picked":["Noxious Fumes","Storm"],"picked":"Ball Lightning","floor":7},{"not_picked":["Pommel Strike","Meteor Strike","Heavy Blade"],"picked":"SKIP","floor":8},{"not_picked":["Prepared","Dash","Barrage"],"picked":"SKIP","floor":11},{"not_picked":["Leg Sweep","Bullet Time"],"picked":"Hemokinesis","floor":13},{"not_picked":["Headbutt","Dagger Throw","Pommel Strike"],"picked":"SKIP","floor":14}],"player_experience":165539,"relics_obtained":[{"floor":6,"key":"Ancient Tea Set"},{"floor":9,"key":"Happy Flower"},{"floor":13,"key":"Du-Vu Doll"}],"event_choices":[{"event_name":"Big Fish","player_choice":"Donut","floor":2,"damage_taken":0},{"event_name":"World of Goop","player_choice":"Gather Gold","floor":4,"damage_taken":0}],"boss_relics":[],"items_purged_floors":[],"is_endless":false,"potions_floor_spawned":[1,6,11,14],"killed_by":"The Guardian","ascension_level":0}