{"gold_per_floor":[114,189,7,27,27,27,45,105,160,160,175,175,185,198,198,198],"floor_reached":16,"playtime":510,"items_purged":[],"score":102,"play_id":"b76c85ec-b862-4016-9218-399fb64e066c","local_time":"20180803225214","is_ascension_mode":false,"campfire_choices":[{"floor":6,"key":"REST"},{"floor":12,"key":"REST"},{"data":"Predator","floor":15,"key":"SMITH"}],"neow_cost":"NONE","seed_source_timestamp":47528621635492,"circlet_count":0,"master_deck":["Defend_G","Defend_G","Defend_G","Defend_G","Defend_G","Strike_G","Strike_G","Strike_G","Strike_G","Strike_G","Survivor","Neutralize","Flying Knee","Infinite Blades","Concentrate","Predator+1","Poisoned Stab"],"relics":["White Beast Statue","Vajra","Tiny Chest","Ancient Tea Set"],"potions_floor_usage":[],"damage_taken":[{"damage":1,"enemies":"Cultist","floor":1,"turns":4},{"damage":3,"enemies":"Small Slimes","floor":4,"turns":4},{"damage":9,"enemies":"2 Louse","floor":7,"turns":2},{"damage":32,"enemies":"3 Sentries","floor":8,"turns":8},{"damage":30,"enemies":"Large Slime","floor":11,"turns":5},{"damage":12,"enemies":"Blue Slaver","floor":13,"turns":4},{"damage":4,"enemies":"2 Fungi Beasts","floor":14,"turns":4},{"damage":28,"enemies":"The Guardian","floor":16,"turns":4}],"seed_played":"-4445419161486256930","potions_obtained":[{"floor":1,"key":"Explosive Potion"},{"floor":4,"key":"Strength Potion"},{"floor":7,"key":"Regen Potion"}],"is_trial":false,"path_per_floor":["M","?","$","M","?","R","M","E","T","?","M","R","M","M","R"],"character_chosen":"THE_SILENT","items_purchased":["Infinite Blades","Vajra"],"campfire_rested":2,"item_purchase_floors":[3,3],"current_hp_per_floor":[69,58,58,55,55,70,61,29,29,52,22,43,31,27,27,0],"gold":198,"neow_bonus":"BOSS_RELIC","is_prod":false,"is_daily":false,"chose_seed":false,"campfire_upgraded":1,"win_rate":0,"timestamp":1533351134,"path_taken":["M","?","$","M","?","R","M","E","T","?","M","R","M","M","R","BOSS"],"build_version":"2018-08-02","purchased_purges":0,"victory":false,"max_hp_per_floor":[70,70,70,70,70,70,70,70,70,70,70,70,70,70,70,70],"card_choices":[{"not_picked":["Backflip","Cloak And Dagger"],"picked":"Flying Knee","floor":1},{"not_picked":["Flying Knee","Skewer"],"picked":"Concentrate","floor":4},{"not_picked":["Flechettes","Expertise"],"picked":"Predator","floor":7},{"not_picked":["Dagger Throw","Backflip","Cloak And Dagger"],"picked":"SKIP","floor":8},{"not_picked":["Skewer","Prepared","Blade Dance"],"picked":"SKIP","floor":11},{"not_picked":["Deflect","PiercingWail"],"picked":"Poisoned Stab","floor":13},{"not_picked":["Slice","Crippling Poison","Poisoned Stab"],"picked":"SKIP","floor":14}],"player_experience":299495,"relics_obtained":[{"floor":8,"key":"Tiny Chest"},{"floor":9,"key":"Ancient Tea Set"}],"event_choices":[{"event_name":"World of Goop","player_choice":"Gather Gold","floor":2,"damage_taken":0},{"event_name":"The Cleric","player_choice":"Leave","floor":5,"damage_taken":0},{"event_name":"Big Fish","player_choice":"Banana","floor":10,"damage_taken":0}],"is_beta":false,"boss_relics":[],"items_purged_floors":[],"is_endless":false,"potions_floor_spawned":[1,4,7,8,11,13,14],"killed_by":"The Guardian","ascension_level":0}