{"gold_per_floor":[113,188,188,202,202,202,228,228,252,277,0,33,33,33,33,135,135,147,163,78,0,0,0,0,0,0,0,25,42,71,90,90,189,189,208,224,2,56,74,74,104,104,104,136,154,0,0,0,0,0],"floor_reached":50,"playtime":3603,"items_purged":[],"score":770,"play_id":"0da9d27d-4f5a-447e-975d-d85d67a09305","local_time":"20190328140744","is_ascension_mode":true,"campfire_choices":[{"data":"Zap","floor":6.0,"key":"SMITH"},{"floor":8.0,"key":"REST"},{"floor":15.0,"key":"REST"},{"floor":23.0,"key":"RECALL"},{"data":"Hologram","floor":25.0,"key":"SMITH"},{"data":"Coolheaded","floor":27.0,"key":"SMITH"},{"floor":32,"key":"REST"},{"floor":40,"key":"REST"},{"data":"White Noise","floor":42,"key":"SMITH"},{"floor":47,"key":"DIG"},{"data":"Blizzard","floor":49,"key":"SMITH"}],"neow_cost":"NONE","seed_source_timestamp":0,"circlet_count":0,"master_deck":["Strike_B","Strike_B","Defend_B","Defend_B","Defend_B","Defend_B","Zap+1","Dualcast","Ball Lightning","Cold Snap","Defragment+1","Coolheaded+1","All For One","Hologram+1","Conserve Battery","White Noise+1","Capacitor+1","Echo Form","Reinforced Body+1","Self Repair","Biased Cognition+1","Blizzard+1"],"special_seed":0,"relics":["Cracked Core","Oddly Smooth Stone","Bottled Flame","Ancient Tea Set","FossilizedHelix","Sling","Bronze Scales","Boot","Philosopher\u0027s Stone","PreservedInsect","Gremlin Horn","Mummified Hand","Black Star","Omamori","StoneCalendar","Strawberry","Frozen Egg 2","Shovel","Lantern","Cables","Red Mask","Gambling Chip"],"potions_floor_usage":[33,38,50,50],"damage_taken":[{"damage":0.0,"enemies":"Jaw Worm","floor":1.0,"turns":3.0},{"damage":6.0,"enemies":"Small Slimes","floor":4.0,"turns":3.0},{"damage":18.0,"enemies":"3 Sentries","floor":7.0,"turns":8.0},{"damage":18.0,"enemies":"Gremlin Nob","floor":10.0,"turns":4.0},{"damage":3.0,"enemies":"Lagavulin","floor":12.0,"turns":4.0},{"damage":0.0,"enemies":"Slime Boss","floor":16.0,"turns":10.0},{"damage":4.0,"enemies":"3 Byrds","floor":18.0,"turns":2.0},{"damage":0.0,"enemies":"Chosen","floor":19.0,"turns":4.0},{"damage":0.0,"enemies":"Book of Stabbing","floor":28.0,"turns":3.0},{"damage":2.0,"enemies":"Centurion and Healer","floor":29.0,"turns":10.0},{"damage":24,"enemies":"Slavers","floor":30,"turns":4},{"damage":8,"enemies":"3 Cultists","floor":31,"turns":5},{"damage":0,"enemies":"Automaton","floor":33,"turns":10},{"damage":35,"enemies":"3 Darklings","floor":35,"turns":6},{"damage":0,"enemies":"Orb Walker","floor":36,"turns":4},{"damage":39,"enemies":"2 Orb Walkers","floor":38,"turns":5},{"damage":12,"enemies":"Sphere and 2 Shapes","floor":39,"turns":7},{"damage":0,"enemies":"Nemesis","floor":41,"turns":5},{"damage":16,"enemies":"Reptomancer","floor":44,"turns":7},{"damage":0,"enemies":"Maw","floor":45,"turns":6},{"damage":68,"enemies":"Time Eater","floor":50,"turns":10}],"seed_played":"-2940978006912730756","potions_obtained":[{"floor":10.0,"key":"SkillPotion"},{"floor":18.0,"key":"Ancient Potion"},{"floor":28.0,"key":"Regen Potion"},{"floor":33,"key":"Dexterity Potion"},{"floor":38,"key":"Swift Potion"}],"is_trial":false,"path_per_floor":["M","?","?","M","?","R","E","R","T","E","$","E","?","?","R","B",null,"M","M","?","?","?","R","$","R","T","R","E","M","E","M","R","B",null,"M","M","$","?","M","R","E","R","T","E","M","?","R","?","R","B"],"character_chosen":"DEFECT","items_purchased":["Defragment","Sling","Self Repair","Omamori"],"campfire_rested":4,"item_purchase_floors":[11,11,37,37],"current_hp_per_floor":[75,64,57,51,56,56,38,62,62,44,44,41,41,29,53,53,80,76,76,76,76,76,76,76,76,76,76,76,74,50,42,66,66,80,45,45,45,27,22,46,67,67,67,58,65,65,65,65,65,0],"gold":0,"neow_bonus":"RANDOM_COMMON_RELIC","is_prod":false,"is_daily":false,"chose_seed":false,"campfire_upgraded":5,"win_rate":0,"timestamp":1553778464,"path_taken":["M","?","?","M","?","R","E","R","T","E","$","E","?","?","R","BOSS","M","M","?","?","?","R","$","R","T","R","E","?","E","M","R","BOSS","M","M","$","?","M","R","E","R","T","E","M","?","R","?","R","BOSS"],"build_version":"2019-01-23","purchased_purges":0,"victory":false,"max_hp_per_floor":[75,75,75,75,80,80,80,80,80,80,80,80,80,80,80,80,80,80,80,80,80,80,80,80,80,80,80,80,80,80,80,80,80,80,80,80,80,80,80,80,87,87,87,87,87,87,87,87,87,87],"card_choices":[{"not_picked":["Steam","Rebound","Streamline"],"picked":"SKIP","floor":1.0},{"not_picked":["Steam Power","Turbo"],"picked":"Ball Lightning","floor":4.0},{"not_picked":["Tempest","Sweeping Beam","Static Discharge"],"picked":"SKIP","floor":7.0},{"not_picked":["Leap","Undo"],"picked":"Cold Snap","floor":10.0},{"not_picked":["Go for the Eyes","Hologram"],"picked":"Coolheaded","floor":12.0},{"not_picked":["Meteor Strike","Thunder Strike"],"picked":"All For One","floor":16.0},{"not_picked":["Beam Cell","Ball Lightning"],"picked":"Hologram","floor":18.0},{"not_picked":["Rebound","Darkness","Static Discharge+1"],"picked":"SKIP","floor":19.0},{"not_picked":["Ball Lightning","Streamline"],"picked":"Conserve Battery","floor":28.0},{"not_picked":["Hologram","Compile Driver"],"picked":"White Noise","floor":29.0},{"not_picked":["Hologram","Melter","Steam Power"],"picked":"SKIP","floor":30},{"not_picked":["Steam","Gash"],"picked":"Capacitor+1","floor":31},{"not_picked":["All For One","Reboot"],"picked":"Echo Form","floor":33},{"not_picked":["Turbo","Ball Lightning+1","Sweeping Beam"],"picked":"SKIP","floor":35},{"not_picked":["Gash","Beam Cell+1"],"picked":"Reinforced Body+1","floor":36},{"not_picked":["Tempest","Lockon+1","Coolheaded"],"picked":"SKIP","floor":39},{"not_picked":["Leap+1","Go for the Eyes+1"],"picked":"Biased Cognition","floor":41},{"not_picked":["Redo","Undo+1","Gash"],"picked":"SKIP","floor":44},{"not_picked":["Darkness+1","Ball Lightning+1","Reprogram+1"],"picked":"SKIP","floor":45}],"player_experience":90887,"relics_obtained":[{"floor":7.0,"key":"Bottled Flame"},{"floor":9.0,"key":"Ancient Tea Set"},{"floor":10.0,"key":"FossilizedHelix"},{"floor":12.0,"key":"Bronze Scales"},{"floor":28.0,"key":"Gremlin Horn"},{"floor":30,"key":"Mummified Hand"},{"floor":38,"key":"StoneCalendar"},{"floor":41,"key":"Strawberry"},{"floor":41,"key":"Frozen Egg 2"},{"floor":43,"key":"Shovel"},{"floor":44,"key":"Lantern"},{"floor":44,"key":"Cables"},{"floor":47,"key":"Gambling Chip"}],"event_choices":[{"damage_healed":0.0,"max_hp_gain":0.0,"max_hp_loss":0.0,"gold_gain":75.0,"event_name":"World of Goop","player_choice":"Gather Gold","floor":2.0,"gold_loss":0.0,"damage_taken":11.0},{"cards_removed":["Strike_B"],"damage_healed":0.0,"max_hp_gain":0.0,"max_hp_loss":0.0,"gold_gain":0.0,"event_name":"Golden Wing","player_choice":"Card Removal","floor":3.0,"gold_loss":0.0,"damage_taken":7.0},{"damage_healed":0.0,"max_hp_gain":5.0,"max_hp_loss":0.0,"gold_gain":0.0,"event_name":"Big Fish","player_choice":"Donut","floor":5.0,"gold_loss":0.0,"damage_taken":0.0},{"damage_healed":0.0,"max_hp_gain":0.0,"max_hp_loss":0.0,"gold_gain":0.0,"event_name":"Living Wall","player_choice":"Grow","floor":13.0,"gold_loss":0.0,"damage_taken":0.0,"cards_upgraded":["Defragment"]},{"damage_healed":0.0,"max_hp_gain":0.0,"max_hp_loss":0.0,"gold_gain":0.0,"event_name":"Scrap Ooze","player_choice":"Success","floor":14.0,"gold_loss":0.0,"damage_taken":12.0,"relics_obtained":["Boot"]},{"damage_healed":0.0,"max_hp_gain":0.0,"max_hp_loss":0.0,"gold_gain":0.0,"event_name":"Addict","player_choice":"Obtained Relic","floor":20.0,"gold_loss":85.0,"damage_taken":0.0,"relics_obtained":["PreservedInsect"]},{"damage_healed":0.0,"max_hp_gain":0.0,"max_hp_loss":0.0,"gold_gain":0.0,"event_name":"Masked Bandits","player_choice":"Paid Fearfully","floor":21.0,"gold_loss":78.0,"damage_taken":0.0},{"damage_healed":0.0,"max_hp_gain":0.0,"max_hp_loss":0.0,"gold_gain":0.0,"event_name":"Ghosts","player_choice":"Ignored","floor":22.0,"gold_loss":0.0,"damage_taken":0.0},{"damage_healed":0,"gold_gain":0,"player_choice":"Fight","damage_taken":0,"max_hp_gain":0,"max_hp_loss":0,"event_name":"Mysterious Sphere","floor":38,"gold_loss":0},{"damage_healed":0,"gold_gain":0,"player_choice":"Paid","damage_taken":0,"relics_obtained":["Red Mask"],"max_hp_gain":0,"max_hp_loss":0,"event_name":"Tomb of Lord Red Mask","floor":46,"gold_loss":154},{"damage_healed":0,"gold_gain":0,"cards_transformed":["Strike_B"],"player_choice":"Transformed","damage_taken":0,"max_hp_gain":0,"max_hp_loss":0,"event_name":"Transmorgrifier","floor":48,"gold_loss":0,"cards_obtained":["Blizzard"]}],"is_beta":false,"boss_relics":[{"not_picked":["Cursed Key","Eternal Feather"],"picked":"Philosopher\u0027s Stone"},{"not_picked":["Runic Dome","Calling Bell"],"picked":"Black Star"}],"items_purged_floors":[],"is_endless":false,"potions_floor_spawned":[10,18,28,29,30,33,36,38],"killed_by":"Time Eater","ascension_level":2}