{"gold_per_floor":[110,130,147,167,187,221,237,237,306,11,11,24,40,50,50,50],"floor_reached":16,"playtime":773,"items_purged":[],"score":205,"play_id":"79a408bf-ce67-406c-8793-0e5b71039660","local_time":"20190330161039","is_ascension_mode":true,"campfire_choices":[{"floor":8,"key":"REST"},{"floor":15,"key":"REST"}],"neow_cost":"TEN_PERCENT_HP_LOSS","seed_source_timestamp":255350072020671,"circlet_count":0,"master_deck":["AscendersBane","Strike_R","Strike_R","Strike_R","Strike_R","Strike_R","Defend_R","Defend_R","Defend_R","Defend_R","Bash","Spot Weakness","Clothesline","Dropkick","Anger","Blood for Blood","Cleave","Rage","Ghostly Armor","Battle Trance","Fiend Fire+1"],"relics":["Burning Blood","Nunchaku","Blue Candle","Molten Egg 2","HandDrill"],"potions_floor_usage":[6,7,16],"damage_taken":[{"damage":6,"enemies":"Cultist","floor":1,"turns":3},{"damage":9,"enemies":"2 Louse","floor":2,"turns":3},{"damage":4,"enemies":"Small Slimes","floor":3,"turns":4},{"damage":12,"enemies":"Blue Slaver","floor":4,"turns":4},{"damage":20,"enemies":"Exordium Thugs","floor":5,"turns":4},{"damage":50,"enemies":"3 Sentries","floor":6,"turns":8},{"damage":7,"enemies":"Lots of Slimes","floor":7,"turns":2},{"damage":6,"enemies":"2 Fungi Beasts","floor":12,"turns":3},{"damage":12,"enemies":"Blue Slaver","floor":13,"turns":4},{"damage":14,"enemies":"3 Louse","floor":14,"turns":3},{"damage":36,"enemies":"Slime Boss","floor":16,"turns":7}],"seed_played":"2734887667677317939","potions_obtained":[{"floor":1,"key":"BloodPotion"},{"floor":3,"key":"LiquidBronze"},{"floor":7,"key":"Strength Potion"},{"floor":12,"key":"Ancient Potion"}],"is_trial":false,"path_per_floor":["M","M","M","M","M","E","M","R","T","$","?","M","M","M","R","B"],"character_chosen":"IRONCLAD","items_purchased":["HandDrill","Ghostly Armor"],"campfire_rested":2,"item_purchase_floors":[10,10],"current_hp_per_floor":[68,65,67,61,47,9,8,28,28,28,28,28,22,14,34,0],"gold":50,"neow_bonus":"ONE_RARE_RELIC","is_prod":false,"is_daily":false,"chose_seed":false,"campfire_upgraded":0,"win_rate":0,"timestamp":1553987439,"path_taken":["M","M","M","M","?","E","M","R","T","?","?","M","M","M","R","BOSS"],"build_version":"2019-01-23","purchased_purges":0,"victory":false,"max_hp_per_floor":[68,68,68,68,68,68,68,68,68,68,68,68,68,68,68,68],"card_choices":[{"not_picked":["Entrench","Disarm"],"picked":"Spot Weakness","floor":1},{"not_picked":["Twin Strike","Cleave"],"picked":"Clothesline","floor":2},{"not_picked":["Intimidate","Cleave"],"picked":"Dropkick","floor":3},{"not_picked":["Cleave","Wild Strike"],"picked":"Anger","floor":4},{"not_picked":["Entrench","Anger"],"picked":"Blood for Blood","floor":5},{"not_picked":["Brutality","Bloodletting"],"picked":"Cleave","floor":6},{"not_picked":["Armaments","Cleave"],"picked":"Rage","floor":7},{"not_picked":["Hemokinesis+1","Cleave+1","Clothesline+1"],"picked":"SKIP","floor":12},{"not_picked":["Body Slam+1","Carnage+1"],"picked":"Battle Trance","floor":13},{"not_picked":["Pommel Strike+1","Armaments"],"picked":"Fiend Fire+1","floor":14}],"player_experience":645389,"relics_obtained":[{"floor":6,"key":"Blue Candle"},{"floor":9,"key":"Molten Egg 2"}],"event_choices":[{"damage_healed":0,"gold_gain":0,"player_choice":"Ignored","damage_taken":0,"max_hp_gain":0,"max_hp_loss":0,"event_name":"Shining Light","floor":11,"gold_loss":0}],"is_beta":false,"boss_relics":[],"items_purged_floors":[],"is_endless":false,"potions_floor_spawned":[1,3,7,12],"killed_by":"Slime Boss","ascension_level":18}