{"gold_per_floor":[113,113,38,64,64,64,128,128,152,172,172,192,192,209,209,282,282,292,292,302,313,37,37,48,48,75,75,75,75,85,111,111,188,188,198,198,249,263,158,158],"floor_reached":40,"playtime":2413,"items_purged":["Pain"],"score":804,"play_id":"95df41c3-1c29-4518-baf2-4a2ed5725d81","local_time":"20190111051752","is_ascension_mode":true,"campfire_choices":[{"data":"Neutralize","floor":6.0,"key":"SMITH"},{"data":"Quick Slash","floor":8.0,"key":"SMITH"},{"data":"PiercingWail","floor":11.0,"key":"SMITH"},{"data":"Cloak And Dagger","floor":13.0,"key":"SMITH"},{"data":"Footwork","floor":15.0,"key":"SMITH"},{"data":"Adrenaline","floor":23.0,"key":"SMITH"},{"floor":25.0,"key":"REST"},{"floor":29.0,"key":"REST"},{"floor":32.0,"key":"REST"}],"neow_cost":"NONE","seed_source_timestamp":6405446120496300,"circlet_count":0,"master_deck":["AscendersBane","Defend_G","Defend_G","Defend_G","Defend_G","Defend_G","Strike_G+1","Strike_G+1","Survivor","Neutralize+1","Slice","Quick Slash+1","PiercingWail+1","Cloak And Dagger+1","Footwork+1","Adrenaline+1","Deadly Poison+1","Heel Hook+1","Die Die Die+1","Dash","RitualDagger","Cloak And Dagger","Crippling Poison+1","Caltrops","Slice+1","Backstab","After Image","Leg Sweep","Leg Sweep","Cloak And Dagger","Flash of Steel"],"special_seed":0,"relics":["Lizard Tail","WarpedTongs","Whetstone","Tiny Chest","Vajra","Astrolabe","Bottled Lightning","Bag of Preparation","Shuriken","Blood Vial","WristBlade","Tingsha"],"potions_floor_usage":[40,40],"damage_taken":[{"damage":8.0,"enemies":"2 Louse","floor":1.0,"turns":4.0},{"damage":16.0,"enemies":"Lagavulin","floor":7.0,"turns":10.0},{"damage":0.0,"enemies":"Cultist","floor":10.0,"turns":3.0},{"damage":0.0,"enemies":"Jaw Worm","floor":12.0,"turns":2.0},{"damage":4.0,"enemies":"3 Louse","floor":14.0,"turns":3.0},{"damage":17.0,"enemies":"The Guardian","floor":16.0,"turns":16.0},{"damage":11.0,"enemies":"Spheric Guardian","floor":18.0,"turns":6.0},{"damage":6.0,"enemies":"3 Byrds","floor":20.0,"turns":6.0},{"damage":0.0,"enemies":"Snake Plant","floor":21.0,"turns":5.0},{"damage":4.0,"enemies":"Centurion and Healer","floor":24.0,"turns":9.0},{"damage":15.0,"enemies":"Cultist and Chosen","floor":30.0,"turns":7.0},{"damage":19.0,"enemies":"Book of Stabbing","floor":31.0,"turns":4.0},{"damage":61.0,"enemies":"Automaton","floor":33.0,"turns":12.0},{"damage":0.0,"enemies":"3 Shapes","floor":35.0,"turns":3.0},{"damage":34.0,"enemies":"2 Orb Walkers","floor":37.0,"turns":5.0},{"damage":0.0,"enemies":"Orb Walker","floor":38.0,"turns":2.0},{"damage":63,"enemies":"Giant Head","floor":40,"turns":9}],"seed_played":"-8400520461643779201","potions_obtained":[{"floor":10.0,"key":"SkillPotion"},{"floor":14.0,"key":"EssenceOfSteel"},{"floor":20.0,"key":"Swift Potion"},{"floor":24.0,"key":"Fire Potion"},{"floor":30.0,"key":"Regen Potion"},{"floor":31.0,"key":"Energy Potion"},{"floor":35.0,"key":"Swift Potion"},{"floor":37.0,"key":"Poison Potion"}],"is_trial":false,"path_per_floor":["M","?","$","T","?","R","E","R","T","M","R","M","R","M","R","B",null,"M","?","M","M","$","R","M","R","T","?","T","R","M","E","R","B",null,"M","T","?","M","$","E"],"character_chosen":"THE_SILENT","items_purchased":["Bottled Lightning","Flash of Steel"],"campfire_rested":3,"item_purchase_floors":[22,39],"current_hp_per_floor":[51,51,51,51,51,51,35,35,35,35,35,35,35,31,31,14,53,42,36,30,30,30,30,26,45,45,27,27,48,33,26,47,35,62,64,64,32,34,34,0],"gold":158,"neow_bonus":"BOSS_RELIC","is_prod":false,"is_daily":false,"chose_seed":false,"campfire_upgraded":6,"win_rate":0,"timestamp":1547212672,"path_taken":["M","?","?","?","?","R","E","R","T","M","R","M","R","M","R","BOSS","M","?","M","M","$","R","M","R","T","?","?","R","M","E","R","BOSS","M","?","?","M","$","E"],"build_version":"2019-01-10","purchased_purges":1,"victory":false,"max_hp_per_floor":[66,66,66,66,66,66,66,66,66,66,66,66,66,66,66,66,66,66,66,66,66,66,66,66,66,66,71,71,71,71,71,71,71,71,71,71,71,71,71,71],"card_choices":[{"not_picked":["Underhanded Strike","Outmaneuver"],"picked":"Slice","floor":1.0},{"not_picked":["Crippling Poison","Acrobatics"],"picked":"Quick Slash","floor":7.0},{"not_picked":["Dagger Throw","Quick Slash"],"picked":"PiercingWail","floor":10.0},{"not_picked":["Burst","Predator"],"picked":"Cloak And Dagger","floor":12.0},{"not_picked":["Riddle With Holes","Backflip"],"picked":"Footwork","floor":14.0},{"not_picked":["Glass Knife","Die Die Die"],"picked":"Adrenaline","floor":16.0},{"not_picked":["Calculated Gamble+1","Tactician"],"picked":"Dash","floor":18.0},{"not_picked":["Dagger Spray","Underhanded Strike"],"picked":"Cloak And Dagger","floor":20.0},{"not_picked":["Bane","Quick Slash"],"picked":"Crippling Poison+1","floor":21.0},{"not_picked":["Underhanded Strike","Quick Slash"],"picked":"Caltrops","floor":24.0},{"not_picked":["Outmaneuver","Deadly Poison"],"picked":"Slice+1","floor":30.0},{"not_picked":["Caltrops+1","All Out Attack+1"],"picked":"Backstab","floor":31.0},{"not_picked":["Storm of Steel","Tools of the Trade"],"picked":"After Image","floor":33.0},{"not_picked":["Setup","Sucker Punch+1"],"picked":"Leg Sweep","floor":35.0},{"not_picked":["Prepared","Bane+1"],"picked":"Leg Sweep","floor":37.0},{"not_picked":["Slice","Masterful Stab"],"picked":"Cloak And Dagger","floor":38.0}],"player_experience":3208400,"relics_obtained":[{"floor":4.0,"key":"Whetstone"},{"floor":7.0,"key":"Tiny Chest"},{"floor":9.0,"key":"Vajra"},{"floor":26.0,"key":"Bag of Preparation"},{"floor":28.0,"key":"Shuriken"},{"floor":31.0,"key":"Blood Vial"},{"floor":37.0,"key":"Tingsha"}],"event_choices":[{"damage_healed":0.0,"max_hp_gain":0.0,"max_hp_loss":0.0,"gold_gain":0.0,"event_name":"Accursed Blacksmith","player_choice":"Rummage","floor":2.0,"gold_loss":0.0,"damage_taken":0.0,"relics_obtained":["WarpedTongs"],"cards_obtained":["Pain"]},{"damage_healed":0.0,"max_hp_gain":0.0,"max_hp_loss":0.0,"gold_gain":0.0,"cards_transformed":["Strike_G"],"event_name":"Living Wall","player_choice":"Change","floor":5.0,"gold_loss":0.0,"damage_taken":0.0,"cards_obtained":["Reflex"]},{"damage_healed":0.0,"max_hp_gain":0.0,"max_hp_loss":0.0,"gold_gain":0.0,"event_name":"Nest","player_choice":"Joined the Cult","floor":19.0,"gold_loss":0.0,"damage_taken":6.0,"cards_obtained":["RitualDagger"]},{"damage_healed":0.0,"max_hp_gain":5.0,"max_hp_loss":0.0,"gold_gain":0.0,"event_name":"Forgotten Altar","player_choice":"Shed Blood","floor":27.0,"gold_loss":0.0,"damage_taken":23.0},{"damage_healed":0.0,"max_hp_gain":0.0,"max_hp_loss":0.0,"gold_gain":0.0,"event_name":"Mysterious Sphere","player_choice":"Fight","floor":37.0,"gold_loss":0.0,"damage_taken":0.0}],"is_beta":true,"boss_relics":[{"not_picked":["Ectoplasm","Tiny House"],"picked":"Astrolabe"},{"not_picked":["Fusion Hammer","Calling Bell"],"picked":"WristBlade"}],"items_purged_floors":[3],"is_endless":false,"potions_floor_spawned":[10,14,20,24,30,31,35,37],"killed_by":"Giant Head","ascension_level":20}