{"path_per_floor":["M","T","?","M","M","R","E","R","T","M","M","M","M","E","R","B",null,"M","$","M","M","M","R","E","$","T","M","?","M"],"character_chosen":"IRONCLAD","items_purchased":["Bandage Up","Hemokinesis+1","Clothesline+1","War Paint","Blood for Blood+1"],"gold_per_floor":[117,140,140,152,162,162,189,189,189,203,219,239,251,283,283,384,384,395,31,42,58,74,74,99,59,59,79,79,96,96],"floor_reached":30,"campfire_rested":4,"playtime":1554,"item_purchase_floors":[19,19,19,19,25],"current_hp_per_floor":[80,80,80,72,66,80,59,80,80,77,80,72,65,52,78,33,87,83,83,72,80,49,75,45,45,45,34,34,31,0],"items_purged":[],"gold":96,"score":266,"play_id":"02932dc5-8dd3-4b2a-8976-347995a28c16","local_time":"20180616181321","is_prod":false,"is_daily":false,"chose_seed":false,"is_ascension_mode":false,"campfire_upgraded":0,"win_rate":0.0,"timestamp":1529187201,"campfire_choices":[{"floor":6,"key":"REST"},{"floor":8,"key":"REST"},{"floor":15,"key":"REST"},{"floor":23,"key":"REST"}],"path_taken":["M","?","?","M","M","R","E","R","T","M","M","M","M","E","R","BOSS","M","$","M","M","M","R","E","$","T","M","?","M","E"],"build_version":"2018-06-14v2","seed_source_timestamp":77352180390743,"purchased_purges":0,"victory":false,"master_deck":["Strike_R","Strike_R","Defend_R","Defend_R","Defend_R+1","Defend_R","Bash","Shockwave","Perfected Strike","Cleave","Immolate","Carnage+1","Wild Strike+1","Wild Strike+1","Impervious","Bandage Up+1","Hemokinesis+1","Clothesline+1","Perfected Strike+1","Perfected Strike+1","Anger+1","Blood for Blood+1","Blood for Blood+1","Carnage+1"],"max_hp_per_floor":[80,80,80,80,80,80,80,80,80,80,80,80,80,87,87,87,87,87,87,87,87,87,87,87,87,87,87,87,87,87],"relics":["Burning Blood","Juzu Bracelet","Mercury Hourglass","Molten Egg 2","Strawberry","Empty Cage","War Paint","Frozen Egg 2","Kunai"],"card_choices":[{"not_picked":["Searing Blow","Headbutt"],"picked":"Shockwave","floor":1},{"not_picked":["Flex","Pommel Strike"],"picked":"Perfected Strike","floor":4},{"not_picked":["Searing Blow","Sword Boomerang"],"picked":"Cleave","floor":5},{"not_picked":["Flex","Armaments"],"picked":"Immolate","floor":7},{"not_picked":["Sever Soul+1","Armaments"],"picked":"Carnage+1","floor":10},{"not_picked":["Shockwave","Flame Barrier"],"picked":"Wild Strike+1","floor":11},{"not_picked":["True Grit","Flame Barrier","Rage"],"picked":"SKIP","floor":12},{"not_picked":["Combust","Clothesline+1","Berserk"],"picked":"SKIP","floor":13},{"not_picked":["Cleave+1","Dark Embrace"],"picked":"Wild Strike+1","floor":14},{"not_picked":["Feed+1","Bludgeon+1"],"picked":"Impervious","floor":16},{"not_picked":["Body Slam+1","Thunderclap+1","True Grit"],"picked":"SKIP","floor":18},{"not_picked":["Heavy Blade+1","Cleave+1"],"picked":"Perfected Strike+1","floor":20},{"not_picked":["Clothesline+1","True Grit","Flex"],"picked":"SKIP","floor":21},{"not_picked":["Shrug It Off+1","Seeing Red"],"picked":"Perfected Strike+1","floor":22},{"not_picked":["Metallicize","Feed+1"],"picked":"Anger+1","floor":24},{"not_picked":["Twin Strike+1","Second Wind+1"],"picked":"Blood for Blood+1","floor":27},{"not_picked":["Shrug It Off","Reaper+1","Clothesline+1"],"picked":"SKIP","floor":29}],"player_experience":92161,"potions_floor_usage":[7,16,16,20,24,27,29],"damage_taken":[{"damage":5,"enemies":"Cultist","floor":1,"turns":4},{"damage":14,"enemies":"2 Louse","floor":4,"turns":3},{"damage":12,"enemies":"Small Slimes","floor":5,"turns":3},{"damage":27,"enemies":"3 Sentries","floor":7,"turns":5},{"damage":9,"enemies":"Blue Slaver","floor":10,"turns":3},{"damage":0,"enemies":"3 Louse","floor":11,"turns":1},{"damage":14,"enemies":"Exordium Wildlife","floor":12,"turns":3},{"damage":13,"enemies":"Red Slaver","floor":13,"turns":2},{"damage":26,"enemies":"Lagavulin","floor":14,"turns":4},{"damage":51,"enemies":"The Guardian","floor":16,"turns":6},{"damage":10,"enemies":"Chosen","floor":18,"turns":3},{"damage":23,"enemies":"Shell Parasite","floor":20,"turns":4},{"damage":4,"enemies":"Cultist and Chosen","floor":21,"turns":4},{"damage":43,"enemies":"Slaver and Parasite","floor":22,"turns":4},{"damage":42,"enemies":"Gremlin Leader","floor":24,"turns":5},{"damage":23,"enemies":"3 Cultists","floor":27,"turns":4},{"damage":27,"enemies":"Cultist and Chosen","floor":29,"turns":5},{"damage":41,"enemies":"Slavers","floor":30,"turns":2}],"relics_obtained":[{"floor":2,"key":"Juzu Bracelet"},{"floor":7,"key":"Mercury Hourglass"},{"floor":9,"key":"Molten Egg 2"},{"floor":14,"key":"Strawberry"},{"floor":24,"key":"Frozen Egg 2"},{"floor":26,"key":"Kunai"}],"event_choices":[{"event_name":"The Lab","player_choice":"Got Potions","floor":3,"damage_taken":0},{"event_name":"Duplicator","player_choice":"One dupe","floor":28,"damage_taken":0}],"boss_relics":[{"not_picked":["Sozu","Philosopher\u0027s Stone"],"picked":"Empty Cage"}],"items_purged_floors":[],"is_endless":false,"potions_floor_spawned":[1,13,14,16,20,24,27],"seed_played":"-9089067287163159898","killed_by":"Slavers","ascension_level":0,"potions_obtained":[{"floor":1,"key":"Strength Potion"},{"floor":3,"key":"FearPotion"},{"floor":13,"key":"Weak Potion"},{"floor":14,"key":"EssenceOfSteel"},{"floor":16,"key":"Swift Potion"},{"floor":20,"key":"Block Potion"},{"floor":24,"key":"AttackPotion"},{"floor":27,"key":"Regen Potion"}],"is_trial":false}