{"gold_per_floor":[117,117,136,155,69,97,111,143,143,143,143,108,142,160,160,256,256,277,202,202,226,141,141,154,154,154,172,172,206,206,206,206,206],"floor_reached":33,"playtime":1655,"items_purged":[],"score":666,"play_id":"38ca5e65-21d6-4b1f-afdd-0b722b434a6d","local_time":"20190407165620","is_ascension_mode":true,"campfire_choices":[{"data":"Armaments","floor":10,"key":"SMITH"},{"data":"Limit Break","floor":15,"key":"SMITH"},{"floor":23,"key":"REST"},{"floor":25,"key":"REST"},{"floor":30,"key":"REST"},{"floor":32,"key":"REST"}],"neow_cost":"TEN_PERCENT_HP_LOSS","seed_source_timestamp":83116926166894,"circlet_count":0,"master_deck":["AscendersBane","Strike_R","Strike_R","Strike_R","Strike_R","Defend_R","Defend_R","Defend_R","Defend_R","Bash","Inflame","Shrug It Off","Heavy Blade","Cleave","Armaments+1","Headbutt","Pommel Strike","Limit Break+1","Spot Weakness","Juggernaut","Shrug It Off","Whirlwind","Uppercut+1","RitualDagger+1"],"relics":["Burning Blood","FossilizedHelix","Ancient Tea Set","Unceasing Top","Question Card","Golden Idol","Bottled Lightning","Runic Cube","PreservedInsect","Kunai","Molten Egg 2","Blue Candle"],"potions_floor_usage":[6,6,16,18,29,33],"damage_taken":[{"damage":0,"enemies":"2 Louse","floor":1,"turns":3},{"damage":5,"enemies":"Small Slimes","floor":3,"turns":4},{"damage":0,"enemies":"Cultist","floor":4,"turns":3},{"damage":10,"enemies":"3 Sentries","floor":6,"turns":5},{"damage":8,"enemies":"Blue Slaver","floor":7,"turns":4},{"damage":20,"enemies":"Lagavulin","floor":8,"turns":6},{"damage":0,"enemies":"Gremlin Nob","floor":13,"turns":3},{"damage":7,"enemies":"Large Slime","floor":14,"turns":5},{"damage":26,"enemies":"The Guardian","floor":16,"turns":9},{"damage":22,"enemies":"Chosen","floor":18,"turns":6},{"damage":38,"enemies":"Shell Parasite","floor":21,"turns":7},{"damage":5,"enemies":"Centurion and Healer","floor":24,"turns":4},{"damage":13,"enemies":"Chosen and Byrds","floor":27,"turns":5},{"damage":37,"enemies":"Slavers","floor":29,"turns":3},{"damage":64,"enemies":"Champ","floor":33,"turns":7}],"seed_played":"3720864554876605987","potions_obtained":[{"floor":3,"key":"SkillPotion"},{"floor":13,"key":"AttackPotion"},{"floor":16,"key":"Weak Potion"},{"floor":21,"key":"Ancient Potion"},{"floor":24,"key":"SpeedPotion"}],"is_trial":false,"path_per_floor":["M","?","M","M","$","E","M","E","T","R","?","?","E","M","R","B",null,"M","?","?","M","?","R","M","R","T","M","T","E","R","?","R","B"],"character_chosen":"IRONCLAD","items_purchased":["Cleave","Explosive Potion"],"campfire_rested":4,"item_purchase_floors":[5,5],"current_hp_per_floor":[68,61,62,68,68,64,62,48,48,48,48,65,68,67,67,47,63,47,47,47,15,15,35,36,56,56,49,49,18,38,32,52,0],"gold":206,"neow_bonus":"ONE_RARE_RELIC","is_prod":false,"is_daily":false,"chose_seed":false,"campfire_upgraded":2,"win_rate":0,"timestamp":1554681380,"path_taken":["M","?","M","M","$","E","M","E","T","R","?","?","E","M","R","BOSS","M","?","?","?","?","R","M","R","T","M","?","E","R","?","R","BOSS"],"build_version":"2019-01-23","purchased_purges":0,"victory":false,"max_hp_per_floor":[68,68,68,68,68,68,68,68,68,68,68,68,68,68,68,68,68,68,68,68,68,68,68,68,68,68,68,68,68,68,68,68,68],"card_choices":[{"not_picked":["Body Slam","Cleave"],"picked":"Inflame","floor":1},{"not_picked":["Inflame","Clothesline"],"picked":"Shrug It Off","floor":3},{"not_picked":["Anger","Clothesline"],"picked":"Heavy Blade","floor":4},{"not_picked":["Clash","Perfected Strike"],"picked":"Armaments","floor":6},{"not_picked":["Havoc","Warcry"],"picked":"Headbutt","floor":7},{"not_picked":["Inflame","Searing Blow"],"picked":"Pommel Strike","floor":8},{"not_picked":["Clothesline","Havoc","Wild Strike"],"picked":"Limit Break","floor":13},{"not_picked":["Thunderclap","True Grit","Carnage"],"picked":"Spot Weakness","floor":14},{"not_picked":["Berserk","Demon Form","Barricade"],"picked":"Juggernaut","floor":16},{"not_picked":["Sword Boomerang","Spot Weakness","Clash"],"picked":"Shrug It Off","floor":18},{"not_picked":["Uppercut","Rupture","Hemokinesis"],"picked":"Whirlwind","floor":21},{"not_picked":["Clash","Sever Soul","Entrench","Heavy Blade+1"],"picked":"SKIP","floor":24},{"not_picked":["Havoc+1","Searing Blow","Metallicize","Fire Breathing"],"picked":"SKIP","floor":27},{"not_picked":["Clothesline+1","Limit Break","Pommel Strike+1"],"picked":"Uppercut+1","floor":29}],"player_experience":662804,"relics_obtained":[{"floor":6,"key":"Ancient Tea Set"},{"floor":8,"key":"Unceasing Top"},{"floor":9,"key":"Question Card"},{"floor":13,"key":"Bottled Lightning"},{"floor":26,"key":"Kunai"},{"floor":28,"key":"Molten Egg 2"},{"floor":29,"key":"Blue Candle"}],"event_choices":[{"cards_removed":["Strike_R"],"damage_healed":0,"gold_gain":0,"player_choice":"Card Removal","damage_taken":7,"max_hp_gain":0,"max_hp_loss":0,"event_name":"Golden Wing","floor":2,"gold_loss":0},{"damage_healed":0,"gold_gain":0,"player_choice":"Take Wound","damage_taken":0,"relics_obtained":["Golden Idol"],"max_hp_gain":0,"max_hp_loss":0,"event_name":"Golden Idol","floor":11,"gold_loss":0,"cards_obtained":["Injury"]},{"damage_healed":17,"gold_gain":0,"player_choice":"Healed","damage_taken":0,"max_hp_gain":0,"max_hp_loss":0,"event_name":"The Cleric","floor":12,"gold_loss":35},{"cards_removed":["Injury"],"damage_healed":0,"gold_gain":0,"player_choice":"Gave Gold","damage_taken":0,"max_hp_gain":0,"max_hp_loss":0,"event_name":"Beggar","floor":19,"gold_loss":75},{"damage_healed":0,"gold_gain":0,"player_choice":"Ignored","damage_taken":0,"max_hp_gain":0,"max_hp_loss":0,"event_name":"N\u0027loth","floor":20,"gold_loss":0},{"damage_healed":0,"gold_gain":0,"player_choice":"Obtained Relic","damage_taken":0,"relics_obtained":["PreservedInsect"],"max_hp_gain":0,"max_hp_loss":0,"event_name":"Addict","floor":22,"gold_loss":85},{"damage_healed":0,"gold_gain":0,"player_choice":"Joined the Cult","damage_taken":6,"max_hp_gain":0,"max_hp_loss":0,"event_name":"Nest","floor":31,"gold_loss":0,"cards_obtained":["RitualDagger"]}],"is_beta":false,"boss_relics":[{"not_picked":["Orrery","Calling Bell"],"picked":"Runic Cube"}],"items_purged_floors":[],"is_endless":false,"potions_floor_spawned":[3,13,16,21,24],"killed_by":"Champ","ascension_level":20}