{"gold_per_floor":[114,114,132,144,158,158,183,201,226,226,81,81,81,156,156,257,257,270,270,270,283,294,294,307,339,339,339,239,265,364,364,364,364],"floor_reached":33,"playtime":846,"items_purged":["Strike_B","Defend_B"],"score":253,"play_id":"5427d85b-10e4-48f2-920a-07991803f117","local_time":"20180716183915","is_ascension_mode":false,"campfire_choices":[{"floor":6,"key":"REST"},{"data":"Zap","floor":10,"key":"SMITH"},{"data":"Static Discharge","floor":12,"key":"SMITH"},{"floor":15,"key":"REST"},{"floor":23,"key":"REST"},{"floor":27,"key":"REST"},{"data":"Defragment","floor":32,"key":"SMITH"}],"neow_cost":"NONE","seed_source_timestamp":71584170479275,"circlet_count":0,"master_deck":["Strike_B+1","Strike_B","Defend_B","Defend_B","Defend_B+1","Zap+1","Dualcast","Rebound","Ball Lightning","Streamline","Static Discharge+1","Electrodynamics","Ball Lightning","Ball Lightning","Defragment+1"],"relics":["Nuclear Battery","Strawberry","Juzu Bracelet","Sozu","Omamori","Question Card","Anchor"],"potions_floor_usage":[33,33],"damage_taken":[{"damage":3,"enemies":"Jaw Worm","floor":1,"turns":5},{"damage":0,"enemies":"Small Slimes","floor":3,"turns":3},{"damage":0,"enemies":"Cultist","floor":4,"turns":3},{"damage":3,"enemies":"Red Slaver","floor":5,"turns":4},{"damage":15,"enemies":"Exordium Thugs","floor":8,"turns":4},{"damage":61,"enemies":"The Guardian","floor":16,"turns":7},{"damage":7,"enemies":"Shell Parasite","floor":18,"turns":3},{"damage":2,"enemies":"3 Byrds","floor":21,"turns":2},{"damage":15,"enemies":"Snake Plant","floor":22,"turns":3},{"damage":10,"enemies":"Chosen and Byrds","floor":24,"turns":3},{"damage":26,"enemies":"Book of Stabbing","floor":25,"turns":4},{"damage":83,"enemies":"Champ","floor":33,"turns":7}],"seed_played":"-1662590247592287532","potions_obtained":[{"floor":1,"key":"GamblersBrew"},{"floor":3,"key":"Strength Potion"},{"floor":4,"key":"Weak Potion"}],"is_trial":false,"path_per_floor":["M","?","M","M","M","R","T","M","T","R","$","R","$","?","R","B",null,"M","?","?","M","M","R","M","E","T","R","$","T","?","?","R"],"character_chosen":"DEFECT","items_purchased":["Static Discharge"],"campfire_rested":4,"item_purchase_floors":[11],"current_hp_per_floor":[72,57,57,57,54,75,82,67,67,67,67,67,67,56,80,19,82,75,75,75,73,58,82,72,46,46,70,70,70,70,70,70,0],"gold":364,"neow_bonus":"BOSS_RELIC","is_prod":false,"is_daily":false,"chose_seed":false,"campfire_upgraded":3,"win_rate":0.0,"timestamp":1531780755,"path_taken":["M","?","M","?","M","R","?","M","T","R","$","R","$","?","R","BOSS","M","?","?","M","M","R","M","E","T","R","?","?","?","?","R","BOSS"],"build_version":"2018-07-12","purchased_purges":2,"victory":false,"max_hp_per_floor":[75,75,75,75,75,75,82,82,82,82,82,82,82,82,82,82,82,82,82,82,82,82,82,82,82,82,82,82,82,82,82,82,82],"card_choices":[{"not_picked":["Scrape","Tempest"],"picked":"Rebound","floor":1},{"not_picked":["Genetic Algorithm","Go for the Eyes","Steam"],"picked":"SKIP","floor":3},{"not_picked":["Self Repair","Hologram"],"picked":"Ball Lightning","floor":4},{"not_picked":["Self Repair","Loop"],"picked":"Streamline","floor":5},{"not_picked":["Rebound","Self Repair","Fusion"],"picked":"SKIP","floor":8},{"not_picked":["Thunder Strike","Echo Form"],"picked":"Electrodynamics","floor":16},{"not_picked":["Cold Snap","Stack"],"picked":"Ball Lightning","floor":18},{"not_picked":["Scrape","Rebound","Stack"],"picked":"SKIP","floor":21},{"not_picked":["Sunder","Cold Snap"],"picked":"Ball Lightning","floor":22},{"not_picked":["Machine Learning","Undo"],"picked":"Defragment","floor":24},{"not_picked":["Loop+1","Amplify","Skim"],"picked":"SKIP","floor":25}],"player_experience":259636,"relics_obtained":[{"floor":7,"key":"Strawberry"},{"floor":9,"key":"Juzu Bracelet"},{"floor":25,"key":"Omamori"},{"floor":26,"key":"Question Card"},{"floor":29,"key":"Anchor"}],"event_choices":[{"event_name":"Shining Light","player_choice":"Entered Light","floor":2,"damage_taken":0},{"event_name":"World of Goop","player_choice":"Gather Gold","floor":14,"damage_taken":0},{"event_name":"Bonfire Elementals","player_choice":"BASIC","floor":19,"damage_taken":0},{"event_name":"Drug Dealer","player_choice":"Ignored","floor":20,"damage_taken":0},{"event_name":"Nest","player_choice":"Stole From Cult","floor":30,"damage_taken":0},{"event_name":"Cursed Tome","player_choice":"Ignored","floor":31,"damage_taken":0}],"boss_relics":[{"not_picked":["White Beast Statue","Philosopher\u0027s Stone"],"picked":"Sozu"}],"items_purged_floors":[11,28],"is_endless":false,"potions_floor_spawned":[1,3,4,5,18,24],"killed_by":"Champ","ascension_level":0}