{"gold_per_floor":[365,36,211,224,241,241,260,271,295,326,345,371,371,70,70,169,169,183,203,203,78,90,90,90,18,42,62,74,104,52,62,62,166,166,177,1176,1187,1187,1187,1187,1200,1210,1235,1253,695,711,711,723,723,723],"floor_reached":50,"playtime":1530,"items_purged":["Strike_R","Doubt","Strike_R","Normality"],"score":578,"play_id":"e65150fe-cc24-4b11-b4d6-de7cba4c114d","local_time":"20190411180356","is_ascension_mode":false,"campfire_choices":[{"data":"Bash","floor":6,"key":"SMITH"},{"data":"Disarm","floor":13,"key":"SMITH"},{"floor":15,"key":"REST"},{"data":"Twin Strike","floor":23,"key":"SMITH"},{"data":"Inflame","floor":32,"key":"SMITH"},{"data":"Battle Trance","floor":40,"key":"SMITH"},{"data":"Magnetism","floor":47,"key":"SMITH"},{"data":"Defend_R","floor":49,"key":"SMITH"}],"neow_cost":"TEN_PERCENT_HP_LOSS","seed_source_timestamp":8469150143313,"circlet_count":0,"master_deck":["Strike_R","Strike_R","Strike_R","Defend_R","Defend_R","Defend_R","Defend_R+1","Bash+1","Twin Strike+1","Iron Wave+1","Pummel+1","Uppercut+1","Disarm+1","Battle Trance+1","Bludgeon+1","Clothesline+1","Battle Trance+1","Sword Boomerang+1","Heavy Blade+1","Inflame+1","Heavy Blade+1","Pommel Strike+1","Sword Boomerang+1","Normality","Headbutt+1","Sword Boomerang+1","Magnetism+1","Sentinel+1"],"relics":["Burning Blood","Molten Egg 2","Bronze Scales","Lantern","Oddly Smooth Stone","Vajra","Sozu","Boot","Incense Burner","Coffee Dripper","Potion Belt","Membership Card","Red Skull","Letter Opener"],"potions_floor_usage":[12,12,22],"damage_taken":[{"damage":5,"enemies":"Cultist","floor":1,"turns":4},{"damage":2,"enemies":"2 Louse","floor":4,"turns":4},{"damage":3,"enemies":"Jaw Worm","floor":5,"turns":5},{"damage":1,"enemies":"Exordium Wildlife","floor":7,"turns":5},{"damage":9,"enemies":"Lots of Slimes","floor":8,"turns":6},{"damage":27,"enemies":"Lagavulin","floor":10,"turns":6},{"damage":8,"enemies":"Large Slime","floor":11,"turns":7},{"damage":15,"enemies":"3 Sentries","floor":12,"turns":9},{"damage":0,"enemies":"Slime Boss","floor":16,"turns":7},{"damage":4,"enemies":"Shell Parasite","floor":18,"turns":3},{"damage":7,"enemies":"2 Thieves","floor":19,"turns":3},{"damage":0,"enemies":"Snake Plant","floor":22,"turns":1},{"damage":0,"enemies":"Chosen and Byrds","floor":27,"turns":4},{"damage":9,"enemies":"Shelled Parasite and Fungi","floor":28,"turns":3},{"damage":6,"enemies":"Book of Stabbing","floor":29,"turns":3},{"damage":15,"enemies":"Snake Plant","floor":31,"turns":2},{"damage":46,"enemies":"Collector","floor":33,"turns":9},{"damage":16,"enemies":"3 Darklings","floor":35,"turns":3},{"damage":0,"enemies":"3 Shapes","floor":37,"turns":4},{"damage":5,"enemies":"Transient","floor":41,"turns":5},{"damage":0,"enemies":"4 Shapes","floor":42,"turns":3},{"damage":30,"enemies":"Maw","floor":44,"turns":7},{"damage":23,"enemies":"Jaw Worm Horde","floor":46,"turns":3},{"damage":0,"enemies":"Sphere and 2 Shapes","floor":48,"turns":2},{"damage":50,"enemies":"Awakened One","floor":50,"turns":6}],"seed_played":"-5051904350053024856","potions_obtained":[{"floor":5,"key":"SpeedPotion"},{"floor":11,"key":"SkillPotion"},{"floor":16,"key":"Explosive Potion"}],"is_trial":false,"path_per_floor":["M","$","?","M","M","R","M","M","T","E","M","E","R","$","R","B",null,"M","M","?","$","M","R","?","$","T","M","M","E","$","M","R","B",null,"M","?","M","?","?","R","M","M","T","M","$","M","R","M","R","B"],"character_chosen":"IRONCLAD","items_purchased":["Molten Egg 2","Vajra","Clothesline+1","Inflame","Sword Boomerang+1","Membership Card","Red Skull","Letter Opener","Magnetism"],"campfire_rested":1,"item_purchase_floors":[2,14,14,25,30,45,45,45,45],"current_hp_per_floor":[72,72,72,72,72,72,72,69,69,48,46,37,37,37,58,64,72,72,71,71,71,72,72,59,59,59,65,62,62,62,53,53,13,77,67,67,73,73,73,73,74,77,77,53,53,36,36,42,42,0],"gold":723,"neow_bonus":"TWO_FIFTY_GOLD","is_prod":false,"is_daily":false,"chose_seed":false,"campfire_upgraded":7,"win_rate":0,"timestamp":1555027436,"path_taken":["M","$","?","M","M","R","M","M","T","E","M","E","R","$","R","BOSS","M","M","?","$","M","R","?","?","T","M","?","E","$","?","R","BOSS","M","?","M","?","?","R","M","M","T","M","$","M","R","M","R","BOSS"],"build_version":"2019-01-23","purchased_purges":4,"victory":false,"max_hp_per_floor":[72,72,72,72,72,72,72,72,72,72,72,72,72,72,72,72,72,72,72,72,72,72,72,77,77,77,77,77,77,77,77,77,77,77,77,77,77,77,77,77,77,77,77,77,77,77,77,77,77,77],"card_choices":[{"not_picked":["Wild Strike","True Grit"],"picked":"Twin Strike","floor":1},{"not_picked":["Power Through","Entrench"],"picked":"Iron Wave+1","floor":4},{"not_picked":["Heavy Blade+1","Wild Strike+1"],"picked":"Pummel+1","floor":5},{"not_picked":["Bloodletting","Power Through","Havoc"],"picked":"SKIP","floor":7},{"not_picked":["Body Slam+1","Clash+1"],"picked":"Uppercut+1","floor":8},{"not_picked":["Intimidate","Body Slam+1"],"picked":"Disarm","floor":10},{"not_picked":["Anger+1","Thunderclap+1"],"picked":"Battle Trance","floor":11},{"not_picked":["Thunderclap+1","Perfected Strike+1"],"picked":"Bludgeon+1","floor":12},{"not_picked":["Sword Boomerang+1","Body Slam+1"],"picked":"Battle Trance+1","floor":18},{"not_picked":["Pommel Strike+1","True Grit"],"picked":"Sword Boomerang+1","floor":19},{"not_picked":["Dropkick+1","Seeing Red","Body Slam+1"],"picked":"SKIP","floor":22},{"not_picked":["Anger+1","Flex","Pommel Strike+1"],"picked":"SKIP","floor":27},{"not_picked":["Searing Blow+1","Spot Weakness"],"picked":"Heavy Blade+1","floor":28},{"not_picked":["Wild Strike+1","Cleave+1"],"picked":"Pommel Strike+1","floor":29},{"not_picked":["Seeing Red+1","Armaments","Combust+1"],"picked":"SKIP","floor":31},{"not_picked":["Cleave+1","Clash+1","Anger+1"],"picked":"SKIP","floor":35},{"not_picked":["Heavy Blade+1","Sever Soul+1"],"picked":"Headbutt+1","floor":37},{"not_picked":["Feel No Pain+1","Twin Strike+1","Seeing Red+1"],"picked":"SKIP","floor":41},{"not_picked":["Pommel Strike+1","Havoc+1"],"picked":"Sword Boomerang+1","floor":42},{"not_picked":["Cleave+1","Rupture","Power Through+1"],"picked":"SKIP","floor":44},{"not_picked":["Clothesline+1","Feed+1"],"picked":"Sentinel+1","floor":46},{"not_picked":["Havoc","Flex","Warcry"],"picked":"SKIP","floor":48}],"player_experience":1195478,"relics_obtained":[{"floor":9,"key":"Bronze Scales"},{"floor":10,"key":"Lantern"},{"floor":12,"key":"Oddly Smooth Stone"},{"floor":26,"key":"Boot"},{"floor":29,"key":"Incense Burner"},{"floor":43,"key":"Potion Belt"}],"event_choices":[{"damage_healed":0,"gold_gain":175,"player_choice":"AGREE","damage_taken":0,"max_hp_gain":0,"max_hp_loss":0,"event_name":"Liars Game","floor":3,"gold_loss":0,"cards_obtained":["Doubt"]},{"damage_healed":0,"gold_gain":0,"player_choice":"Read","damage_taken":0,"max_hp_gain":0,"max_hp_loss":0,"event_name":"The Library","floor":20,"gold_loss":0,"cards_obtained":["Heavy Blade"]},{"damage_healed":0,"gold_gain":0,"player_choice":"Shed Blood","damage_taken":18,"max_hp_gain":5,"max_hp_loss":0,"event_name":"Forgotten Altar","floor":24,"gold_loss":0},{"damage_healed":0,"gold_gain":999,"player_choice":"Gold","damage_taken":0,"max_hp_gain":0,"max_hp_loss":0,"event_name":"MindBloom","floor":36,"gold_loss":0,"cards_obtained":["Normality","Normality"]},{"damage_healed":0,"gold_gain":0,"player_choice":"Ignored","damage_taken":0,"max_hp_gain":0,"max_hp_loss":0,"event_name":"Tomb of Lord Red Mask","floor":38,"gold_loss":0},{"damage_healed":0,"gold_gain":0,"player_choice":"Ignored","damage_taken":0,"max_hp_gain":0,"max_hp_loss":0,"event_name":"Mysterious Sphere","floor":39,"gold_loss":0}],"is_beta":false,"boss_relics":[{"not_picked":["Runic Dome","Velvet Choker"],"picked":"Sozu"},{"not_picked":["Runic Cube","Calling Bell"],"picked":"Coffee Dripper"}],"items_purged_floors":[2,14,21,45],"is_endless":false,"potions_floor_spawned":[5,11,16,19,29,31,33,42,44,48],"killed_by":"Awakened One","ascension_level":0}