{"gold_per_floor":[112,112,127,142,12,47,47,73,73,86,106,116,116,132,132,209,209,220,240,290,290,340,340,354,354,654,664,664,674,694,694],"floor_reached":31,"playtime":1685,"items_purged":[],"score":452,"play_id":"509532e5-d5e5-48f2-a26c-d74185ab88da","local_time":"20190416133006","is_ascension_mode":true,"campfire_choices":[{"floor":7.0,"key":"REST"},{"floor":13.0,"key":"REST"},{"floor":15.0,"key":"REST"},{"floor":23,"key":"REST"},{"data":"Consume","floor":25,"key":"SMITH"},{"floor":28,"key":"REST"}],"neow_cost":"NONE","seed_source_timestamp":12219526452925,"circlet_count":0,"master_deck":["AscendersBane","Zap","Dualcast","Chaos","Hologram","Blizzard","Stack","Force Field","Doom and Gloom","Darkness","Capacitor","Conserve Battery","Consume+1","Conserve Battery","Reinforced Body","Cold Snap","Leap","Steam","Core Surge","Chill","Leap","Glacier","Leap+1","Undo"],"special_seed":0,"relics":["Pandora\u0027s Box","The Courier","PreservedInsect","Darkstone Periapt","Juzu Bracelet","Symbiotic Virus","Busted Crown","Old Coin"],"potions_floor_usage":[],"damage_taken":[{"damage":4.0,"enemies":"Small Slimes","floor":1.0,"turns":3.0},{"damage":0.0,"enemies":"Cultist","floor":3.0,"turns":3.0},{"damage":4.0,"enemies":"2 Louse","floor":4.0,"turns":3.0},{"damage":35.0,"enemies":"Gremlin Nob","floor":6.0,"turns":4.0},{"damage":6.0,"enemies":"Lagavulin","floor":8.0,"turns":5.0},{"damage":21.0,"enemies":"Exordium Thugs","floor":10.0,"turns":4.0},{"damage":6.0,"enemies":"Blue Slaver","floor":11.0,"turns":3.0},{"damage":2.0,"enemies":"Looter","floor":12.0,"turns":4.0},{"damage":12.0,"enemies":"Large Slime","floor":14.0,"turns":7.0},{"damage":17.0,"enemies":"Hexaghost","floor":16.0,"turns":11.0},{"damage":9.0,"enemies":"Spheric Guardian","floor":18.0,"turns":5.0},{"damage":3.0,"enemies":"Shell Parasite","floor":19.0,"turns":5.0},{"damage":15,"enemies":"Snake Plant","floor":24,"turns":5},{"damage":24,"enemies":"Chosen and Byrds","floor":27,"turns":7},{"damage":21,"enemies":"Centurion and Healer","floor":29,"turns":10},{"damage":3,"enemies":"3 Cultists","floor":30,"turns":7},{"damage":10,"enemies":"Slavers","floor":31,"turns":4}],"seed_played":"-4857286872349387976","potions_obtained":[{"floor":1.0,"key":"GamblersBrew"},{"floor":4.0,"key":"Explosive Potion"},{"floor":6.0,"key":"GamblersBrew"},{"floor":8.0,"key":"LiquidBronze"},{"floor":24,"key":"Dexterity Potion"},{"floor":27,"key":"Swift Potion"}],"is_trial":false,"path_per_floor":["M","?","M","M","$","E","R","E","T","M","M","M","R","M","R","B",null,"M","M","?","?","?","R","M","R","T","M","R","M","M","E"],"character_chosen":"DEFECT","items_purchased":["PreservedInsect"],"campfire_rested":5,"item_purchase_floors":[5],"current_hp_per_floor":[60,60,60,56,56,21,42,36,36,15,9,7,28,16,37,20,58,49,46,46,46,39,60,45,45,45,21,42,21,18,8],"gold":694,"neow_bonus":"BOSS_RELIC","is_prod":false,"is_daily":false,"chose_seed":false,"campfire_upgraded":1,"win_rate":0,"timestamp":1555389006,"path_taken":["M","?","M","M","$","E","R","E","T","M","M","M","R","M","R","BOSS","M","M","?","?","?","R","M","R","T","M","R","M","M","E"],"build_version":"2019-01-23","purchased_purges":0,"victory":false,"max_hp_per_floor":[71,71,71,71,71,71,71,71,71,71,71,71,71,71,71,71,71,71,71,71,71,71,71,71,71,71,71,71,71,71,71],"card_choices":[{"not_picked":["Sweeping Beam","Compile Driver"],"picked":"Conserve Battery","floor":1.0},{"not_picked":["Stack","Force Field","Hologram"],"picked":"SKIP","floor":3.0},{"not_picked":["Redo","Cold Snap"],"picked":"Consume","floor":4.0},{"not_picked":["Skim","Double Energy"],"picked":"Conserve Battery","floor":6.0},{"not_picked":["FTL","Loop"],"picked":"Reinforced Body","floor":8.0},{"not_picked":["Loop","Rainbow"],"picked":"Cold Snap","floor":10.0},{"not_picked":["Go for the Eyes","Redo"],"picked":"Leap","floor":11.0},{"not_picked":["Stack","Streamline"],"picked":"Steam","floor":12.0},{"not_picked":["Sweeping Beam","Static Discharge","Steam"],"picked":"SKIP","floor":14.0},{"not_picked":["Rainbow","Biased Cognition"],"picked":"Core Surge","floor":16.0},{"not_picked":["Chill"],"picked":"SKIP","floor":18.0},{"not_picked":[],"picked":"Chill","floor":18.0},{"not_picked":[],"picked":"Leap","floor":19.0},{"not_picked":[],"picked":"Leap+1","floor":24},{"not_picked":["Leap"],"picked":"SKIP","floor":27},{"not_picked":[],"picked":"Undo","floor":29},{"not_picked":["Melter"],"picked":"SKIP","floor":30}],"player_experience":592792,"relics_obtained":[{"floor":6.0,"key":"Darkstone Periapt"},{"floor":8.0,"key":"Juzu Bracelet"},{"floor":9.0,"key":"Symbiotic Virus"},{"floor":26,"key":"Old Coin"}],"event_choices":[{"damage_healed":0.0,"max_hp_gain":0.0,"max_hp_loss":0.0,"gold_gain":0.0,"event_name":"WeMeetAgain","player_choice":"Gave Potion","floor":2.0,"gold_loss":0.0,"damage_taken":0.0,"relics_obtained":["The Courier"]},{"damage_healed":0.0,"max_hp_gain":0.0,"max_hp_loss":0.0,"gold_gain":50.0,"event_name":"Nest","player_choice":"Stole From Cult","floor":20.0,"gold_loss":0.0,"damage_taken":0.0},{"damage_healed":0.0,"max_hp_gain":0.0,"max_hp_loss":0.0,"gold_gain":0.0,"event_name":"The Library","player_choice":"Read","floor":21.0,"gold_loss":0.0,"damage_taken":0.0,"cards_obtained":["Glacier"]},{"damage_healed":0,"gold_gain":50,"player_choice":"Touch","damage_taken":7,"max_hp_gain":0,"max_hp_loss":0,"event_name":"FaceTrader","floor":22,"gold_loss":0}],"is_beta":false,"boss_relics":[{"not_picked":["Eternal Feather","Black Star"],"picked":"Busted Crown"}],"items_purged_floors":[],"is_endless":false,"potions_floor_spawned":[1,4,6,8,12,24,27],"killed_by":"Slavers","ascension_level":16}