{"gold_per_floor":[116,116,66,66,78,105,105,105,131,161,178,188,241,256,256,360,360,371,386,309,329,340,340,354,372,454,454],"floor_reached":27,"playtime":741,"items_purged":[],"score":294,"play_id":"0bbc9948-aeda-44df-941d-400838ec6795","local_time":"20180714140500","daily_mods":["Specialized"],"is_ascension_mode":false,"campfire_choices":[{"floor":7.0,"key":"REST"},{"floor":15,"key":"REST"},{"floor":23,"key":"REST"}],"neow_cost":"","seed_source_timestamp":0,"circlet_count":0,"master_deck":["Strike_B","Strike_B","Defend_B","Defend_B","Defend_B","Defend_B","Zap","Dualcast","Electrodynamics","Electrodynamics","Electrodynamics","Electrodynamics","Electrodynamics","Streamline","Lockon","Ball Lightning+1","J.A.X.","Ball Lightning","Capacitor"],"special_seed":0,"relics":["Unceasing Top","Cables","Ancient Tea Set","Centennial Puzzle","Tiny Chest","Sozu","Matryoshka"],"potions_floor_usage":[],"damage_taken":[{"damage":11.0,"enemies":"Small Slimes","floor":1.0,"turns":3.0},{"damage":6.0,"enemies":"Jaw Worm","floor":5.0,"turns":3.0},{"damage":31.0,"enemies":"Lagavulin","floor":6.0,"turns":6.0},{"damage":6.0,"enemies":"Cultist","floor":11.0,"turns":3.0},{"damage":9.0,"enemies":"Blue Slaver","floor":12.0,"turns":3.0},{"damage":19.0,"enemies":"Exordium Thugs","floor":13.0,"turns":3.0},{"damage":13,"enemies":"Exordium Thugs","floor":14,"turns":3},{"damage":0,"enemies":"Slime Boss","floor":16,"turns":5},{"damage":5,"enemies":"Spheric Guardian","floor":18,"turns":3},{"damage":20,"enemies":"2 Thieves","floor":19,"turns":2},{"damage":8,"enemies":"Snecko","floor":21,"turns":3},{"damage":13,"enemies":"Chosen and Byrds","floor":22,"turns":3},{"damage":3,"enemies":"Centurion and Healer","floor":24,"turns":3},{"damage":44,"enemies":"Slaver and Parasite","floor":25,"turns":5},{"damage":13,"enemies":"Cultist and Chosen","floor":27,"turns":1}],"seed_played":"8049497929847838174","potions_obtained":[{"floor":6.0,"key":"SteroidPotion"},{"floor":12.0,"key":"Swift Potion"},{"floor":16,"key":"Swift Potion"}],"is_trial":true,"path_per_floor":["M","?","?","?","M","E","R","?","T","T","M","M","?","M","R","B",null,"M","M","?","M","M","R","M","M","T"],"character_chosen":"DEFECT","items_purchased":[],"campfire_rested":3,"item_purchase_floors":[],"current_hp_per_floor":[64,64,64,69,63,32,56,53,53,53,47,38,19,6,30,30,80,75,55,55,47,34,58,55,11,11,0],"gold":454,"neow_bonus":"","is_prod":false,"is_daily":false,"chose_seed":false,"campfire_upgraded":0,"win_rate":0.0,"timestamp":1531591500,"path_taken":["M","?","?","?","M","E","R","?","T","?","M","M","?","M","R","BOSS","M","?","?","M","M","R","M","M","T","?"],"build_version":"2018-07-12","purchased_purges":0,"victory":false,"max_hp_per_floor":[75,75,75,80,80,80,80,80,80,80,80,80,80,80,80,80,80,80,80,80,80,80,80,80,80,80,80],"card_choices":[{"not_picked":["Stack","Aggregate","Steam"],"picked":"SKIP","floor":1.0},{"not_picked":["Turbo","Steam"],"picked":"Streamline","floor":5.0},{"not_picked":["Tempest","Cold Snap","Coolheaded"],"picked":"SKIP","floor":6.0},{"not_picked":["Beam Cell","Cold Snap"],"picked":"Lockon","floor":11.0},{"not_picked":["Reprogram","Gash","Rebound"],"picked":"SKIP","floor":12.0},{"not_picked":["Compile Driver","Steam","Doom and Gloom"],"picked":"SKIP","floor":14},{"not_picked":["Stack+1","Conserve Battery"],"picked":"Ball Lightning+1","floor":18},{"not_picked":["Undo","Leap","FTL"],"picked":"SKIP","floor":19},{"not_picked":["Melter","Auto Shields"],"picked":"Ball Lightning","floor":21},{"not_picked":["Chaos","Chill","Go for the Eyes+1"],"picked":"SKIP","floor":22},{"not_picked":["Leap","Go for the Eyes","Steam Power"],"picked":"SKIP","floor":24},{"not_picked":["Ball Lightning+1","FTL+1"],"picked":"Capacitor","floor":25}],"player_experience":245637,"relics_obtained":[{"floor":6.0,"key":"Cables"},{"floor":9.0,"key":"Centennial Puzzle"},{"floor":10.0,"key":"Tiny Chest"},{"floor":26,"key":"Matryoshka"}],"event_choices":[{"event_name":"Living Wall","player_choice":"Forget","floor":2.0,"damage_taken":0.0},{"event_name":"The Cleric","player_choice":"Card Removal","floor":3.0,"damage_taken":0.0},{"event_name":"Big Fish","player_choice":"Donut","floor":4.0,"damage_taken":0.0},{"event_name":"Scrap Ooze","player_choice":"success","floor":8.0,"damage_taken":3.0},{"event_name":"Golden Wing","player_choice":"Gained Gold","floor":13,"damage_taken":0},{"event_name":"Drug Dealer","player_choice":"Got JAXXED","floor":20,"damage_taken":0}],"boss_relics":[{"not_picked":["Snecko Eye","White Beast Statue"],"picked":"Sozu"}],"items_purged_floors":[],"is_endless":false,"potions_floor_spawned":[6,12,16,21,24,25],"killed_by":"Cultist and Chosen","ascension_level":0}