{"gold_per_floor":[114,114,114,130,151,151,171,171,171,185,185,110,110,123,123,249,249,262,278,278,293,293],"floor_reached":22,"playtime":544,"items_purged":["Strike_R"],"score":178,"play_id":"5da34389-df6a-4aa2-8291-b3052a68b861","local_time":"20190413004325","is_ascension_mode":false,"campfire_choices":[{"data":"Whirlwind","floor":6,"key":"SMITH"},{"data":"Bash","floor":8,"key":"SMITH"},{"data":"Heavy Blade","floor":11,"key":"SMITH"},{"data":"Headbutt","floor":13,"key":"SMITH"},{"data":"Shrug It Off","floor":15,"key":"SMITH"}],"neow_cost":"NONE","seed_source_timestamp":34333706089363,"circlet_count":0,"master_deck":["Strike_R","Strike_R","Strike_R","Strike_R","Defend_R","Defend_R","Defend_R","Defend_R","Bash+1","Shrug It Off+1","Whirlwind+1","Heavy Blade+1","Headbutt+1","Berserk+1","Limit Break","Whirlwind"],"relics":["Lizard Tail","Pantograph","Golden Idol","Frozen Egg 2","Busted Crown","PreservedInsect"],"potions_floor_usage":[16,19],"damage_taken":[{"damage":6,"enemies":"Jaw Worm","floor":1,"turns":5},{"damage":0,"enemies":"2 Louse","floor":4,"turns":4},{"damage":0,"enemies":"Small Slimes","floor":5,"turns":3},{"damage":3,"enemies":"Exordium Wildlife","floor":7,"turns":3},{"damage":12,"enemies":"Blue Slaver","floor":10,"turns":3},{"damage":5,"enemies":"3 Louse","floor":14,"turns":2},{"damage":50,"enemies":"Hexaghost","floor":16,"turns":9},{"damage":34,"enemies":"Spheric Guardian","floor":18,"turns":6},{"damage":5,"enemies":"2 Thieves","floor":19,"turns":2},{"damage":37,"enemies":"Snecko","floor":21,"turns":5},{"damage":6,"enemies":"3 Cultists","floor":22,"turns":2}],"seed_played":"-5317478462005758747","potions_obtained":[{"floor":4,"key":"SteroidPotion"},{"floor":10,"key":"EssenceOfSteel"},{"floor":14,"key":"GamblersBrew"},{"floor":19,"key":"Dexterity Potion"}],"is_trial":false,"path_per_floor":["M","?","?","M","M","R","M","R","T","M","R","$","R","M","R","B",null,"M","M","?","M","M"],"character_chosen":"IRONCLAD","items_purchased":[],"campfire_rested":0,"item_purchase_floors":[],"current_hp_per_floor":[74,56,36,36,36,36,33,33,33,21,21,21,21,16,16,32,80,46,41,41,4,0],"gold":293,"neow_bonus":"BOSS_RELIC","is_prod":false,"is_daily":false,"chose_seed":false,"campfire_upgraded":5,"win_rate":0,"timestamp":1555137805,"path_taken":["M","?","?","M","M","R","M","R","T","M","R","$","R","M","R","BOSS","M","M","?","M","M"],"build_version":"2019-01-23","purchased_purges":1,"victory":false,"max_hp_per_floor":[80,80,80,80,80,80,80,80,80,80,80,80,80,80,80,80,80,80,80,80,80,80],"card_choices":[{"not_picked":["Perfected Strike","Anger"],"picked":"Shrug It Off","floor":1},{"not_picked":["Power Through","Reckless Charge","Body Slam"],"picked":"SKIP","floor":4},{"not_picked":["Wild Strike","Cleave"],"picked":"Whirlwind","floor":5},{"not_picked":["Anger","Bloodletting"],"picked":"Heavy Blade","floor":7},{"not_picked":["Havoc","Rampage"],"picked":"Headbutt","floor":10},{"not_picked":["Heavy Blade","Disarm"],"picked":"Berserk+1","floor":14},{"not_picked":["Impervious","Barricade+1"],"picked":"Limit Break","floor":16},{"not_picked":["Havoc"],"picked":"SKIP","floor":18},{"not_picked":[],"picked":"Whirlwind","floor":19},{"not_picked":["Body Slam+1"],"picked":"SKIP","floor":21}],"player_experience":1204947,"relics_obtained":[{"floor":9,"key":"Frozen Egg 2"}],"event_choices":[{"damage_healed":0,"gold_gain":0,"player_choice":"Success","damage_taken":18,"relics_obtained":["Pantograph"],"max_hp_gain":0,"max_hp_loss":0,"event_name":"Scrap Ooze","floor":2,"gold_loss":0},{"damage_healed":0,"gold_gain":0,"player_choice":"Take Damage","damage_taken":20,"relics_obtained":["Golden Idol"],"max_hp_gain":0,"max_hp_loss":0,"event_name":"Golden Idol","floor":3,"gold_loss":0},{"damage_healed":0,"gold_gain":0,"player_choice":"Opened","damage_taken":0,"relics_obtained":["PreservedInsect"],"max_hp_gain":0,"max_hp_loss":0,"event_name":"The Mausoleum","floor":20,"gold_loss":0}],"is_beta":false,"boss_relics":[{"not_picked":["Runic Pyramid","Tiny House"],"picked":"Busted Crown"}],"items_purged_floors":[12],"is_endless":false,"potions_floor_spawned":[4,10,14,19],"killed_by":"3 Cultists","ascension_level":0}