{"gold_per_floor":[109,124,199,299,316,316,316,333,333,333,351,351,351,367,367,463,463,480,7,7,7,17,17,17,17,17,17,35,35,35,48,48,153,153,173,187,187,187,187],"floor_reached":39,"playtime":1572,"items_purged":["Defend_G"],"score":419,"play_id":"948617eb-c42a-4785-a299-d0ec7e08054c","local_time":"20180708143819","is_ascension_mode":false,"campfire_choices":[{"data":"Deadly Poison","floor":6,"key":"SMITH"},{"floor":12,"key":"REST"},{"data":"Noxious Fumes","floor":15,"key":"SMITH"},{"floor":23,"key":"REST"},{"data":"Wraith Form v2","floor":25,"key":"SMITH"},{"data":"Infinite Blades","floor":27,"key":"SMITH"},{"floor":30,"key":"REST"},{"floor":32,"key":"REST"}],"neow_cost":"NONE","seed_source_timestamp":0,"circlet_count":0,"master_deck":["Defend_G","Defend_G","Strike_G","Strike_G","Survivor","Neutralize","Deadly Poison+1","Bane","Infinite Blades+1","Noxious Fumes+1","Wraith Form v2+1","Dash+1","Flying Knee","Dagger Throw","Regret","Madness"],"special_seed":17720,"relics":["Ring of the Snake","NeowsBlessing","Sozu","Singing Bowl","Snake Skull","Nloth\u0027s Gift","Blue Candle","Empty Cage"],"potions_floor_usage":[16,33,33,39],"damage_taken":[{"damage":0,"enemies":"2 Louse","floor":1,"turns":1},{"damage":0,"enemies":"Cultist","floor":2,"turns":1},{"damage":0,"enemies":"Small Slimes","floor":5,"turns":1},{"damage":4,"enemies":"Looter","floor":8,"turns":3},{"damage":16,"enemies":"Gremlin Gang","floor":11,"turns":5},{"damage":0,"enemies":"Blue Slaver","floor":14,"turns":3},{"damage":22,"enemies":"Slime Boss","floor":16,"turns":10},{"damage":15,"enemies":"2 Thieves","floor":18,"turns":4},{"damage":0,"enemies":"Chosen","floor":22,"turns":4},{"damage":19,"enemies":"Slaver and Parasite","floor":28,"turns":5},{"damage":22,"enemies":"Sentry and Sphere","floor":31,"turns":6},{"damage":13,"enemies":"Champ","floor":33,"turns":10},{"damage":7,"enemies":"Orb Walker","floor":35,"turns":4},{"damage":40,"enemies":"3 Darklings","floor":36,"turns":4},{"damage":50,"enemies":"Time Eater","floor":39,"turns":7}],"seed_played":"5952392564398475268","potions_obtained":[{"floor":2,"key":"LiquidBronze"},{"floor":5,"key":"Weak Potion"},{"floor":8,"key":"GhostInAJar"},{"floor":14,"key":"EssenceOfSteel"},{"floor":16,"key":"SkillPotion"}],"is_trial":false,"path_per_floor":["M","M","?","?","M","R","?","M","T","?","M","R","?","M","R","B",null,"M","$","?","?","M","R","$","R","T","R","M","?","R","M","R","B",null,"M","M","?","?"],"character_chosen":"THE_SILENT","items_purchased":["Singing Bowl","Snake Skull","Flying Knee","Dagger Throw"],"campfire_rested":4,"item_purchase_floors":[19,19,19,19],"current_hp_per_floor":[70,70,59,59,59,59,59,55,55,55,39,60,60,60,60,38,70,55,55,55,55,57,72,72,72,72,72,55,41,64,44,68,57,83,78,40,40,40,0],"gold":187,"neow_bonus":"THREE_ENEMY_KILL","is_prod":false,"is_daily":false,"chose_seed":false,"campfire_upgraded":4,"win_rate":0,"timestamp":1531075099,"path_taken":["M","M","?","?","?","R","?","M","T","?","?","R","?","M","R","BOSS","M","$","?","?","M","R","?","R","T","R","?","?","R","?","R","BOSS","M","M","?","?","BOSS"],"build_version":"2018-07-05","purchased_purges":1,"victory":false,"max_hp_per_floor":[70,70,70,70,70,70,70,70,70,70,70,70,70,70,70,70,70,70,70,70,70,72,72,72,72,72,72,74,79,79,81,81,83,83,85,87,87,87,87],"card_choices":[{"not_picked":["Acrobatics","Concentrate"],"picked":"Deadly Poison","floor":1},{"not_picked":["Quick Slash","Dodge and Roll"],"picked":"Bane","floor":2},{"not_picked":["Skewer","Dagger Spray","Underhanded Strike"],"picked":"SKIP","floor":5},{"not_picked":["Finisher","PiercingWail"],"picked":"Infinite Blades","floor":8},{"not_picked":["Accuracy","Reflex"],"picked":"Noxious Fumes","floor":11},{"not_picked":["Terror","Dagger Spray","Endless Agony"],"picked":"SKIP","floor":14},{"not_picked":["Venomology","Phantasmal Killer"],"picked":"Wraith Form v2","floor":16},{"not_picked":["Caltrops","Malaise"],"picked":"Dash+1","floor":18},{"not_picked":["Terror","Concentrate","Backflip"],"picked":"Singing Bowl","floor":22},{"not_picked":["Cloak And Dagger","Flying Knee","PiercingWail+1"],"picked":"Singing Bowl","floor":28},{"not_picked":["Concentrate","Infinite Blades","Acrobatics"],"picked":"Singing Bowl","floor":31},{"not_picked":["After Image","Storm of Steel","Die Die Die"],"picked":"Singing Bowl","floor":33},{"not_picked":["Dagger Spray+1","Blur+1","Well Laid Plans"],"picked":"Singing Bowl","floor":35},{"not_picked":["Underhanded Strike","Deflect+1","Slice"],"picked":"Singing Bowl","floor":36}],"player_experience":210790,"relics_obtained":[{"floor":9,"key":"Oddly Smooth Stone"},{"floor":26,"key":"Blue Candle"}],"event_choices":[{"event_name":"World of Goop","player_choice":"Gather Gold","floor":3,"damage_taken":0},{"event_name":"Golden Shrine","player_choice":"Pray","floor":4,"damage_taken":0},{"event_name":"Wheel of Change","player_choice":"Card Removal","floor":7,"damage_taken":0},{"event_name":"Living Wall","player_choice":"Forget","floor":10,"damage_taken":0},{"event_name":"Liars Game","player_choice":"disagreed","floor":13,"damage_taken":0},{"event_name":"N\u0027loth","player_choice":"Traded a Oddly Smooth Stone","floor":20,"damage_taken":0},{"event_name":"Bonfire Elementals","player_choice":"BASIC","floor":21,"damage_taken":0},{"event_name":"Forgotten Altar","player_choice":"Shed Blood","floor":29,"damage_taken":0},{"event_name":"Match and Keep!","player_choice":"2 cards matched","floor":37,"damage_taken":0},{"event_name":"SecretPortal","player_choice":"Took Portal.","floor":38,"damage_taken":0}],"boss_relics":[{"not_picked":["Eternal Feather","Coffee Dripper"],"picked":"Sozu"},{"not_picked":["Calling Bell","Cursed Key"],"picked":"Empty Cage"}],"items_purged_floors":[19],"is_endless":false,"potions_floor_spawned":[2,5,8,14,16,22,28,36],"killed_by":"Time Eater","ascension_level":0}