{"gold_per_floor":[109,109,158,173,98,98,123,123,123,151,151,179,179,193,193,270,270],"floor_reached":17,"playtime":361,"items_purged":["Defend_R"],"score":343,"play_id":"95b3256c-bcf7-45c6-8673-566eb857a5ad","local_time":"20190315003445","is_ascension_mode":true,"campfire_choices":[{"data":"Seeing Red","floor":6,"key":"SMITH"},{"data":"Twin Strike","floor":8,"key":"SMITH"},{"floor":11,"key":"REST"},{"floor":15,"key":"REST"}],"neow_cost":"NONE","seed_source_timestamp":221938984940871,"circlet_count":0,"master_deck":["AscendersBane","Bash+1","Seeing Red+1","Twin Strike+1","Clash","Dropkick","Limit Break","Reaper","Disarm","Entrench","Demon Form+1","Metallicize+1","Feel No Pain+1","Evolve+1","Uppercut"],"relics":["Burning Blood","NeowsBlessing","Potion Belt","Dream Catcher","Pear","Shuriken","Frozen Egg 2","Pen Nib","Pandora\u0027s Box"],"potions_floor_usage":[16],"damage_taken":[{"damage":0,"enemies":"Jaw Worm","floor":1,"turns":1},{"damage":0,"enemies":"Small Slimes","floor":4,"turns":1},{"damage":0,"enemies":"Lagavulin","floor":7,"turns":1},{"damage":37,"enemies":"3 Sentries","floor":10,"turns":9},{"damage":17,"enemies":"Lagavulin","floor":12,"turns":6},{"damage":0,"enemies":"2 Louse","floor":14,"turns":3},{"damage":57,"enemies":"Slime Boss","floor":16,"turns":12}],"seed_played":"-7986183709859281237","potions_obtained":[{"floor":10,"key":"Block Potion"},{"floor":12,"key":"Ancient Potion"},{"floor":16,"key":"LiquidBronze"}],"is_trial":false,"path_per_floor":["M","?","T","M","$","R","E","R","T","E","R","E","?","M","R","B",null],"character_chosen":"IRONCLAD","items_purchased":[],"campfire_rested":2,"item_purchase_floors":[],"current_hp_per_floor":[74,51,51,57,57,57,63,63,73,42,67,56,51,57,82,31,31],"gold":270,"neow_bonus":"THREE_ENEMY_KILL","is_prod":false,"is_daily":false,"chose_seed":false,"campfire_upgraded":2,"win_rate":0,"timestamp":1552595685,"path_taken":["M","?","?","M","$","R","E","R","T","E","R","E","?","M","R","BOSS"],"build_version":"2019-01-23","purchased_purges":1,"victory":false,"max_hp_per_floor":[75,75,75,75,75,75,75,75,85,85,85,85,85,85,85,85,85],"card_choices":[{"not_picked":["Armaments","Combust"],"picked":"Seeing Red","floor":1},{"not_picked":["Intimidate","Dual Wield"],"picked":"Twin Strike","floor":4},{"not_picked":["Anger","Wild Strike","Carnage"],"picked":"SKIP","floor":7},{"not_picked":["Sentinel","Fire Breathing"],"picked":"Clash","floor":10},{"not_picked":["Body Slam","Ghostly Armor"],"picked":"Dropkick","floor":11},{"not_picked":["Sever Soul","Wild Strike","Sentinel"],"picked":"SKIP","floor":12},{"not_picked":["Searing Blow","Rupture+1","Sword Boomerang"],"picked":"SKIP","floor":14},{"not_picked":["Brutality+1","Demon Form+1"],"picked":"Limit Break","floor":16}],"player_experience":717339,"relics_obtained":[{"floor":3,"key":"Potion Belt"},{"floor":7,"key":"Dream Catcher"},{"floor":9,"key":"Pear"},{"floor":10,"key":"Shuriken"},{"floor":12,"key":"Frozen Egg 2"}],"event_choices":[{"damage_healed":0,"gold_gain":0,"player_choice":"Entered Light","damage_taken":23,"max_hp_gain":0,"max_hp_loss":0,"event_name":"Shining Light","floor":2,"gold_loss":0,"cards_upgraded":["Bash","Defend_R"]},{"damage_healed":0,"gold_gain":0,"player_choice":"Success","damage_taken":5,"relics_obtained":["Pen Nib"],"max_hp_gain":0,"max_hp_loss":0,"event_name":"Scrap Ooze","floor":13,"gold_loss":0}],"is_beta":false,"boss_relics":[{"not_picked":["White Beast Statue","Eternal Feather"],"picked":"Pandora\u0027s Box"}],"items_purged_floors":[5],"is_endless":false,"potions_floor_spawned":[10,12,16],"ascension_level":15}