{"gold_per_floor":[119,119,119,133,133,145,145,177,201,78,78,78,78,94,94,94],"floor_reached":16,"playtime":462,"items_purged":["Strike_G"],"score":98,"play_id":"cd71768c-258b-4367-bb36-1d12d573b540","local_time":"20180707170015","is_ascension_mode":false,"campfire_choices":[{"floor":7,"key":"REST"},{"data":"1","floor":12,"key":"LIFT"},{"floor":15,"key":"REST"}],"neow_cost":"TEN_PERCENT_HP_LOSS","seed_source_timestamp":282528759299573,"circlet_count":0,"master_deck":["Defend_G","Defend_G","Defend_G","Defend_G","Defend_G","Strike_G","Strike_G","Strike_G","Survivor","Neutralize","Infinite Blades","Quick Slash","Cloak And Dagger","Unload"],"relics":["Ring of the Snake","Girya","Meat on the Bone","Mercury Hourglass","Blood Vial","Bronze Scales"],"potions_floor_usage":[4,16],"damage_taken":[{"damage":0,"enemies":"Small Slimes","floor":1,"turns":3},{"damage":1,"enemies":"Jaw Worm","floor":4,"turns":5},{"damage":1,"enemies":"Cultist","floor":6,"turns":3},{"damage":26,"enemies":"Gremlin Nob","floor":8,"turns":5},{"damage":20,"enemies":"Exordium Thugs","floor":14,"turns":3},{"damage":50,"enemies":"The Guardian","floor":16,"turns":6}],"seed_played":"-8171878589467126230","potions_obtained":[{"floor":1,"key":"GamblersBrew"},{"floor":4,"key":"Weak Potion"},{"floor":8,"key":"Dexterity Potion"}],"is_trial":false,"path_per_floor":["M","?","?","M","T","M","R","E","T","$","?","R","$","M","R"],"character_chosen":"THE_SILENT","items_purchased":["Cloak And Dagger"],"campfire_rested":2,"item_purchase_floors":[10],"current_hp_per_floor":[63,51,44,43,43,42,60,34,34,34,34,34,34,28,46,0],"gold":94,"neow_bonus":"ONE_RARE_RELIC","is_prod":false,"is_daily":false,"chose_seed":false,"campfire_upgraded":0,"win_rate":0,"timestamp":1530997215,"path_taken":["M","?","?","?","?","M","R","E","T","$","?","R","$","?","R","BOSS"],"build_version":"2018-07-05","purchased_purges":1,"victory":false,"max_hp_per_floor":[63,63,63,63,63,63,63,63,63,63,63,63,63,63,63,63],"card_choices":[{"not_picked":["Leg Sweep","Flying Knee"],"picked":"Infinite Blades","floor":1},{"not_picked":["Prepared","Slice","Reflex"],"picked":"SKIP","floor":4},{"not_picked":["Backflip","Deflect","Riddle With Holes"],"picked":"SKIP","floor":6},{"not_picked":["Underhanded Strike","Dagger Spray"],"picked":"Quick Slash","floor":8},{"not_picked":["Leg Sweep","Dodge and Roll","Slice"],"picked":"SKIP","floor":14}],"player_experience":206150,"relics_obtained":[{"floor":5,"key":"Mercury Hourglass"},{"floor":8,"key":"Blood Vial"},{"floor":9,"key":"Bronze Scales"}],"event_choices":[{"event_name":"Scrap Ooze","player_choice":"success","floor":2,"damage_taken":12},{"event_name":"Golden Wing","player_choice":"Card Removal","floor":3,"damage_taken":0},{"event_name":"Match and Keep!","player_choice":"1 cards matched","floor":11,"damage_taken":0}],"boss_relics":[],"items_purged_floors":[10],"is_endless":false,"potions_floor_spawned":[1,4,8],"killed_by":"The Guardian","ascension_level":0}