{"gold_per_floor":[114,39,54,54,69,69,399,399,399,399,414,88,88,103,103,203,203,218,90,90,90,105,105],"floor_reached":23,"playtime":2412,"items_purged":[],"score":189,"play_id":"b9d83722-cab6-45c5-a02f-23fbf750e5c8","local_time":"20190414183959","daily_mods":["Heirloom","Blue Cards","Binary"],"is_ascension_mode":false,"campfire_choices":[{"data":"Warcry","floor":6,"key":"SMITH"},{"data":"Inflame","floor":8,"key":"SMITH"},{"data":"1","floor":10,"key":"LIFT"},{"data":"2","floor":15,"key":"LIFT"}],"neow_cost":"","seed_source_timestamp":236829264796202,"circlet_count":0,"master_deck":["Strike_R","Strike_R","Strike_R","Strike_R","Strike_R","Defend_R","Defend_R","Defend_R","Defend_R","Bash","Warcry+1","Limit Break+1","Conserve Battery","Feel No Pain","Inflame+1","True Grit","Mayhem","Storm","BootSequence","Shrug It Off","Gash","Seeing Red","Corruption","Flex"],"special_seed":18000,"relics":["Burning Blood","Charon\u0027s Ashes","Old Coin","Girya","Sozu","The Courier"],"potions_floor_usage":[16],"damage_taken":[{"damage":7,"enemies":"Jaw Worm","floor":1,"turns":5},{"damage":0,"enemies":"Small Slimes","floor":3,"turns":4},{"damage":0,"enemies":"2 Louse","floor":5,"turns":3},{"damage":22,"enemies":"3 Sentries","floor":7,"turns":7},{"damage":11,"enemies":"Large Slime","floor":11,"turns":5},{"damage":8,"enemies":"Lots of Slimes","floor":14,"turns":4},{"damage":26,"enemies":"The Guardian","floor":16,"turns":8},{"damage":20,"enemies":"2 Thieves","floor":18,"turns":4},{"damage":33,"enemies":"3 Byrds","floor":22,"turns":5},{"damage":49,"enemies":"Book of Stabbing","floor":23,"turns":5}],"seed_played":"-6873937662443283493","potions_obtained":[{"floor":5,"key":"FearPotion"},{"floor":7,"key":"Explosive Potion"},{"floor":16,"key":"Energy Potion"}],"is_trial":false,"path_per_floor":["M","$","M","?","M","R","E","R","T","R","M","$","?","M","R","B",null,"M","$","?","?","M","E"],"character_chosen":"IRONCLAD","items_purchased":["Limit Break","Mayhem","Storm","BootSequence","Shrug It Off","Corruption","Flex"],"campfire_rested":0,"item_purchase_floors":[2,12,12,12,12,19,19],"current_hp_per_floor":[79,79,80,85,85,85,69,69,69,69,64,64,64,62,62,42,85,71,71,71,71,44,0],"gold":105,"neow_bonus":"","is_prod":false,"is_daily":true,"chose_seed":false,"campfire_upgraded":2,"win_rate":0,"timestamp":1555281599,"path_taken":["M","$","M","?","M","R","E","R","T","R","M","$","?","M","R","BOSS","M","$","?","?","M","E"],"build_version":"2019-01-23","purchased_purges":0,"victory":false,"max_hp_per_floor":[80,80,80,85,85,85,85,85,85,85,85,85,85,85,85,85,85,85,85,85,85,85,85],"card_choices":[{"not_picked":["Shrug It Off"],"picked":"Warcry","floor":1},{"not_picked":["Anger"],"picked":"Conserve Battery","floor":3},{"not_picked":["Reprogram"],"picked":"Feel No Pain","floor":5},{"not_picked":["Iron Wave"],"picked":"Inflame","floor":7},{"not_picked":["Redo"],"picked":"True Grit","floor":11},{"not_picked":["Thunderclap"],"picked":"Gash","floor":14},{"not_picked":["Shrug It Off"],"picked":"Seeing Red","floor":18},{"not_picked":["Rebound","Leap"],"picked":"SKIP","floor":22}],"player_experience":252574,"relics_obtained":[{"floor":7,"key":"Old Coin"},{"floor":9,"key":"Girya"}],"event_choices":[{"damage_healed":0,"gold_gain":0,"player_choice":"Donut","damage_taken":0,"max_hp_gain":5,"max_hp_loss":0,"event_name":"Big Fish","floor":4,"gold_loss":0},{"damage_healed":0,"gold_gain":0,"player_choice":"Grow","damage_taken":0,"max_hp_gain":0,"max_hp_loss":0,"event_name":"Living Wall","floor":13,"gold_loss":0,"cards_upgraded":["Limit Break"]},{"damage_healed":0,"gold_gain":0,"player_choice":"Ignored","damage_taken":0,"max_hp_gain":0,"max_hp_loss":0,"event_name":"Ghosts","floor":20,"gold_loss":0},{"damage_healed":0,"gold_gain":0,"player_choice":"Opened","damage_taken":0,"relics_obtained":["The Courier"],"max_hp_gain":0,"max_hp_loss":0,"event_name":"The Mausoleum","floor":21,"gold_loss":0}],"is_beta":false,"boss_relics":[{"not_picked":["Fusion Hammer","Runic Dome"],"picked":"Sozu"}],"items_purged_floors":[],"is_endless":false,"potions_floor_spawned":[5,7,16],"killed_by":"Book of Stabbing","ascension_level":0}