{"path_per_floor":["M","M","?","M","?","R","E","R","T","M","R","M","M","?","R","B",null,"M"],"character_chosen":"DEFECT","items_purchased":[],"gold_per_floor":[118,129,129,145,145,145,181,181,229,253,253,268,287,252,252,372,372,390,390],"floor_reached":19,"campfire_rested":3,"playtime":1320,"item_purchase_floors":[],"current_hp_per_floor":[69,69,62,61,43,65,65,75,75,60,75,64,54,72,72,28,75,48,0],"items_purged":[],"gold":390,"score":169,"play_id":"30296e3d-9822-463d-8d55-a4688b02b95d","local_time":"20180616174619","is_prod":false,"is_daily":false,"chose_seed":false,"is_ascension_mode":false,"campfire_upgraded":1,"win_rate":0.0,"timestamp":1529185579,"campfire_choices":[{"floor":6,"key":"REST"},{"floor":8,"key":"REST"},{"floor":11,"key":"REST"},{"data":"Zap","floor":15,"key":"SMITH"}],"path_taken":["M","M","?","M","?","R","E","R","T","?","R","M","M","?","R","BOSS","M","M"],"build_version":"2018-06-14v2","seed_source_timestamp":76014144193811,"purchased_purges":0,"victory":false,"master_deck":["Strike_B","Strike_B","Strike_B","Strike_B","Defend_B","Defend_B","Defend_B","Defend_B","Zap+1","Dualcast","Stack","Streamline","Skim","All For One"],"max_hp_per_floor":[75,75,75,75,75,75,75,75,75,75,75,75,75,75,75,75,75,75,75],"relics":["Cracked Core","Happy Flower","Golden Idol","Regal Pillow","Vajra"],"card_choices":[{"not_picked":["Beam Cell","Turbo","Gash"],"picked":"SKIP","floor":1},{"not_picked":["Steam","Hologram"],"picked":"Stack","floor":2},{"not_picked":["Undo","Beam Cell"],"picked":"Streamline","floor":4},{"not_picked":["Barrage","Hello World"],"picked":"Skim","floor":7},{"not_picked":["Beam Cell","Consume","Go for the Eyes"],"picked":"SKIP","floor":10},{"not_picked":["Heatsinks","Undo","Go for the Eyes"],"picked":"SKIP","floor":12},{"not_picked":["Force Field","Reprogram","Hologram"],"picked":"SKIP","floor":13},{"not_picked":["Fission","Amplify"],"picked":"All For One","floor":16},{"not_picked":["Compile Driver","Coolheaded+1","Fusion+1"],"picked":"SKIP","floor":18}],"player_experience":90841,"potions_floor_usage":[7,13,16,16],"damage_taken":[{"damage":6,"enemies":"2 Louse","floor":1,"turns":3},{"damage":0,"enemies":"Small Slimes","floor":2,"turns":3},{"damage":1,"enemies":"Cultist","floor":4,"turns":4},{"damage":15,"enemies":"3 Sentries","floor":7,"turns":7},{"damage":15,"enemies":"Looter","floor":10,"turns":3},{"damage":11,"enemies":"Exordium Wildlife","floor":12,"turns":3},{"damage":10,"enemies":"Exordium Thugs","floor":13,"turns":4},{"damage":44,"enemies":"Slime Boss","floor":16,"turns":11},{"damage":27,"enemies":"Spheric Guardian","floor":18,"turns":4},{"damage":48,"enemies":"3 Byrds","floor":19,"turns":4}],"relics_obtained":[{"floor":7,"key":"Regal Pillow"},{"floor":9,"key":"Vajra"}],"event_choices":[{"event_name":"Scrap Ooze","player_choice":"unsuccessful","floor":3,"damage_taken":7},{"event_name":"Golden Idol","player_choice":"Take Damage","floor":5,"damage_taken":0},{"event_name":"The Cleric","player_choice":"Healed","floor":14,"damage_taken":0}],"boss_relics":[{"not_picked":["Runic Dome","Sozu","Coffee Dripper"]}],"items_purged_floors":[],"is_endless":false,"potions_floor_spawned":[2,7,10,12],"seed_played":"-1968651306008743768","killed_by":"3 Byrds","ascension_level":0,"potions_obtained":[{"floor":2,"key":"Regen Potion"},{"floor":7,"key":"Strength Potion"},{"floor":10,"key":"Energy Potion"},{"floor":12,"key":"Swift Potion"}],"is_trial":false}