{"gold_per_floor":[115,115,131,145,155,181,193,222,259,285,297,323,309,321,321,420,420,430,430,150,162,181,181,181,199,199,229,258,278,278,291,291,291],"floor_reached":33,"playtime":1113,"items_purged":[],"score":353,"play_id":"190be171-6cc5-4e6a-a4f2-5eed56277a30","local_time":"20190404173949","is_ascension_mode":true,"campfire_choices":[{"data":"Infernal Blade","floor":7,"key":"SMITH"},{"floor":11,"key":"REST"},{"floor":15,"key":"REST"},{"floor":23,"key":"REST"},{"floor":32,"key":"REST"}],"neow_cost":"NONE","seed_source_timestamp":81680597921860,"circlet_count":0,"master_deck":["Strike_R","Strike_R","Strike_R","Strike_R","Strike_R","Defend_R","Defend_R","Defend_R","Defend_R","Bash","Infernal Blade+1","Perfected Strike","Twin Strike","Rupture","Perfected Strike","Perfected Strike","Perfected Strike","Armaments","Combust","Demon Form","Pommel Strike","Necronomicurse","Metallicize","Twin Strike+1","Double Tap","Seeing Red","Armaments","Disarm+1"],"relics":["Burning Blood","NeowsBlessing","Red Skull","MawBank","Strawberry","Runic Pyramid","Necronomicon","Bottled Tornado","Bottled Flame","Red Mask","Omamori","MutagenicStrength"],"potions_floor_usage":[16,33,33,33],"damage_taken":[{"damage":0,"enemies":"Small Slimes","floor":1,"turns":1},{"damage":0,"enemies":"Cultist","floor":3,"turns":1},{"damage":0,"enemies":"2 Louse","floor":4,"turns":1},{"damage":27,"enemies":"Large Slime","floor":5,"turns":6},{"damage":8,"enemies":"Gremlin Nob","floor":6,"turns":3},{"damage":17,"enemies":"3 Louse","floor":8,"turns":3},{"damage":22,"enemies":"Exordium Thugs","floor":10,"turns":3},{"damage":11,"enemies":"Looter","floor":12,"turns":2},{"damage":12,"enemies":"3 Louse","floor":14,"turns":2},{"damage":43,"enemies":"The Guardian","floor":16,"turns":10},{"damage":34,"enemies":"Spheric Guardian","floor":18,"turns":4},{"damage":5,"enemies":"Chosen","floor":21,"turns":4},{"damage":11,"enemies":"Shelled Parasite and Fungi","floor":22,"turns":2},{"damage":8,"enemies":"Cultist and Chosen","floor":25,"turns":3},{"damage":4,"enemies":"Masked Bandits","floor":27,"turns":3},{"damage":20,"enemies":"Book of Stabbing","floor":28,"turns":3},{"damage":0,"enemies":"Snake Plant","floor":29,"turns":1},{"damage":4,"enemies":"Shelled Parasite and Fungi","floor":31,"turns":2},{"damage":69,"enemies":"Champ","floor":33,"turns":6}],"seed_played":"1627315208322463026","potions_obtained":[{"floor":5,"key":"GamblersBrew"},{"floor":6,"key":"Block Potion"},{"floor":10,"key":"Strength Potion"},{"floor":21,"key":"Dexterity Potion"},{"floor":22,"key":"Poison Potion"},{"floor":28,"key":"Strength Potion"}],"is_trial":false,"path_per_floor":["M","?","M","M","M","E","R","M","T","M","R","M","$","M","R","B",null,"M","?","$","M","M","R","?","M","T","?","E","M","?","M","R","B"],"character_chosen":"IRONCLAD","items_purchased":["Armaments","Metallicize","Bottled Tornado"],"campfire_rested":4,"item_purchase_floors":[13,20,20],"current_hp_per_floor":[80,80,80,80,59,57,57,46,53,37,63,58,58,52,78,41,87,59,43,43,44,39,65,48,46,46,48,34,40,40,42,69,0],"gold":291,"neow_bonus":"THREE_ENEMY_KILL","is_prod":false,"is_daily":false,"chose_seed":false,"campfire_upgraded":1,"win_rate":0,"timestamp":1554413989,"path_taken":["M","?","?","M","?","E","R","M","T","M","R","M","$","M","R","BOSS","M","?","$","M","M","R","?","M","T","?","E","M","?","M","R","BOSS"],"build_version":"2019-01-23","purchased_purges":0,"victory":false,"max_hp_per_floor":[80,80,80,80,80,80,80,80,87,87,87,87,87,87,87,87,87,87,87,87,87,87,87,92,92,92,92,92,92,92,92,92,92],"card_choices":[{"not_picked":["Havoc","Clothesline"],"picked":"Perfected Strike","floor":1},{"not_picked":["Ghostly Armor","Havoc"],"picked":"Infernal Blade","floor":3},{"not_picked":["Thunderclap","Cleave"],"picked":"Perfected Strike","floor":4},{"not_picked":["Body Slam","Dark Embrace"],"picked":"Twin Strike","floor":5},{"not_picked":["Thunderclap","Immolate"],"picked":"Rupture","floor":6},{"not_picked":["Havoc","Sentinel"],"picked":"Perfected Strike","floor":8},{"not_picked":["Whirlwind","Metallicize"],"picked":"Perfected Strike","floor":10},{"not_picked":["Feel No Pain","Clash"],"picked":"Perfected Strike","floor":12},{"not_picked":["Thunderclap","Hemokinesis"],"picked":"Combust","floor":14},{"not_picked":["Dark Embrace","Offering"],"picked":"Demon Form","floor":16},{"not_picked":["Rampage+1","Perfected Strike"],"picked":"Pommel Strike","floor":18},{"not_picked":["Heavy Blade","Dropkick","Uppercut"],"picked":"SKIP","floor":21},{"not_picked":["Heavy Blade","Rupture"],"picked":"Twin Strike+1","floor":22},{"not_picked":["Heavy Blade","Reckless Charge","Havoc"],"picked":"SKIP","floor":25},{"not_picked":["Wild Strike","Infernal Blade"],"picked":"Double Tap","floor":27},{"not_picked":["Offering","Clothesline"],"picked":"Seeing Red","floor":28},{"not_picked":["Twin Strike+1","Body Slam"],"picked":"Armaments","floor":29},{"not_picked":["Body Slam+1","Shrug It Off"],"picked":"Disarm+1","floor":31}],"player_experience":206495,"relics_obtained":[{"floor":6,"key":"MawBank"},{"floor":9,"key":"Strawberry"},{"floor":19,"key":"Necronomicon"},{"floor":26,"key":"Bottled Flame"},{"floor":27,"key":"Red Mask"},{"floor":28,"key":"Omamori"}],"event_choices":[{"cards_removed":["Perfected Strike"],"damage_healed":0,"gold_gain":0,"player_choice":"Gave Card","damage_taken":0,"relics_obtained":["Red Skull"],"max_hp_gain":0,"max_hp_loss":0,"event_name":"WeMeetAgain","floor":2,"gold_loss":0},{"damage_healed":0,"gold_gain":0,"player_choice":"Obtained Book","damage_taken":16,"max_hp_gain":0,"max_hp_loss":0,"event_name":"Cursed Tome","floor":19,"gold_loss":0},{"damage_healed":0,"gold_gain":0,"player_choice":"Shed Blood","damage_taken":22,"max_hp_gain":5,"max_hp_loss":0,"event_name":"Forgotten Altar","floor":24,"gold_loss":0},{"damage_healed":0,"gold_gain":0,"player_choice":"Fought Bandits","damage_taken":0,"max_hp_gain":0,"max_hp_loss":0,"event_name":"Masked Bandits","floor":27,"gold_loss":0},{"damage_healed":0,"gold_gain":0,"player_choice":"Inject Mutagens","damage_taken":0,"relics_obtained":["MutagenicStrength"],"max_hp_gain":0,"max_hp_loss":0,"event_name":"Drug Dealer","floor":30,"gold_loss":0}],"is_beta":false,"boss_relics":[{"not_picked":["Pandora\u0027s Box","Velvet Choker"],"picked":"Runic Pyramid"}],"items_purged_floors":[],"is_endless":false,"potions_floor_spawned":[5,6,10,12,21,22,27,28],"killed_by":"Champ","ascension_level":4}