{"gold_per_floor":[360,360,370,382,160,160,188,201,281,293,293],"floor_reached":11,"playtime":327,"items_purged":["Strike_G"],"score":79,"play_id":"8239cc4d-99c8-43e6-9f17-ea6d67b963da","local_time":"20190412231722","is_ascension_mode":true,"campfire_choices":[{"data":"Poisoned Stab","floor":6,"key":"SMITH"}],"neow_cost":"TEN_PERCENT_HP_LOSS","seed_source_timestamp":260420942189871,"circlet_count":0,"master_deck":["Defend_G","Defend_G","Defend_G","Defend_G","Defend_G","Strike_G","Strike_G","Strike_G","Strike_G","Survivor","Neutralize","Bane","Poisoned Stab+1","Predator","Quick Slash","Calculated Gamble"],"relics":["Ring of the Snake","Juzu Bracelet","Turnip","Molten Egg 2"],"potions_floor_usage":[],"damage_taken":[{"damage":9,"enemies":"Small Slimes","floor":1,"turns":5},{"damage":1,"enemies":"Cultist","floor":3,"turns":4},{"damage":0,"enemies":"2 Louse","floor":4,"turns":3},{"damage":18,"enemies":"Gremlin Nob","floor":7,"turns":4},{"damage":10,"enemies":"Exordium Thugs","floor":8,"turns":4},{"damage":4,"enemies":"Red Slaver","floor":10,"turns":2},{"damage":36,"enemies":"Lagavulin","floor":11,"turns":4}],"seed_played":"6910976617971596913","potions_obtained":[{"floor":7,"key":"Strength Potion"},{"floor":10,"key":"Weak Potion"}],"is_trial":false,"path_per_floor":["M","?","M","M","$","R","E","M","T","M","E"],"character_chosen":"THE_SILENT","items_purchased":["Juzu Bracelet"],"campfire_rested":0,"item_purchase_floors":[5],"current_hp_per_floor":[54,54,53,53,53,53,35,25,25,21,0],"gold":293,"neow_bonus":"TWO_FIFTY_GOLD","is_prod":false,"is_daily":false,"chose_seed":false,"campfire_upgraded":1,"win_rate":0,"timestamp":1555125442,"path_taken":["M","?","?","M","$","R","E","M","T","M","E"],"build_version":"2019-01-23","purchased_purges":1,"victory":false,"max_hp_per_floor":[63,63,63,63,63,63,63,63,63,63,63],"card_choices":[{"not_picked":["Outmaneuver","Deadly Poison","Dodge and Roll"],"picked":"SKIP","floor":1},{"not_picked":["Dagger Spray","Prepared"],"picked":"Poisoned Stab","floor":3},{"not_picked":["PiercingWail","Dodge and Roll"],"picked":"Predator","floor":4},{"not_picked":["Well Laid Plans","Dagger Throw"],"picked":"Quick Slash","floor":7},{"not_picked":["Finisher","Dodge and Roll"],"picked":"Calculated Gamble","floor":8},{"not_picked":["Finisher+1","Dash+1","Deadly Poison"],"picked":"SKIP","floor":10}],"player_experience":485040,"relics_obtained":[{"floor":7,"key":"Turnip"},{"floor":9,"key":"Molten Egg 2"}],"event_choices":[{"damage_healed":0,"gold_gain":0,"player_choice":"1 cards matched","damage_taken":0,"max_hp_gain":0,"max_hp_loss":0,"event_name":"Match and Keep!","floor":2,"gold_loss":0,"cards_obtained":["Bane"]}],"is_beta":false,"boss_relics":[],"items_purged_floors":[5],"is_endless":false,"potions_floor_spawned":[7,10],"killed_by":"Lagavulin","ascension_level":1}