{"path_per_floor":["M","M","M","M","?","R","M","M","T","M","M","$","M","E","R","B",null,"M","M","$","?","?","R","?","E","T","R","M","M"],"character_chosen":"DEFECT","items_purchased":["Lantern","Bandage Up"],"gold_per_floor":[114,130,142,155,155,155,170,183,207,227,241,88,104,132,132,230,230,210,226,59,59,59,59,259,318,318,318,334,347,347],"floor_reached":30,"campfire_rested":4,"playtime":1969,"item_purchase_floors":[12,20],"current_hp_per_floor":[74,71,71,59,52,74,65,59,59,53,45,45,52,36,58,29,75,64,64,64,56,56,75,75,27,27,49,26,9,0],"items_purged":["Strike_B"],"gold":347,"score":256,"play_id":"81a23d08-e2af-4e36-ab82-900ec9c56154","local_time":"20180616203757","is_prod":false,"is_daily":false,"chose_seed":false,"is_ascension_mode":false,"campfire_upgraded":0,"win_rate":0.0,"timestamp":1529195877,"campfire_choices":[{"floor":6,"key":"REST"},{"floor":15,"key":"REST"},{"floor":23,"key":"REST"},{"floor":27,"key":"REST"}],"path_taken":["M","M","M","M","?","R","M","M","T","M","M","$","M","E","R","BOSS","M","M","$","?","?","R","?","E","T","R","?","M","M"],"build_version":"2018-06-14v2","seed_source_timestamp":85509862053563,"purchased_purges":1,"victory":false,"master_deck":["Strike_B","Defend_B","Defend_B","Defend_B","Defend_B","Zap","Core Surge","Conserve Battery","Aggregate","Rebound","Self Repair","Static Discharge","Rebound","Electrodynamics","Reinforced Body+1","Tempest+1","Chill+1","Streamline+1","Bandage Up","Ball Lightning+1","Electrodynamics"],"max_hp_per_floor":[75,75,75,75,75,75,75,75,75,75,75,75,75,75,75,75,75,75,75,75,75,75,75,75,75,75,75,75,75,75],"relics":["Cracked Core","Kunai","Happy Flower","Lantern","Bag of Marbles","Astrolabe","Tiny Chest","Bronze Scales"],"card_choices":[{"not_picked":["Go for the Eyes","Coolheaded"],"picked":"Conserve Battery","floor":1},{"not_picked":["Coolheaded","Undo"],"picked":"Aggregate","floor":2},{"not_picked":["Blizzard","Reprogram"],"picked":"Rebound","floor":3},{"not_picked":["Redo","Echo Form","Sweeping Beam"],"picked":"SKIP","floor":4},{"not_picked":["Reprogram","Sweeping Beam"],"picked":"Self Repair","floor":7},{"not_picked":["Hello World","Capacitor"],"picked":"Static Discharge","floor":8},{"not_picked":["Gash","Conserve Battery","Beam Cell"],"picked":"SKIP","floor":10},{"not_picked":["Coolheaded","Hologram","Stack"],"picked":"SKIP","floor":11},{"not_picked":["Go for the Eyes","Stack"],"picked":"Rebound","floor":13},{"not_picked":["Rebound","Turbo","Compile Driver"],"picked":"SKIP","floor":14},{"not_picked":["Multi-Cast","Meteor Strike"],"picked":"Electrodynamics","floor":16},{"not_picked":["Barrage","Compile Driver","Fusion"],"picked":"SKIP","floor":18},{"not_picked":["BootSequence","Redo"],"picked":"Streamline+1","floor":19},{"not_picked":["Barrage","Turbo"],"picked":"Ball Lightning+1","floor":25},{"not_picked":["Doom and Gloom+1","Leap"],"picked":"Electrodynamics","floor":28},{"not_picked":["Hologram","Gash","Ball Lightning"],"picked":"SKIP","floor":29}],"player_experience":97485,"potions_floor_usage":[14,16,16],"damage_taken":[{"damage":1,"enemies":"Small Slimes","floor":1,"turns":3},{"damage":3,"enemies":"Jaw Worm","floor":2,"turns":4},{"damage":0,"enemies":"Cultist","floor":3,"turns":3},{"damage":12,"enemies":"Blue Slaver","floor":4,"turns":4},{"damage":9,"enemies":"Lots of Slimes","floor":7,"turns":5},{"damage":13,"enemies":"Exordium Wildlife","floor":8,"turns":3},{"damage":13,"enemies":"2 Fungi Beasts","floor":10,"turns":4},{"damage":15,"enemies":"Exordium Thugs","floor":11,"turns":4},{"damage":0,"enemies":"Large Slime","floor":13,"turns":5},{"damage":23,"enemies":"Lagavulin","floor":14,"turns":6},{"damage":36,"enemies":"Hexaghost","floor":16,"turns":11},{"damage":11,"enemies":"2 Thieves","floor":18,"turns":4},{"damage":0,"enemies":"Chosen","floor":19,"turns":3},{"damage":48,"enemies":"Book of Stabbing","floor":25,"turns":5},{"damage":27,"enemies":"3 Cultists","floor":28,"turns":4},{"damage":21,"enemies":"Snake Plant","floor":29,"turns":2},{"damage":18,"enemies":"Sentry and Sphere","floor":30,"turns":3}],"relics_obtained":[{"floor":9,"key":"Happy Flower"},{"floor":14,"key":"Bag of Marbles"},{"floor":25,"key":"Tiny Chest"},{"floor":26,"key":"Bronze Scales"}],"event_choices":[{"event_name":"Scrap Ooze","player_choice":"success","floor":5,"damage_taken":7},{"event_name":"Knowing Skull","player_choice":"","floor":21,"damage_taken":0},{"event_name":"The Mausoleum","player_choice":"No","floor":22,"damage_taken":0},{"event_name":"Wheel of Change","player_choice":"Gold","floor":24,"damage_taken":0}],"boss_relics":[{"not_picked":["Empty Cage","Runic Pyramid"],"picked":"Astrolabe"}],"items_purged_floors":[20],"is_endless":false,"potions_floor_spawned":[4,7,8,10,11,18],"seed_played":"2319432869137649835","killed_by":"Sentry and Sphere","ascension_level":0,"potions_obtained":[{"floor":4,"key":"Ancient Potion"},{"floor":7,"key":"Strength Potion"},{"floor":8,"key":"Block Potion"},{"floor":10,"key":"Weak Potion"},{"floor":18,"key":"Strength Potion"}],"is_trial":false}