{"gold_per_floor":[117,117,38,62,62,87,9,9,35,62,74,87,87,116,116,216,266,285,285,300,300,399,424,424,452,452,452],"floor_reached":27,"playtime":1701,"items_purged":[],"score":340,"play_id":"b6b3987a-62f4-432f-89cb-89473f6888f5","local_time":"20190221140540","is_ascension_mode":false,"campfire_choices":[{"data":"Noxious Fumes","floor":8,"key":"SMITH"},{"data":"Infinite Blades","floor":13,"key":"SMITH"},{"data":"Poisoned Stab","floor":15,"key":"SMITH"},{"floor":24,"key":"REST"}],"neow_cost":"NONE","seed_source_timestamp":0,"circlet_count":0,"master_deck":["Defend_G+1","Defend_G","Defend_G","Defend_G","Defend_G","Strike_G","Strike_G","Strike_G","Strike_G","Survivor","Neutralize","Infinite Blades+1","Noxious Fumes+1","Poisoned Stab+1","Envenom","Infinite Blades+1","Backflip+1"],"special_seed":0,"relics":["Ring of the Snake","NeowsBlessing","Bronze Scales","Bag of Preparation","Vajra","Potion Belt","Gremlin Horn","Tiny House","GremlinMask","MutagenicStrength","Torii","Anchor","Pear"],"potions_floor_usage":[25,27,27,27,27],"damage_taken":[{"damage":0,"enemies":"Small Slimes","floor":1,"turns":1},{"damage":0,"enemies":"Gremlin Nob","floor":6,"turns":1},{"damage":0,"enemies":"3 Sentries","floor":10,"turns":2},{"damage":0,"enemies":"Cultist","floor":11,"turns":3},{"damage":6,"enemies":"2 Louse","floor":12,"turns":2},{"damage":6,"enemies":"Lagavulin","floor":14,"turns":7},{"damage":25,"enemies":"The Guardian","floor":16,"turns":9},{"damage":13,"enemies":"3 Byrds","floor":18,"turns":3},{"damage":5,"enemies":"Chosen","floor":20,"turns":5},{"damage":45,"enemies":"Gremlin Leader","floor":23,"turns":6},{"damage":27,"enemies":"Book of Stabbing","floor":25,"turns":6},{"damage":23,"enemies":"Slavers","floor":27,"turns":5}],"seed_played":"-9019251193635768773","potions_obtained":[{"floor":1,"key":"Energy Potion"},{"floor":6,"key":"SpeedPotion"},{"floor":11,"key":"Strength Potion"},{"floor":16,"key":"SteroidPotion"},{"floor":17,"key":"LiquidBronze"},{"floor":25,"key":"Explosive Potion"}],"is_trial":false,"path_per_floor":["M","?","$","T","?","E","$","R","T","E","M","M","R","E","R","B",null,"M","?","M","?","?","E","R","E","T","E"],"character_chosen":"THE_SILENT","items_purchased":["Infinite Blades","Noxious Fumes"],"campfire_rested":1,"item_purchase_floors":[3,7],"current_hp_per_floor":[70,70,70,70,70,70,70,70,70,70,70,64,64,58,58,33,75,62,62,57,57,57,12,34,7,17,0],"gold":452,"neow_bonus":"THREE_ENEMY_KILL","is_prod":false,"is_daily":false,"chose_seed":false,"campfire_upgraded":3,"win_rate":0.0,"timestamp":1550775940,"path_taken":["M","?","$","?","?","E","$","R","T","E","M","?","R","E","R","BOSS","M","?","?","?","?","E","R","E","T","E"],"build_version":"2019-01-23","purchased_purges":0,"victory":false,"max_hp_per_floor":[70,70,70,70,70,70,70,70,70,70,70,70,70,70,70,70,75,75,75,75,75,75,75,75,75,85,85],"card_choices":[{"not_picked":["Heel Hook","Dodge and Roll","Dagger Spray"],"picked":"SKIP","floor":1},{"not_picked":["Dodge and Roll","Distraction","Expertise"],"picked":"SKIP","floor":6},{"not_picked":["Prepared","Dagger Spray","Backflip"],"picked":"SKIP","floor":10},{"not_picked":["Outmaneuver","Underhanded Strike","Flechettes"],"picked":"SKIP","floor":11},{"not_picked":["Backflip","Wraith Form v2","Well Laid Plans"],"picked":"SKIP","floor":12},{"not_picked":["Blade Dance","Backstab"],"picked":"Poisoned Stab","floor":14},{"not_picked":["Burst","Night Terror"],"picked":"Envenom","floor":16},{"not_picked":["Outmaneuver+1","Reflex+1"],"picked":"Infinite Blades+1","floor":18},{"not_picked":["Caltrops","Choke","Slice"],"picked":"SKIP","floor":20},{"not_picked":["Footwork","Riddle With Holes","Deflect"],"picked":"SKIP","floor":23},{"not_picked":["Calculated Gamble","Underhanded Strike+1"],"picked":"Backflip+1","floor":25}],"player_experience":49175,"relics_obtained":[{"floor":4,"key":"Bronze Scales"},{"floor":6,"key":"Bag of Preparation"},{"floor":9,"key":"Vajra"},{"floor":10,"key":"Potion Belt"},{"floor":14,"key":"Gremlin Horn"},{"floor":23,"key":"Torii"},{"floor":25,"key":"Anchor"},{"floor":26,"key":"Pear"}],"event_choices":[{"cards_removed":["Strike_G"],"damage_healed":0,"gold_gain":0,"player_choice":"Purged","damage_taken":0,"max_hp_gain":0,"max_hp_loss":0,"event_name":"Purifier","floor":2,"gold_loss":0},{"damage_healed":0,"gold_gain":0,"player_choice":"Ignored","damage_taken":0,"max_hp_gain":0,"max_hp_loss":0,"event_name":"Liars Game","floor":5,"gold_loss":0},{"damage_healed":0,"gold_gain":0,"player_choice":"Trade","damage_taken":0,"relics_obtained":["GremlinMask"],"max_hp_gain":0,"max_hp_loss":0,"event_name":"FaceTrader","floor":19,"gold_loss":0},{"damage_healed":0,"gold_gain":0,"player_choice":"Inject Mutagens","damage_taken":0,"relics_obtained":["MutagenicStrength"],"max_hp_gain":0,"max_hp_loss":0,"event_name":"Drug Dealer","floor":21,"gold_loss":0},{"damage_healed":0,"gold_gain":99,"player_choice":"Stole From Cult","damage_taken":0,"max_hp_gain":0,"max_hp_loss":0,"event_name":"Nest","floor":22,"gold_loss":0}],"is_beta":false,"boss_relics":[{"not_picked":["Astrolabe","Runic Dome"],"picked":"Tiny House"}],"items_purged_floors":[],"is_endless":false,"potions_floor_spawned":[1,6,11,16,25],"killed_by":"Slavers","ascension_level":0}