{"gold_per_floor":[119,133,133,113,113,113,38,38,62,82,82,94,94,107,107,207,207,221,233,245,264,275,275,287,287,314,325,336,348,263,188,188,188],"floor_reached":33,"playtime":1119,"items_purged":["Predator"],"score":243,"play_id":"a47da6f6-6acb-4747-adc7-78885521a02c","local_time":"20180721224509","daily_mods":["Draft","Diverse"],"is_ascension_mode":false,"campfire_choices":[{"data":"Conserve Battery","floor":6,"key":"SMITH"},{"data":"Gash","floor":8,"key":"SMITH"},{"data":"Gash","floor":11,"key":"SMITH"},{"data":"Slice","floor":13,"key":"SMITH"},{"data":"Ball Lightning","floor":15,"key":"SMITH"},{"data":"Corpse Explosion","floor":23,"key":"SMITH"},{"data":"Inflame","floor":25,"key":"SMITH"},{"floor":32,"key":"REST"}],"neow_cost":"","seed_source_timestamp":313117635663150,"circlet_count":0,"master_deck":["Pommel Strike","Dagger Throw","Melter","Headbutt","Acrobatics","Ball Lightning+1","Gash+1","Headbutt","Conserve Battery+1","Dagger Spray","Slice+1","Self Repair","Conserve Battery","Gash+1","Corpse Explosion+1","Wild Strike+1","Gash","Inflame+1","Cloak And Dagger+1","Acrobatics+1","Slice","Rebound"],"relics":["Burning Blood","Omamori","Runic Pyramid","Happy Flower","Juzu Bracelet"],"potions_floor_usage":[],"damage_taken":[{"damage":7,"enemies":"Small Slimes","floor":1,"turns":2},{"damage":11,"enemies":"Jaw Worm","floor":2,"turns":3},{"damage":5,"enemies":"2 Louse","floor":10,"turns":2},{"damage":10,"enemies":"Exordium Thugs","floor":12,"turns":3},{"damage":10,"enemies":"Looter","floor":14,"turns":2},{"damage":4,"enemies":"Slime Boss","floor":16,"turns":5},{"damage":10,"enemies":"Chosen","floor":18,"turns":3},{"damage":0,"enemies":"Spheric Guardian","floor":19,"turns":1},{"damage":25,"enemies":"Centurion and Healer","floor":20,"turns":3},{"damage":3,"enemies":"Chosen and Byrds","floor":21,"turns":4},{"damage":14,"enemies":"3 Cultists","floor":22,"turns":4},{"damage":12,"enemies":"Centurion and Healer","floor":24,"turns":3},{"damage":31,"enemies":"Slaver and Parasite","floor":27,"turns":4},{"damage":24,"enemies":"Snecko","floor":28,"turns":4},{"damage":0,"enemies":"Sentry and Sphere","floor":29,"turns":3},{"damage":83,"enemies":"Champ","floor":33,"turns":7}],"seed_played":"-2372186411074490975","potions_obtained":[{"floor":4,"key":"Swift Potion"},{"floor":12,"key":"Strength Potion"},{"floor":14,"key":"LiquidBronze"},{"floor":22,"key":"Fire Potion"},{"floor":27,"key":"PowerPotion"}],"is_trial":true,"path_per_floor":["M","M","?","?","?","R","$","R","T","M","R","M","R","M","R","B",null,"M","M","M","M","M","R","M","R","T","M","M","M","?","?","R"],"character_chosen":"IRONCLAD","items_purchased":[],"campfire_rested":1,"item_purchase_floors":[],"current_hp_per_floor":[80,80,80,80,80,80,80,80,80,80,80,80,80,80,80,80,80,80,80,68,78,77,77,71,71,71,53,35,41,41,41,65,0],"gold":188,"neow_bonus":"","is_prod":false,"is_daily":false,"chose_seed":false,"campfire_upgraded":7,"win_rate":0.0,"timestamp":1532227509,"path_taken":["M","M","?","?","?","R","$","R","T","M","R","?","R","M","R","BOSS","M","M","M","M","M","R","M","R","T","M","M","M","?","?","R","BOSS"],"build_version":"2018-07-19v2","purchased_purges":1,"victory":false,"max_hp_per_floor":[80,80,80,80,80,80,80,80,80,80,80,80,80,80,80,80,80,80,80,80,80,80,80,80,80,80,80,80,80,80,80,80,80],"card_choices":[{"not_picked":["True Grit","Deadly Poison"],"picked":"Defragment","floor":0},{"not_picked":["Warcry","Ghostly Armor"],"picked":"Pommel Strike","floor":0},{"not_picked":["Setup","Dodge and Roll"],"picked":"Dagger Throw","floor":0},{"not_picked":["Anger","Quick Slash"],"picked":"Melter","floor":0},{"not_picked":["Dual Wield","Expertise"],"picked":"Headbutt","floor":0},{"not_picked":["Infernal Blade","Armaments"],"picked":"Acrobatics","floor":0},{"not_picked":["Heavy Blade","Steam"],"picked":"Ball Lightning","floor":0},{"not_picked":["Armaments","Perfected Strike"],"picked":"Gash","floor":0},{"not_picked":["Cold Snap","Accuracy"],"picked":"Blood for Blood","floor":0},{"not_picked":["True Grit","Steam"],"picked":"Headbutt","floor":0},{"not_picked":["Doom and Gloom","Ball Lightning"],"picked":"Conserve Battery","floor":0},{"not_picked":["Twin Strike","Storm"],"picked":"Dagger Spray","floor":0},{"not_picked":["Leap","Thunderclap"],"picked":"Slice","floor":0},{"not_picked":["Force Field","Clash"],"picked":"Predator","floor":0},{"not_picked":["Footwork","Prepared"],"picked":"Self Repair","floor":0},{"not_picked":["Disarm","Bloodletting"],"picked":"Conserve Battery","floor":1},{"not_picked":["Hologram","Heavy Blade"],"picked":"Gash","floor":2},{"not_picked":["Deadly Poison","Thunderclap","True Grit"],"picked":"SKIP","floor":10},{"not_picked":["Storm of Steel","Carnage","Iron Wave"],"picked":"SKIP","floor":12},{"not_picked":["Heatsinks","Warcry","Body Slam"],"picked":"SKIP","floor":14},{"not_picked":["Seek","Immolate"],"picked":"Corpse Explosion","floor":16},{"not_picked":["Anger","Corruption+1"],"picked":"Wild Strike+1","floor":18},{"not_picked":["Well Laid Plans","Accuracy"],"picked":"Gash","floor":19},{"not_picked":["Sweeping Beam","Stack"],"picked":"Inflame","floor":20},{"not_picked":["Caltrops+1","Cleave","Flame Barrier"],"picked":"SKIP","floor":21},{"not_picked":["Bludgeon","Coolheaded"],"picked":"Cloak And Dagger+1","floor":22},{"not_picked":["Twin Strike","Barrage+1"],"picked":"Acrobatics+1","floor":24},{"not_picked":["Seeing Red","Perfected Strike+1","Armaments"],"picked":"SKIP","floor":27},{"not_picked":["Compile Driver","Rage+1"],"picked":"Slice","floor":28},{"not_picked":["Coolheaded+1","Cloak And Dagger"],"picked":"Rebound","floor":29}],"player_experience":289664,"relics_obtained":[{"floor":9,"key":"Omamori"},{"floor":26,"key":"Happy Flower"}],"event_choices":[{"event_name":"Liars Game","player_choice":"disagreed","floor":3,"damage_taken":0},{"event_name":"The Woman in Blue","player_choice":"Bought 1 Potion","floor":4,"damage_taken":0},{"event_name":"Purifier","player_choice":"One Purge","floor":5,"damage_taken":0},{"event_name":"Addict","player_choice":"Obtained Relic","floor":30,"damage_taken":0},{"event_name":"Beggar","player_choice":"Gave Gold","floor":31,"damage_taken":0}],"is_beta":false,"boss_relics":[{"not_picked":["Pandora\u0027s Box","Ectoplasm"],"picked":"Runic Pyramid"}],"items_purged_floors":[7],"is_endless":false,"potions_floor_spawned":[12,14,22,27,28,29],"killed_by":"Champ","ascension_level":0}