{"gold_per_floor":[117,133,149,165,165,165,192,192,192,211,211,227,251,271,271,271],"floor_reached":16,"playtime":484,"items_purged":[],"score":104,"play_id":"0e447f56-4fb2-42b9-bd47-8e7fc1c61b61","local_time":"20190415205442","is_ascension_mode":false,"campfire_choices":[{"data":"Armaments","floor":6,"key":"SMITH"},{"floor":8,"key":"DIG"},{"floor":11,"key":"DIG"},{"floor":15,"key":"DIG"}],"neow_cost":"PERCENT_DAMAGE","seed_source_timestamp":25284619995355,"circlet_count":0,"master_deck":["Strike_R","Strike_R","Strike_R","Strike_R","Strike_R","Defend_R","Defend_R","Defend_R","Defend_R","Bash","Spot Weakness","Armaments+1","Heavy Blade","Headbutt","Regret","Intimidate","Flex","Sword Boomerang+1"],"relics":["Burning Blood","Magic Flower","Shovel","Molten Egg 2","Darkstone Periapt","Frozen Egg 2","Unceasing Top","Dream Catcher","PreservedInsect"],"potions_floor_usage":[16],"damage_taken":[{"damage":10,"enemies":"Cultist","floor":1,"turns":4},{"damage":11,"enemies":"Jaw Worm","floor":2,"turns":2},{"damage":0,"enemies":"2 Louse","floor":3,"turns":3},{"damage":5,"enemies":"Looter","floor":4,"turns":4},{"damage":38,"enemies":"Gremlin Nob","floor":7,"turns":5},{"damage":2,"enemies":"Exordium Wildlife","floor":10,"turns":4},{"damage":13,"enemies":"Blue Slaver","floor":12,"turns":5},{"damage":18,"enemies":"Gremlin Gang","floor":14,"turns":7},{"damage":65,"enemies":"Slime Boss","floor":16,"turns":9}],"seed_played":"1077944036968303367","potions_obtained":[{"floor":1,"key":"SpeedPotion"},{"floor":3,"key":"Regen Potion"},{"floor":10,"key":"Ancient Potion"}],"is_trial":false,"path_per_floor":["M","M","M","M","?","R","E","R","T","M","R","M","T","M","R","B"],"character_chosen":"IRONCLAD","items_purchased":[],"campfire_rested":0,"item_purchase_floors":[],"current_hp_per_floor":[55,53,62,66,66,66,37,37,37,44,44,40,40,31,31,0],"gold":271,"neow_bonus":"ONE_RARE_RELIC","is_prod":false,"is_daily":false,"chose_seed":false,"campfire_upgraded":1,"win_rate":0,"timestamp":1555383282,"path_taken":["M","M","M","?","?","R","E","R","T","M","R","M","?","M","R","BOSS"],"build_version":"2019-01-23","purchased_purges":0,"victory":false,"max_hp_per_floor":[80,80,80,80,80,80,80,80,80,80,80,80,80,80,80,80],"card_choices":[{"not_picked":["Second Wind","True Grit"],"picked":"Spot Weakness","floor":1},{"not_picked":["Sentinel","Pommel Strike"],"picked":"Armaments","floor":2},{"not_picked":["Feel No Pain","Ghostly Armor"],"picked":"Heavy Blade","floor":3},{"not_picked":["Havoc","Warcry"],"picked":"Headbutt","floor":4},{"not_picked":["Clash","Bloodletting"],"picked":"Intimidate","floor":7},{"not_picked":["Burning Pact","Cleave+1","Barricade+1"],"picked":"SKIP","floor":10},{"not_picked":["Iron Wave+1","Armaments"],"picked":"Flex","floor":12},{"not_picked":["Sever Soul+1","Anger+1"],"picked":"Sword Boomerang+1","floor":14}],"player_experience":1224311,"relics_obtained":[{"floor":7,"key":"Molten Egg 2"},{"floor":8,"key":"Darkstone Periapt"},{"floor":9,"key":"Frozen Egg 2"},{"floor":11,"key":"Unceasing Top"},{"floor":13,"key":"Dream Catcher"},{"floor":15,"key":"PreservedInsect"}],"event_choices":[{"damage_healed":0,"gold_gain":0,"player_choice":"Box","damage_taken":0,"relics_obtained":["Shovel"],"max_hp_gain":0,"max_hp_loss":0,"event_name":"Big Fish","floor":5,"gold_loss":0,"cards_obtained":["Regret"]}],"is_beta":false,"boss_relics":[],"items_purged_floors":[],"is_endless":false,"potions_floor_spawned":[1,3,10,12],"killed_by":"Slime Boss","ascension_level":0}