{"gold_per_floor":[117,117,131,141,156,156,182,182,260,292,292,319,319,319,319,398,398,411,429,354,354,368,368,368,401,447,447,447,447,473,490,490,490],"floor_reached":33,"playtime":1947,"items_purged":[],"score":572,"play_id":"385671d6-433e-49c4-960c-b11c5368a534","local_time":"20190313221141","is_ascension_mode":true,"campfire_choices":[{"data":"Thunderclap","floor":6,"key":"SMITH"},{"floor":8,"key":"REST"},{"floor":11,"key":"REST"},{"data":"Armaments","floor":13,"key":"SMITH"},{"data":"Cleave","floor":15,"key":"SMITH"},{"floor":23,"key":"REST"},{"floor":29,"key":"REST"},{"floor":32,"key":"REST"}],"neow_cost":"NONE","seed_source_timestamp":843950140855477,"circlet_count":0,"master_deck":["AscendersBane","Strike_R+1","Strike_R+1","Strike_R+1","Strike_R+1","Strike_R+1","Defend_R+1","Defend_R+1","Defend_R+1","Defend_R+1","Bash","Thunderclap+1","Uppercut+1","Metallicize","Feel No Pain","Reckless Charge","Cleave+1","Armaments+1","Dark Embrace+1","Shrug It Off","Infernal Blade+1","Offering","Disarm","Ghostly Armor"],"relics":["Burning Blood","Thread and Needle","Shuriken","Juzu Bracelet","Red Skull","Runic Cube","Question Card","Vajra","Ice Cream"],"potions_floor_usage":[7,7,7,10,25,30,33],"damage_taken":[{"damage":12,"enemies":"Small Slimes","floor":1,"turns":4},{"damage":9,"enemies":"2 Louse","floor":3,"turns":2},{"damage":1,"enemies":"Cultist","floor":4,"turns":3},{"damage":14,"enemies":"Looter","floor":5,"turns":3},{"damage":38,"enemies":"Lagavulin","floor":7,"turns":8},{"damage":17,"enemies":"3 Sentries","floor":10,"turns":9},{"damage":19,"enemies":"Lagavulin","floor":12,"turns":7},{"damage":25,"enemies":"Slime Boss","floor":16,"turns":9},{"damage":35,"enemies":"Shell Parasite","floor":18,"turns":5},{"damage":8,"enemies":"Chosen","floor":19,"turns":5},{"damage":13,"enemies":"Centurion and Healer","floor":22,"turns":6},{"damage":55,"enemies":"Book of Stabbing","floor":25,"turns":5},{"damage":43,"enemies":"Slavers","floor":30,"turns":5},{"damage":15,"enemies":"Chosen and Byrds","floor":31,"turns":6},{"damage":47,"enemies":"Champ","floor":33,"turns":14}],"seed_played":"5401468949323446860","potions_obtained":[{"floor":4,"key":"EntropicBrew"},{"floor":5,"key":"Poison Potion"},{"floor":10,"key":"Fruit Juice"},{"floor":22,"key":"SpeedPotion"},{"floor":25,"key":"Regen Potion"}],"is_trial":false,"path_per_floor":["M","?","M","M","M","R","E","R","T","E","R","E","R","?","R","B",null,"M","M","?","?","M","R","?","E","T","?","?","R","E","M","R","B"],"character_chosen":"IRONCLAD","items_purchased":[],"campfire_rested":5,"item_purchase_floors":[],"current_hp_per_floor":[62,62,59,64,56,56,24,46,46,40,64,51,51,51,51,32,68,39,37,37,37,30,54,54,10,10,26,26,50,27,18,42,0],"gold":490,"neow_bonus":"THREE_CARDS","is_prod":false,"is_daily":false,"chose_seed":false,"campfire_upgraded":3,"win_rate":0,"timestamp":1552540301,"path_taken":["M","?","M","M","M","R","E","R","T","E","R","E","R","?","R","BOSS","M","M","?","?","M","R","?","E","T","?","?","R","E","M","R","BOSS"],"build_version":"2019-01-23","purchased_purges":0,"victory":false,"max_hp_per_floor":[75,75,75,75,75,75,75,75,75,80,80,80,80,80,80,80,80,80,80,80,80,80,80,80,80,80,80,80,80,80,80,80,80],"card_choices":[{"not_picked":["Heavy Blade","Flame Barrier"],"picked":"Thunderclap","floor":0},{"not_picked":["Cleave","Blood for Blood"],"picked":"Uppercut","floor":1},{"not_picked":["Body Slam","Twin Strike"],"picked":"Metallicize","floor":3},{"not_picked":["Warcry","Power Through"],"picked":"Feel No Pain","floor":4},{"not_picked":["Twin Strike","Combust"],"picked":"Reckless Charge","floor":5},{"not_picked":["Clothesline","Twin Strike"],"picked":"Whirlwind","floor":7},{"not_picked":["Anger","Burning Pact"],"picked":"Cleave","floor":10},{"not_picked":["Thunderclap","Clash"],"picked":"Armaments","floor":12},{"not_picked":["Berserk","Demon Form"],"picked":"Dark Embrace","floor":16},{"not_picked":["Fire Breathing","Armaments","Body Slam"],"picked":"SKIP","floor":18},{"not_picked":["Warcry","Wild Strike"],"picked":"Shrug It Off","floor":19},{"not_picked":["Corruption","Thunderclap"],"picked":"Infernal Blade+1","floor":22},{"not_picked":["Second Wind","Warcry"],"picked":"Offering","floor":25},{"not_picked":["Sword Boomerang","Body Slam","Shrug It Off"],"picked":"Disarm","floor":30},{"not_picked":["Corruption","Pommel Strike","Cleave"],"picked":"Ghostly Armor","floor":31}],"player_experience":613887,"relics_obtained":[{"floor":7,"key":"Thread and Needle"},{"floor":9,"key":"Shuriken"},{"floor":10,"key":"Juzu Bracelet"},{"floor":12,"key":"Red Skull"},{"floor":25,"key":"Question Card"},{"floor":26,"key":"Vajra"},{"floor":30,"key":"Ice Cream"}],"event_choices":[{"damage_healed":0,"gold_gain":0,"player_choice":"Leave","damage_taken":0,"max_hp_gain":0,"max_hp_loss":0,"event_name":"The Cleric","floor":2,"gold_loss":0},{"damage_healed":0,"gold_gain":0,"player_choice":"Grow","damage_taken":0,"max_hp_gain":0,"max_hp_loss":0,"event_name":"Living Wall","floor":14,"gold_loss":0,"cards_upgraded":["Uppercut"]},{"cards_removed":["Whirlwind"],"damage_healed":0,"gold_gain":0,"player_choice":"Gave Gold","damage_taken":0,"max_hp_gain":0,"max_hp_loss":0,"event_name":"Beggar","floor":20,"gold_loss":75},{"damage_healed":0,"gold_gain":0,"player_choice":"Forge","damage_taken":0,"max_hp_gain":0,"max_hp_loss":0,"event_name":"Accursed Blacksmith","floor":21,"gold_loss":0,"cards_upgraded":["Dark Embrace"]},{"damage_healed":0,"gold_gain":0,"player_choice":"Simplicity","damage_taken":0,"max_hp_gain":0,"max_hp_loss":0,"event_name":"Back to Basics","floor":24,"gold_loss":0,"cards_upgraded":["Strike_R","Strike_R","Strike_R","Strike_R","Strike_R","Defend_R","Defend_R","Defend_R","Defend_R"]},{"damage_healed":16,"gold_gain":0,"player_choice":"Heal","damage_taken":0,"max_hp_gain":0,"max_hp_loss":0,"event_name":"The Library","floor":27,"gold_loss":0},{"damage_healed":0,"gold_gain":0,"player_choice":"Ignored","damage_taken":0,"max_hp_gain":0,"max_hp_loss":0,"event_name":"Vampires","floor":28,"gold_loss":0}],"is_beta":false,"boss_relics":[{"not_picked":["Coffee Dripper","Lizard Tail"],"picked":"Runic Cube"}],"items_purged_floors":[],"is_endless":false,"potions_floor_spawned":[4,5,10,22,25],"killed_by":"Champ","ascension_level":18}