{"gold_per_floor":[119,119,131,56,56,81,29,49,49,75,13,32,32,42,42,137,137,152,162,94,94,113,113,28,28,28,44,44,44,44,79,79,182,182,195,210,210,310,333,333,361,361,387,387,413,427,441,459,459,459],"floor_reached":51,"playtime":2955,"items_purged":["Strike_R"],"score":844,"play_id":"97a8904f-6ea0-43d8-be1c-0e2bc6fb7adc","local_time":"20190310103318","is_ascension_mode":true,"campfire_choices":[{"floor":13,"key":"REST"},{"data":"True Grit","floor":15,"key":"SMITH"},{"data":"True Grit","floor":23,"key":"SMITH"},{"data":"Limit Break","floor":25,"key":"SMITH"},{"data":"Heavy Blade","floor":29,"key":"SMITH"},{"data":"Inflame","floor":32,"key":"SMITH"},{"data":"Inflame","floor":40,"key":"SMITH"},{"data":"Spot Weakness","floor":44,"key":"SMITH"},{"data":"Pommel Strike","floor":49,"key":"SMITH"}],"neow_cost":"NONE","seed_source_timestamp":6500935230636,"circlet_count":0,"master_deck":["Strike_R","Strike_R","Strike_R","Strike_R","Defend_R","Defend_R","Defend_R","Bash+1","Pommel Strike+1","Heavy Blade+1","Spot Weakness+1","True Grit+1","True Grit+1","Flame Barrier+1","Offering","Limit Break+1","Inflame+1","Thunderclap+1","Heavy Blade+1","Inflame+1","Offering","Shrug It Off","Parasite","Shrug It Off+1"],"relics":["Burning Blood","NeowsBlessing","StoneCalendar","Odd Mushroom","Potion Belt","Lantern","Strawberry","Coffee Dripper","MutagenicStrength","Matryoshka","Centennial Puzzle","Bottled Tornado","Pantograph","Lizard Tail","Du-Vu Doll","Anchor","Happy Flower","Meat on the Bone","PreservedInsect","Pen Nib"],"potions_floor_usage":[18,33,50,50,50],"damage_taken":[{"damage":0,"enemies":"Small Slimes","floor":1,"turns":1},{"damage":0,"enemies":"Cultist","floor":3,"turns":1},{"damage":0,"enemies":"Gremlin Nob","floor":6,"turns":1},{"damage":53,"enemies":"The Mushroom Lair","floor":8,"turns":7},{"damage":28,"enemies":"3 Sentries","floor":10,"turns":7},{"damage":2,"enemies":"Jaw Worm","floor":12,"turns":3},{"damage":0,"enemies":"Large Slime","floor":14,"turns":6},{"damage":31,"enemies":"The Guardian","floor":16,"turns":12},{"damage":7,"enemies":"2 Thieves","floor":18,"turns":4},{"damage":12,"enemies":"Shell Parasite","floor":19,"turns":3},{"damage":6,"enemies":"Centurion and Healer","floor":22,"turns":4},{"damage":6,"enemies":"3 Cultists","floor":27,"turns":4},{"damage":15,"enemies":"Colosseum Slavers","floor":28,"turns":3},{"damage":15,"enemies":"Slavers","floor":31,"turns":5},{"damage":22,"enemies":"Champ","floor":33,"turns":4},{"damage":0,"enemies":"Orb Walker","floor":35,"turns":2},{"damage":9,"enemies":"3 Shapes","floor":36,"turns":5},{"damage":3,"enemies":"Mind Bloom Boss Battle","floor":38,"turns":5},{"damage":16,"enemies":"Giant Head","floor":41,"turns":5},{"damage":6,"enemies":"Reptomancer","floor":45,"turns":2},{"damage":6,"enemies":"Writhing Mass","floor":46,"turns":4},{"damage":0,"enemies":"3 Darklings","floor":47,"turns":2},{"damage":6,"enemies":"Transient","floor":48,"turns":5},{"damage":56,"enemies":"Awakened One","floor":50,"turns":5}],"seed_played":"-1267669722642525349","potions_obtained":[{"floor":6,"key":"Explosive Potion"},{"floor":10,"key":"Block Potion"},{"floor":12,"key":"Regen Potion"},{"floor":14,"key":"Energy Potion"},{"floor":16,"key":"SteroidPotion"},{"floor":19,"key":"LiquidBronze"},{"floor":33,"key":"Ancient Potion"},{"floor":45,"key":"Strength Potion"}],"is_trial":false,"path_per_floor":["M","?","M","$","?","E","$","?","T","E","?","M","R","M","R","B",null,"M","M","$","?","M","R","?","R","T","M","?","R","?","E","R","B",null,"M","M","?","?","T","R","E","?","T","R","E","M","M","M","R","B",null],"character_chosen":"IRONCLAD","items_purchased":["True Grit","Inflame"],"campfire_rested":1,"item_purchase_floors":[7,20],"current_hp_per_floor":[80,80,80,80,85,85,85,38,38,16,23,27,54,60,60,35,92,91,85,85,85,85,85,85,85,85,85,76,76,76,67,67,76,92,92,89,89,92,92,92,82,82,82,82,82,82,88,88,88,54],"gold":459,"neow_bonus":"THREE_ENEMY_KILL","is_prod":false,"is_daily":false,"chose_seed":false,"campfire_upgraded":8,"win_rate":0,"timestamp":1552210398,"path_taken":["M","?","M","?","?","E","$","?","T","E","?","M","R","M","R","BOSS","M","M","?","?","M","R","?","R","T","?","?","R","?","E","R","BOSS","M","?","?","?","?","R","E","?","T","R","E","M","?","M","R","BOSS"],"build_version":"2019-01-23","purchased_purges":1,"victory":true,"max_hp_per_floor":[80,80,80,80,85,85,85,85,85,85,92,92,92,92,92,92,92,92,92,92,92,92,92,92,92,92,92,92,92,92,92,92,92,92,92,92,92,92,92,92,92,92,92,92,92,92,92,92,92,92],"card_choices":[{"not_picked":["Armaments","Heavy Blade"],"picked":"Pommel Strike","floor":1},{"not_picked":["Carnage","True Grit"],"picked":"Heavy Blade","floor":3},{"not_picked":["Thunderclap","Second Wind"],"picked":"Spot Weakness","floor":6},{"not_picked":["Warcry","Iron Wave"],"picked":"True Grit","floor":10},{"not_picked":["Twin Strike","Pommel Strike"],"picked":"Flame Barrier","floor":12},{"not_picked":["Dual Wield","Wild Strike"],"picked":"Offering","floor":14},{"not_picked":["Dark Embrace","Impervious"],"picked":"Limit Break","floor":16},{"not_picked":["Anger+1","True Grit+1","Body Slam"],"picked":"SKIP","floor":18},{"not_picked":["Barricade","Clothesline","Infernal Blade+1"],"picked":"SKIP","floor":19},{"not_picked":["Corruption","Havoc+1"],"picked":"Thunderclap+1","floor":22},{"not_picked":["Clash+1","Body Slam"],"picked":"Heavy Blade+1","floor":27},{"not_picked":["Body Slam","Twin Strike"],"picked":"Inflame","floor":31},{"not_picked":["Barricade","Bludgeon"],"picked":"Offering","floor":33},{"not_picked":["Wild Strike+1","Ghostly Armor+1","Armaments"],"picked":"SKIP","floor":35},{"not_picked":["Clothesline+1","Infernal Blade+1"],"picked":"Shrug It Off","floor":36},{"not_picked":["Inflame+1","Spot Weakness+1","Rupture"],"picked":"SKIP","floor":41},{"not_picked":["Metallicize","Infernal Blade","Thunderclap"],"picked":"SKIP","floor":45},{"not_picked":["Dropkick","Spot Weakness+1"],"picked":"Shrug It Off+1","floor":46},{"not_picked":["Thunderclap+1","Twin Strike","Havoc+1"],"picked":"SKIP","floor":47},{"not_picked":["Clothesline","Thunderclap","Cleave+1"],"picked":"SKIP","floor":48}],"player_experience":32481,"relics_obtained":[{"floor":6,"key":"StoneCalendar"},{"floor":8,"key":"Odd Mushroom"},{"floor":9,"key":"Potion Belt"},{"floor":10,"key":"Lantern"},{"floor":26,"key":"Centennial Puzzle"},{"floor":26,"key":"Bottled Tornado"},{"floor":31,"key":"Pantograph"},{"floor":38,"key":"Du-Vu Doll"},{"floor":39,"key":"Anchor"},{"floor":39,"key":"Happy Flower"},{"floor":41,"key":"Meat on the Bone"},{"floor":43,"key":"PreservedInsect"},{"floor":45,"key":"Pen Nib"}],"event_choices":[{"damage_healed":0,"gold_gain":0,"player_choice":"Forge","damage_taken":0,"max_hp_gain":0,"max_hp_loss":0,"event_name":"Accursed Blacksmith","floor":2,"gold_loss":0,"cards_upgraded":["Bash"]},{"damage_healed":0,"gold_gain":0,"player_choice":"Donut","damage_taken":0,"max_hp_gain":5,"max_hp_loss":0,"event_name":"Big Fish","floor":5,"gold_loss":0},{"damage_healed":0,"gold_gain":0,"player_choice":"Fought Mushrooms","damage_taken":0,"max_hp_gain":0,"max_hp_loss":0,"event_name":"Mushrooms","floor":8,"gold_loss":0},{"damage_healed":0,"gold_gain":0,"player_choice":"Paid Gold","damage_taken":0,"relics_obtained":["Strawberry"],"max_hp_gain":0,"max_hp_loss":0,"event_name":"WeMeetAgain","floor":11,"gold_loss":62},{"damage_healed":0,"gold_gain":0,"player_choice":"Inject Mutagens","damage_taken":0,"relics_obtained":["MutagenicStrength"],"max_hp_gain":0,"max_hp_loss":0,"event_name":"Drug Dealer","floor":21,"gold_loss":0},{"damage_healed":0,"gold_gain":0,"player_choice":"Obtained Relic","damage_taken":0,"relics_obtained":["Matryoshka"],"max_hp_gain":0,"max_hp_loss":0,"event_name":"Addict","floor":24,"gold_loss":85},{"damage_healed":0,"gold_gain":0,"player_choice":"Fight","damage_taken":0,"max_hp_gain":0,"max_hp_loss":0,"event_name":"Colosseum","floor":28,"gold_loss":0},{"damage_healed":0,"gold_gain":0,"player_choice":"Fled From Nobs","damage_taken":0,"max_hp_gain":0,"max_hp_loss":0,"event_name":"Colosseum","floor":28,"gold_loss":0},{"damage_healed":0,"gold_gain":0,"player_choice":"Upgraded","damage_taken":0,"max_hp_gain":0,"max_hp_loss":0,"event_name":"Upgrade Shrine","floor":30,"gold_loss":0,"cards_upgraded":["Flame Barrier"]},{"cards_removed":["Defend_R"],"damage_healed":0,"gold_gain":0,"player_choice":"Removed Skill","damage_taken":0,"max_hp_gain":0,"max_hp_loss":0,"event_name":"Falling","floor":37,"gold_loss":0},{"damage_healed":0,"gold_gain":0,"player_choice":"Fight","damage_taken":0,"max_hp_gain":0,"max_hp_loss":0,"event_name":"MindBloom","floor":38,"gold_loss":0},{"damage_healed":0,"gold_gain":0,"player_choice":"Ignored","damage_taken":0,"max_hp_gain":0,"max_hp_loss":0,"event_name":"SecretPortal","floor":42,"gold_loss":0}],"is_beta":false,"boss_relics":[{"not_picked":["Cursed Key","Eternal Feather"],"picked":"Coffee Dripper"},{"not_picked":["Snecko Eye","Sozu"],"picked":"Lizard Tail"}],"items_purged_floors":[4],"is_endless":false,"potions_floor_spawned":[6,10,12,14,16,19,33,45,46,48],"ascension_level":1}