{"gold_per_floor":[115,115,115,135,149,149,168,14,14,39,63,86,86,100,100,225,225,209,45,45,45,61,61,61,61,111,111,124,124],"floor_reached":29,"playtime":946,"items_purged":["Defend_G"],"score":242,"play_id":"e44cc134-7a0b-4598-8673-2949470e7127","local_time":"20190210104614","is_ascension_mode":false,"campfire_choices":[{"data":"Infinite Blades","floor":6,"key":"SMITH"},{"floor":13,"key":"REST"},{"floor":15,"key":"REST"},{"floor":23,"key":"REST"},{"data":"Adrenaline","floor":25,"key":"SMITH"}],"neow_cost":"NONE","seed_source_timestamp":7760038274695,"circlet_count":0,"master_deck":["Defend_G","Defend_G","Defend_G","Defend_G","Survivor","Neutralize","Accuracy","Infinite Blades+1","Backflip","Accuracy","Cloak And Dagger","Adrenaline+1","The Bomb","Choke+1","Bite","Bite","Bite","Bite","Bite"],"relics":["Ring of the Snake","Golden Idol","Matryoshka","Runic Pyramid","Dodecahedron","Vajra"],"potions_floor_usage":[16,16],"damage_taken":[{"damage":5,"enemies":"Small Slimes","floor":1,"turns":4},{"damage":1,"enemies":"2 Louse","floor":4,"turns":4},{"damage":2,"enemies":"Jaw Worm","floor":5,"turns":4},{"damage":4,"enemies":"Blue Slaver","floor":7,"turns":4},{"damage":0,"enemies":"Large Slime","floor":10,"turns":5},{"damage":9,"enemies":"3 Louse","floor":11,"turns":5},{"damage":20,"enemies":"Exordium Thugs","floor":12,"turns":5},{"damage":28,"enemies":"Lots of Slimes","floor":14,"turns":4},{"damage":27,"enemies":"Slime Boss","floor":16,"turns":8},{"damage":32,"enemies":"2 Thieves","floor":18,"turns":4},{"damage":20,"enemies":"3 Byrds","floor":22,"turns":3},{"damage":31,"enemies":"Snecko","floor":28,"turns":6},{"damage":35,"enemies":"Sentry and Sphere","floor":29,"turns":3}],"seed_played":"4356004258368338661","potions_obtained":[{"floor":1,"key":"Energy Potion"},{"floor":10,"key":"Poison Potion"},{"floor":14,"key":"Strength Potion"},{"floor":16,"key":"SkillPotion"},{"floor":18,"key":"Block Potion"}],"is_trial":false,"path_per_floor":["M","?","?","M","M","R","M","$","T","M","M","M","R","M","R","B",null,"M","$","?","?","M","R","?","R","T","?","M","M"],"character_chosen":"THE_SILENT","items_purchased":["Accuracy","The Bomb"],"campfire_rested":3,"item_purchase_floors":[8,19],"current_hp_per_floor":[72,71,71,70,68,68,64,64,64,64,55,35,56,28,49,22,71,39,39,39,39,19,40,40,40,40,40,21,0],"gold":124,"neow_bonus":"TEN_PERCENT_HP_BONUS","is_prod":false,"is_daily":false,"chose_seed":false,"campfire_upgraded":2,"win_rate":0,"timestamp":1549813574,"path_taken":["M","?","?","M","M","R","M","$","T","M","M","M","R","M","R","BOSS","M","$","?","?","M","R","?","R","T","?","M","M"],"build_version":"2019-01-23","purchased_purges":1,"victory":false,"max_hp_per_floor":[77,71,71,71,71,71,71,71,71,71,71,71,71,71,71,71,71,71,71,71,71,71,71,49,49,49,49,49,49],"card_choices":[{"not_picked":["Choke","Outmaneuver"],"picked":"Accuracy","floor":1},{"not_picked":["Blade Dance","Caltrops"],"picked":"Infinite Blades","floor":4},{"not_picked":["Dodge and Roll","Expertise"],"picked":"Backflip","floor":5},{"not_picked":["Acrobatics","Leg Sweep","Corpse Explosion"],"picked":"SKIP","floor":7},{"not_picked":["Quick Slash","Outmaneuver","Underhanded Strike"],"picked":"SKIP","floor":10},{"not_picked":["PiercingWail","Footwork","Underhanded Strike"],"picked":"SKIP","floor":11},{"not_picked":["Acrobatics","Leg Sweep","Underhanded Strike"],"picked":"SKIP","floor":12},{"not_picked":["Blur","Die Die Die"],"picked":"Cloak And Dagger","floor":14},{"not_picked":["Grand Finale","Wraith Form v2"],"picked":"Adrenaline","floor":16},{"not_picked":["Dagger Throw","Calculated Gamble","Slice"],"picked":"SKIP","floor":18},{"not_picked":["Underhanded Strike","Bouncing Flask+1","Choke+1"],"picked":"SKIP","floor":22},{"not_picked":["Underhanded Strike","Bouncing Flask+1"],"picked":"Choke+1","floor":22},{"not_picked":["Bane","Acrobatics+1","Flying Knee"],"picked":"SKIP","floor":28}],"player_experience":372635,"relics_obtained":[{"floor":9,"key":"Matryoshka"},{"floor":26,"key":"Dodecahedron"},{"floor":26,"key":"Vajra"}],"event_choices":[{"damage_healed":0,"gold_gain":0,"player_choice":"Lose Max HP","damage_taken":0,"relics_obtained":["Golden Idol"],"max_hp_gain":0,"max_hp_loss":6,"event_name":"Golden Idol","floor":2,"gold_loss":0},{"damage_healed":0,"gold_gain":0,"player_choice":"Ignored","damage_taken":0,"max_hp_gain":0,"max_hp_loss":0,"event_name":"Liars Game","floor":3,"gold_loss":0},{"damage_healed":0,"gold_gain":0,"player_choice":"Ignored","damage_taken":0,"max_hp_gain":0,"max_hp_loss":0,"event_name":"Beggar","floor":20,"gold_loss":0},{"damage_healed":0,"gold_gain":0,"player_choice":"Ignored","damage_taken":0,"max_hp_gain":0,"max_hp_loss":0,"event_name":"The Mausoleum","floor":21,"gold_loss":0},{"damage_healed":0,"gold_gain":0,"player_choice":"Became a vampire","damage_taken":0,"max_hp_gain":0,"max_hp_loss":22,"event_name":"Vampires","floor":24,"gold_loss":0,"cards_obtained":["Bite","Bite","Bite","Bite","Bite"]},{"damage_healed":0,"gold_gain":0,"player_choice":"Ignored","damage_taken":0,"max_hp_gain":0,"max_hp_loss":0,"event_name":"Ghosts","floor":27,"gold_loss":0}],"is_beta":false,"boss_relics":[{"not_picked":["Eternal Feather","Lizard Tail"],"picked":"Runic Pyramid"}],"items_purged_floors":[8],"is_endless":false,"potions_floor_spawned":[1,10,14,16,18,28],"killed_by":"Sentry and Sphere","ascension_level":0}