{"gold_per_floor":[112,37,37,53,71,71,105,105,151,171,191,191,191,211,211,310,310,329,346,246,216,216,216,233,245,268,285,295,312,42,58,58,58],"floor_reached":33,"playtime":1997,"items_purged":["Strike_G","Strike_G","Defend_G"],"score":253,"play_id":"1a3bd405-fcd5-45d9-9ed5-bfdfc8a9f275","local_time":"20180705101434","is_ascension_mode":false,"campfire_choices":[{"data":"Crippling Poison","floor":6,"key":"SMITH"},{"floor":8,"key":"REST"},{"data":"Poisoned Stab","floor":15,"key":"SMITH"},{"data":"Wraith Form v2","floor":23,"key":"SMITH"},{"floor":32,"key":"REST"}],"neow_cost":"NONE","seed_source_timestamp":83843891067030,"circlet_count":0,"master_deck":["Defend_G","Defend_G","Defend_G","Defend_G","Survivor","Neutralize","Underhanded Strike","Crippling Poison+1","Poisoned Stab+1","Unload","Wraith Form v2+1","Dagger Throw+1","Dash+1","Adrenaline+1"],"relics":["Ring of the Snake","Bottled Lightning","Thread and Needle","Boot","Astrolabe","Ancient Tea Set","Singing Bowl"],"potions_floor_usage":[16,19,19,24,33,33,33],"damage_taken":[{"damage":1,"enemies":"Cultist","floor":1,"turns":4},{"damage":0,"enemies":"2 Louse","floor":4,"turns":2},{"damage":0,"enemies":"Jaw Worm","floor":5,"turns":4},{"damage":42,"enemies":"3 Sentries","floor":7,"turns":13},{"damage":6,"enemies":"Large Slime","floor":10,"turns":7},{"damage":0,"enemies":"Lots of Slimes","floor":11,"turns":4},{"damage":3,"enemies":"Exordium Wildlife","floor":14,"turns":3},{"damage":42,"enemies":"The Guardian","floor":16,"turns":12},{"damage":0,"enemies":"Shell Parasite","floor":18,"turns":4},{"damage":0,"enemies":"2 Thieves","floor":19,"turns":4},{"damage":10,"enemies":"3 Cultists","floor":24,"turns":6},{"damage":0,"enemies":"Snake Plant","floor":25,"turns":5},{"damage":0,"enemies":"Snecko","floor":27,"turns":6},{"damage":7,"enemies":"Centurion and Healer","floor":28,"turns":6},{"damage":0,"enemies":"Sentry and Sphere","floor":29,"turns":7},{"damage":12,"enemies":"Slaver and Parasite","floor":31,"turns":6},{"damage":82,"enemies":"Champ","floor":33,"turns":15}],"seed_played":"643950452478327036","potions_obtained":[{"floor":4,"key":"SpeedPotion"},{"floor":5,"key":"SpeedPotion"},{"floor":16,"key":"PowerPotion"},{"floor":18,"key":"Explosive Potion"},{"floor":21,"key":"EssenceOfSteel"},{"floor":21,"key":"SpeedPotion"},{"floor":28,"key":"Weak Potion"}],"is_trial":false,"path_per_floor":["M","$","T","M","M","R","E","R","T","M","M","?","?","M","R","B",null,"M","M","$","?","?","R","M","M","T","M","M","M","$","M","R"],"character_chosen":"THE_SILENT","items_purchased":["Singing Bowl"],"campfire_rested":2,"item_purchase_floors":[30],"current_hp_per_floor":[76,76,76,76,76,76,34,57,57,51,51,51,51,48,48,6,77,77,77,77,77,77,77,67,67,67,67,60,60,60,50,73,0],"gold":58,"neow_bonus":"TEN_PERCENT_HP_BONUS","is_prod":false,"is_daily":false,"chose_seed":false,"campfire_upgraded":3,"win_rate":0,"timestamp":1530800074,"path_taken":["M","$","?","?","M","R","E","R","T","M","M","?","?","M","R","BOSS","M","?","$","?","?","R","M","M","T","M","M","?","?","M","R","BOSS"],"build_version":"2018-06-28","purchased_purges":3,"victory":false,"max_hp_per_floor":[77,77,77,77,77,77,77,77,77,77,77,77,77,77,77,77,77,77,77,77,77,77,77,77,77,77,77,77,77,77,79,79,79],"card_choices":[{"not_picked":["Dodge and Roll","Cloak And Dagger"],"picked":"Underhanded Strike","floor":1},{"not_picked":["Deadly Poison","Terror"],"picked":"Crippling Poison","floor":4},{"not_picked":["Accuracy","Quick Slash"],"picked":"Poisoned Stab","floor":5},{"not_picked":["Quick Slash","Distraction","PiercingWail"],"picked":"SKIP","floor":7},{"not_picked":["Prepared","Catalyst"],"picked":"Unload","floor":10},{"not_picked":["Poisoned Stab","Eviscerate","Reflex"],"picked":"SKIP","floor":11},{"not_picked":["Backflip","Well Laid Plans","Distraction"],"picked":"SKIP","floor":14},{"not_picked":["Doppelganger","Tools of the Trade"],"picked":"Wraith Form v2","floor":16},{"not_picked":["Deflect","Dagger Throw","Finisher"],"picked":"SKIP","floor":18},{"not_picked":["Poisoned Stab","Quick Slash+1"],"picked":"Bouncing Flask","floor":19},{"not_picked":["All Out Attack","Backflip","Infinite Blades"],"picked":"SKIP","floor":24},{"not_picked":["Outmaneuver","Terror","Prepared"],"picked":"SKIP","floor":25},{"not_picked":["Dagger Spray","Sucker Punch","Dagger Throw+1"],"picked":"SKIP","floor":27},{"not_picked":["Poisoned Stab","Slice","Setup"],"picked":"SKIP","floor":28},{"not_picked":["Slice","Underhanded Strike","Acrobatics"],"picked":"SKIP","floor":29},{"not_picked":["All Out Attack+1","Prepared","Endless Agony"],"picked":"Singing Bowl","floor":31}],"player_experience":195407,"relics_obtained":[{"floor":3,"key":"Bottled Lightning"},{"floor":7,"key":"Thread and Needle"},{"floor":9,"key":"Boot"},{"floor":26,"key":"Ancient Tea Set"}],"event_choices":[{"event_name":"Match and Keep!","player_choice":"1 cards matched","floor":12,"damage_taken":0},{"event_name":"Living Wall","player_choice":"Forget","floor":13,"damage_taken":0},{"event_name":"The Woman in Blue","player_choice":"Bought 2 Potions","floor":21,"damage_taken":0},{"event_name":"Back to Basics","player_choice":"Elegance","floor":22,"damage_taken":0}],"boss_relics":[{"not_picked":["Tiny House","Velvet Choker"],"picked":"Astrolabe"}],"items_purged_floors":[2,20,30],"is_endless":false,"potions_floor_spawned":[4,5,16,18,28,31],"killed_by":"Champ","ascension_level":0}