{"gold_per_floor":[119,131,96,21,36,61,84,84,84,95,95,115,115,115,115,210,210,220,239,239,239,239],"floor_reached":22,"playtime":608,"items_purged":["Strike_B"],"score":184,"play_id":"d1c8b570-bf71-4fdc-a42c-0121fa9fe5e4","local_time":"20180713142914","is_ascension_mode":false,"campfire_choices":[{"floor":8,"key":"REST"},{"floor":13,"key":"REST"},{"data":"Creative AI","floor":15,"key":"SMITH"}],"neow_cost":"NONE","seed_source_timestamp":195166916643179,"circlet_count":0,"master_deck":["Strike_B","Strike_B","Defend_B","Defend_B","Defend_B","Zap+1","Dualcast","Static Discharge","Lockon","Creative AI+1","Ball Lightning","Rainbow","Thunder Strike"],"relics":["Cracked Core","Bag of Preparation","Regal Pillow","Shuriken","Eternal Feather","Nilry\u0027s Codex"],"potions_floor_usage":[16,16],"damage_taken":[{"damage":7,"enemies":"Jaw Worm","floor":1,"turns":5},{"damage":5,"enemies":"Small Slimes","floor":2,"turns":3},{"damage":1,"enemies":"Cultist","floor":5,"turns":4},{"damage":44,"enemies":"Gremlin Nob","floor":6,"turns":4},{"damage":30,"enemies":"Exordium Wildlife","floor":10,"turns":5},{"damage":5,"enemies":"Looter","floor":12,"turns":2},{"damage":50,"enemies":"Hexaghost","floor":16,"turns":7},{"damage":35,"enemies":"2 Thieves","floor":18,"turns":3},{"damage":25,"enemies":"Spheric Guardian","floor":19,"turns":4},{"damage":12,"enemies":"Centurion and Healer","floor":22,"turns":1}],"seed_played":"-252898624947285269","potions_obtained":[{"floor":1,"key":"PowerPotion"},{"floor":2,"key":"SkillPotion"},{"floor":12,"key":"SpeedPotion"},{"floor":16,"key":"EssenceOfSteel"},{"floor":19,"key":"Block Potion"}],"is_trial":false,"path_per_floor":["M","M","?","$","M","E","T","R","T","M","?","M","R","?","R","B",null,"M","M","?","?"],"character_chosen":"DEFECT","items_purchased":[],"campfire_rested":2,"item_purchase_floors":[],"current_hp_per_floor":[75,70,82,82,81,37,37,76,76,46,46,41,80,73,73,23,82,47,22,22,6,0],"gold":239,"neow_bonus":"TEN_PERCENT_HP_BONUS","is_prod":false,"is_daily":false,"chose_seed":false,"campfire_upgraded":1,"win_rate":0.0,"timestamp":1531506554,"path_taken":["M","M","?","?","M","E","?","R","T","M","?","M","R","?","R","BOSS","M","M","?","?","M"],"build_version":"2018-07-12","purchased_purges":1,"victory":false,"max_hp_per_floor":[82,82,82,82,82,82,82,82,82,82,82,82,82,82,82,82,82,82,82,82,82,82],"card_choices":[{"not_picked":["Blizzard","Aggregate"],"picked":"Static Discharge","floor":1},{"not_picked":["Sweeping Beam","Aggregate","BootSequence"],"picked":"SKIP","floor":2},{"not_picked":["Steam","Gash"],"picked":"Lockon","floor":5},{"not_picked":["Doom and Gloom","Sunder"],"picked":"Creative AI","floor":6},{"not_picked":["Sweeping Beam","Conserve Battery"],"picked":"Ball Lightning","floor":10},{"not_picked":["FTL","Consume","Go for the Eyes"],"picked":"SKIP","floor":12},{"not_picked":["Reboot","Core Surge"],"picked":"Thunder Strike","floor":16},{"not_picked":["Redo","Compile Driver","Go for the Eyes"],"picked":"SKIP","floor":18},{"not_picked":["Loop","Gash","Sunder"],"picked":"SKIP","floor":19}],"player_experience":233862,"relics_obtained":[{"floor":6,"key":"Bag of Preparation"},{"floor":7,"key":"Regal Pillow"},{"floor":9,"key":"Shuriken"},{"floor":21,"key":"Nilry\u0027s Codex"}],"event_choices":[{"event_name":"The Cleric","player_choice":"Healed","floor":3,"damage_taken":0},{"event_name":"Transmorgrifier","player_choice":"Transform","floor":11,"damage_taken":0},{"event_name":"Golden Wing","player_choice":"Card Removal","floor":14,"damage_taken":0},{"event_name":"Upgrade Shrine","player_choice":"Upgraded","floor":20,"damage_taken":0},{"event_name":"Cursed Tome","player_choice":"Obtained Book","floor":21,"damage_taken":0}],"boss_relics":[{"not_picked":["Velvet Choker","Coffee Dripper"],"picked":"Eternal Feather"}],"items_purged_floors":[4],"is_endless":false,"potions_floor_spawned":[1,2,12,16,19],"killed_by":"Centurion and Healer","ascension_level":0}