{"gold_per_floor":[16,32,50,50,67,67,80,80,80,80,96,74,92,125,125,223,223,233,250,261,261,261,261,292,292],"floor_reached":25,"playtime":1404,"items_purged":[],"score":205,"play_id":"f81a8696-5bd5-4bc5-9216-0ec96e93af75","local_time":"20190202225856","is_ascension_mode":false,"campfire_choices":[{"data":"Zap","floor":6,"key":"SMITH"},{"floor":8,"key":"REST"},{"floor":10,"key":"REST"},{"data":"Tempest","floor":15,"key":"SMITH"},{"floor":23,"key":"REST"}],"neow_cost":"NO_GOLD","seed_source_timestamp":39396657858248,"circlet_count":0,"master_deck":["Strike_B","Strike_B","Strike_B","Strike_B","Defend_B","Defend_B","Defend_B","Defend_B","Zap+1","Rebound","Gash","Conserve Battery","Gash","Tempest+1","Leap","All For One","Gash","Fusion"],"relics":["Cracked Core","Turnip","Kunai","Singing Bowl","Lizard Tail","Red Mask"],"potions_floor_usage":[11,16,20,25],"damage_taken":[{"damage":0,"enemies":"Small Slimes","floor":1,"turns":4},{"damage":1,"enemies":"Cultist","floor":2,"turns":4},{"damage":15,"enemies":"Jaw Worm","floor":3,"turns":4},{"damage":10,"enemies":"Looter","floor":5,"turns":3},{"damage":20,"enemies":"Exordium Wildlife","floor":7,"turns":4},{"damage":9,"enemies":"Gremlin Gang","floor":11,"turns":4},{"damage":1,"enemies":"Red Slaver","floor":13,"turns":2},{"damage":19,"enemies":"Lagavulin","floor":14,"turns":5},{"damage":14,"enemies":"Slime Boss","floor":16,"turns":8},{"damage":29,"enemies":"2 Thieves","floor":18,"turns":3},{"damage":10,"enemies":"Chosen","floor":19,"turns":3},{"damage":20,"enemies":"Centurion and Healer","floor":20,"turns":6},{"damage":65,"enemies":"Masked Bandits","floor":24,"turns":5},{"damage":46,"enemies":"Cultist and Chosen","floor":25,"turns":4}],"seed_played":"-888085264316419337","potions_obtained":[{"floor":1,"key":"Energy Potion"},{"floor":2,"key":"FearPotion"},{"floor":5,"key":"LiquidBronze"},{"floor":13,"key":"Swift Potion"},{"floor":14,"key":"AttackPotion"},{"floor":19,"key":"Block Potion"},{"floor":20,"key":"Swift Potion"}],"is_trial":false,"path_per_floor":["M","M","M","?","M","R","M","R","T","R","M","$","M","E","R","B",null,"M","M","M","?","?","R","?","M"],"character_chosen":"DEFECT","items_purchased":["Leap"],"campfire_rested":3,"item_purchase_floors":[12],"current_hp_per_floor":[75,74,59,59,49,49,29,51,51,73,64,64,63,46,46,32,77,48,40,20,20,20,43,22,0],"gold":292,"neow_bonus":"ONE_RARE_RELIC","is_prod":false,"is_daily":false,"chose_seed":false,"campfire_upgraded":2,"win_rate":0,"timestamp":1549166336,"path_taken":["M","M","M","?","M","R","M","R","T","R","M","$","?","E","R","BOSS","M","?","M","?","?","R","?","M"],"build_version":"2019-01-23","purchased_purges":0,"victory":false,"max_hp_per_floor":[75,75,75,75,75,75,75,75,75,75,75,75,75,77,77,77,77,77,79,79,79,79,79,81,81],"card_choices":[{"not_picked":["Scrape","Auto Shields"],"picked":"Rebound","floor":1},{"not_picked":["BootSequence","Consume"],"picked":"Gash","floor":2},{"not_picked":["Coolheaded","Heatsinks","Sweeping Beam"],"picked":"SKIP","floor":3},{"not_picked":["Coolheaded","Stack"],"picked":"Conserve Battery","floor":5},{"not_picked":["Doom and Gloom","Rainbow"],"picked":"Gash","floor":7},{"not_picked":["Reprogram","Capacitor"],"picked":"Tempest","floor":11},{"not_picked":["Rebound","Hologram","Reprogram"],"picked":"SKIP","floor":13},{"not_picked":["Rebound","BootSequence","Sweeping Beam"],"picked":"Singing Bowl","floor":14},{"not_picked":["Hyperbeam","Fission"],"picked":"All For One","floor":16},{"not_picked":["Sweeping Beam","Reprogram"],"picked":"Gash","floor":18},{"not_picked":["Sweeping Beam","Aggregate","Coolheaded"],"picked":"Singing Bowl","floor":19},{"not_picked":["Chaos","Turbo+1"],"picked":"Fusion","floor":20},{"not_picked":["Go for the Eyes","Beam Cell","Reinforced Body+1"],"picked":"Singing Bowl","floor":24}],"player_experience":331885,"relics_obtained":[{"floor":9,"key":"Kunai"},{"floor":14,"key":"Singing Bowl"},{"floor":24,"key":"Red Mask"}],"event_choices":[{"cards_removed":["Dualcast"],"damage_healed":0,"gold_gain":0,"player_choice":"Purged","damage_taken":0,"max_hp_gain":0,"max_hp_loss":0,"event_name":"Purifier","floor":4,"gold_loss":0},{"damage_healed":0,"gold_gain":0,"player_choice":"Ignored","damage_taken":0,"max_hp_gain":0,"max_hp_loss":0,"event_name":"Ghosts","floor":21,"gold_loss":0},{"damage_healed":0,"gold_gain":0,"player_choice":"Ignored","damage_taken":0,"max_hp_gain":0,"max_hp_loss":0,"event_name":"Cursed Tome","floor":22,"gold_loss":0},{"damage_healed":0,"gold_gain":0,"player_choice":"Fought Bandits","damage_taken":0,"max_hp_gain":0,"max_hp_loss":0,"event_name":"Masked Bandits","floor":24,"gold_loss":0}],"is_beta":false,"boss_relics":[{"not_picked":["Fusion Hammer","Cursed Key"],"picked":"Lizard Tail"}],"items_purged_floors":[],"is_endless":false,"potions_floor_spawned":[1,2,5,7,13,14,19,20,24],"killed_by":"Cultist and Chosen","ascension_level":0}