{"gold_per_floor":[112,37,37,54,54,54,81,81,81,81,93,12,47,59,59,164,164,175,175,41,41,41,67,30,59,59,59,59,59,59,72,72,168,168,187,187,148,148],"floor_reached":38,"playtime":1999,"items_purged":["Strike_R","Regret"],"score":461,"play_id":"982e2b20-aa14-442b-92da-c672f1a62393","local_time":"20190226204417","is_ascension_mode":true,"campfire_choices":[{"data":"Shrug It Off","floor":6,"key":"SMITH"},{"data":"1","floor":10,"key":"LIFT"},{"data":"Armaments","floor":15,"key":"SMITH"},{"floor":27,"key":"REST"},{"floor":30,"key":"REST"},{"data":"2","floor":32,"key":"LIFT"}],"neow_cost":"NONE","seed_source_timestamp":169090745970353,"circlet_count":0,"master_deck":["Strike_R","Strike_R","Defend_R","Defend_R","Defend_R","Defend_R","Bash","Shrug It Off+1","Fire Breathing","Iron Wave+1","Metallicize","Iron Wave+1","Armaments+1","Demon Form","Clash+1","Seeing Red","Fire Breathing","Body Slam+1","Limit Break","Metallicize"],"relics":["Burning Blood","NeowsBlessing","Ice Cream","Molten Egg 2","Girya","Dead Branch","Regal Pillow","Runic Pyramid","Singing Bowl","Mercury Hourglass","Pen Nib","Question Card","Oddly Smooth Stone","Busted Crown"],"potions_floor_usage":[16,25,25,38],"damage_taken":[{"damage":0,"enemies":"Small Slimes","floor":1,"turns":1},{"damage":0,"enemies":"Jaw Worm","floor":4,"turns":1},{"damage":0,"enemies":"Gremlin Nob","floor":7,"turns":1},{"damage":12,"enemies":"Cultist","floor":11,"turns":4},{"damage":18,"enemies":"3 Sentries","floor":13,"turns":9},{"damage":3,"enemies":"2 Fungi Beasts","floor":14,"turns":4},{"damage":42,"enemies":"The Guardian","floor":16,"turns":15},{"damage":19,"enemies":"Shell Parasite","floor":18,"turns":5},{"damage":23,"enemies":"Slavers","floor":23,"turns":9},{"damage":48,"enemies":"Book of Stabbing","floor":25,"turns":9},{"damage":0,"enemies":"Chosen","floor":31,"turns":5},{"damage":27,"enemies":"Champ","floor":33,"turns":8},{"damage":0,"enemies":"Orb Walker","floor":35,"turns":4},{"damage":99,"enemies":"2 Orb Walkers","floor":38,"turns":5}],"seed_played":"7840746551536794404","potions_obtained":[{"floor":1,"key":"Strength Potion"},{"floor":11,"key":"SkillPotion"},{"floor":23,"key":"Block Potion"},{"floor":31,"key":"BloodPotion"}],"is_trial":false,"path_per_floor":["M","$","?","M","?","R","E","?","T","R","M","$","E","M","R","B",null,"M","?","$","T","?","E","$","E","T","R","T","?","R","M","R","B",null,"M","?","$","?"],"character_chosen":"IRONCLAD","items_purchased":["Metallicize","Seeing Red","Fire Breathing","Metallicize"],"campfire_rested":2,"item_purchase_floors":[12,20,24,37],"current_hp_per_floor":[80,80,68,74,67,67,73,73,73,73,67,67,55,58,58,22,80,67,67,67,67,67,52,52,10,10,49,49,33,74,82,82,61,89,91,86,86,0],"gold":148,"neow_bonus":"THREE_ENEMY_KILL","is_prod":false,"is_daily":false,"chose_seed":false,"campfire_upgraded":2,"win_rate":0,"timestamp":1551231857,"path_taken":["M","$","?","M","?","R","E","?","T","R","?","$","E","M","R","BOSS","M","?","$","?","?","E","?","E","T","R","?","?","R","M","R","BOSS","M","?","$","?"],"build_version":"2019-01-23","purchased_purges":2,"victory":false,"max_hp_per_floor":[80,80,80,80,80,80,80,80,80,80,80,80,80,80,80,80,80,80,80,80,80,80,82,82,82,82,82,82,87,87,89,89,89,89,91,86,86,86],"card_choices":[{"not_picked":["Power Through","Headbutt","Clothesline"],"picked":"SKIP","floor":1},{"not_picked":["Dropkick","Fire Breathing"],"picked":"Shrug It Off","floor":4},{"not_picked":["Carnage","Sword Boomerang"],"picked":"Fire Breathing","floor":7},{"not_picked":["Twin Strike+1","Second Wind"],"picked":"Iron Wave+1","floor":11},{"not_picked":["Thunderclap+1","Shrug It Off"],"picked":"Iron Wave+1","floor":13},{"not_picked":["Intimidate","Hemokinesis+1"],"picked":"Armaments","floor":14},{"not_picked":["Reaper+1","Impervious"],"picked":"Demon Form","floor":16},{"not_picked":["Twin Strike+1","Warcry","Pommel Strike+1"],"picked":"SKIP","floor":18},{"not_picked":["Sword Boomerang+1","Shrug It Off","Clothesline+1"],"picked":"Singing Bowl","floor":23},{"not_picked":["Sever Soul+1","Pummel+1"],"picked":"Body Slam+1","floor":25},{"not_picked":["Armaments","True Grit","Sentinel","Headbutt+1"],"picked":"Singing Bowl","floor":31},{"not_picked":["Reaper+1","Brutality","Bludgeon+1"],"picked":"Limit Break","floor":33},{"not_picked":["Armaments+1","Dropkick+1"],"picked":"Singing Bowl","floor":35}],"player_experience":83544,"relics_obtained":[{"floor":7,"key":"Molten Egg 2"},{"floor":9,"key":"Dead Branch"},{"floor":13,"key":"Regal Pillow"},{"floor":21,"key":"Singing Bowl"},{"floor":23,"key":"Mercury Hourglass"},{"floor":25,"key":"Pen Nib"},{"floor":26,"key":"Question Card"},{"floor":28,"key":"Oddly Smooth Stone"}],"event_choices":[{"damage_healed":0,"gold_gain":0,"player_choice":"Success","damage_taken":12,"relics_obtained":["Ice Cream"],"max_hp_gain":0,"max_hp_loss":0,"event_name":"Scrap Ooze","floor":3,"gold_loss":0},{"cards_removed":["Strike_R"],"damage_healed":0,"gold_gain":0,"player_choice":"Card Removal","damage_taken":7,"max_hp_gain":0,"max_hp_loss":0,"event_name":"Golden Wing","floor":5,"gold_loss":0},{"damage_healed":0,"gold_gain":0,"player_choice":"Box","damage_taken":0,"relics_obtained":["Girya"],"max_hp_gain":0,"max_hp_loss":0,"event_name":"Big Fish","floor":8,"gold_loss":0,"cards_obtained":["Regret"]},{"damage_healed":0,"gold_gain":0,"cards_transformed":["Strike_R"],"player_choice":"Transformed","damage_taken":0,"max_hp_gain":0,"max_hp_loss":0,"event_name":"Transmorgrifier","floor":19,"gold_loss":0,"cards_obtained":["Clash"]},{"damage_healed":0,"gold_gain":0,"player_choice":"Ignored","damage_taken":0,"max_hp_gain":0,"max_hp_loss":0,"event_name":"Vampires","floor":22,"gold_loss":0},{"damage_healed":0,"gold_gain":0,"player_choice":"Shed Blood","damage_taken":21,"max_hp_gain":5,"max_hp_loss":0,"event_name":"Forgotten Altar","floor":29,"gold_loss":0},{"damage_healed":0,"gold_gain":0,"player_choice":"Max HP","damage_taken":0,"max_hp_gain":0,"max_hp_loss":5,"event_name":"Winding Halls","floor":36,"gold_loss":0},{"damage_healed":0,"gold_gain":0,"player_choice":"Fight","damage_taken":0,"max_hp_gain":0,"max_hp_loss":0,"event_name":"Mysterious Sphere","floor":38,"gold_loss":0}],"is_beta":false,"boss_relics":[{"not_picked":["White Beast Statue","Runic Dome"],"picked":"Runic Pyramid"},{"not_picked":["Snecko Eye","Coffee Dripper"],"picked":"Busted Crown"}],"items_purged_floors":[2,20],"is_endless":false,"potions_floor_spawned":[1,11,23,31],"killed_by":"2 Orb Walkers","ascension_level":1}