{"gold_per_floor":[109,109,109,259,54,79,79,4,51,82,102,102,118,150,150,224,224,184,184,24,24,24,24,24,24,24,24,24,24,24,24,24,24,24,24,24,24,24,24,24,24,24,24,24,24,24,24,24,24,24],"floor_reached":51,"playtime":1144,"items_purged":["Doubt"],"score":1477,"play_id":"b6341fb4-954a-40a0-9355-6ac851964a29","local_time":"20190316144342","is_ascension_mode":true,"campfire_choices":[{"data":"Inflame","floor":7,"key":"SMITH"},{"data":"Pommel Strike","floor":12,"key":"SMITH"},{"data":"Thunderclap","floor":15,"key":"SMITH"},{"floor":23,"key":"REST"},{"floor":28,"key":"REST"},{"floor":32,"key":"REST"},{"floor":40,"key":"REST"},{"floor":45,"key":"REST"},{"floor":49,"key":"REST"}],"neow_cost":"NONE","seed_source_timestamp":58973213794964,"circlet_count":0,"master_deck":["AscendersBane","Strike_R","Strike_R","Strike_R","Strike_R","Defend_R","Defend_R","Defend_R","Defend_R","Bash+1","Twin Strike+1","Inflame+1","Pommel Strike+1","Shrug It Off","Thunderclap+1","RitualDagger","Headbutt","Twin Strike","Pommel Strike","Spot Weakness","Inflame+1","Twin Strike","Necronomicurse","Immolate","Battle Trance","Double Tap","Uppercut","Heavy Blade","Battle Trance+1","Disarm+1","Apotheosis+1","Master of Strategy+1","Chrysalis+1","Shrug It Off+1","Shockwave+1"],"relics":["Burning Blood","NeowsBlessing","Regal Pillow","Ancient Tea Set","Dream Catcher","Blood Vial","Self Forming Clay","Art of War","Ectoplasm","Pen Nib","Red Mask","Bag of Preparation","The Courier","Necronomicon","Fusion Hammer","Turnip","Toxic Egg 2","Bottled Lightning"],"potions_floor_usage":[14,18,24,31,33,35,50,50],"damage_taken":[{"damage":0,"enemies":"Cultist","floor":1,"turns":1},{"damage":0,"enemies":"Lagavulin","floor":6,"turns":1},{"damage":0,"enemies":"Gremlin Nob","floor":10,"turns":1},{"damage":7,"enemies":"Jaw Worm","floor":11,"turns":3},{"damage":0,"enemies":"2 Louse","floor":13,"turns":2},{"damage":27,"enemies":"3 Sentries","floor":14,"turns":7},{"damage":33,"enemies":"Hexaghost","floor":16,"turns":7},{"damage":11,"enemies":"2 Thieves","floor":18,"turns":3},{"damage":25,"enemies":"Masked Bandits","floor":21,"turns":4},{"damage":16,"enemies":"Shell Parasite","floor":22,"turns":3},{"damage":35,"enemies":"Cultist and Chosen","floor":24,"turns":4},{"damage":25,"enemies":"Gremlin Leader","floor":27,"turns":4},{"damage":4,"enemies":"Chosen and Byrds","floor":29,"turns":3},{"damage":2,"enemies":"Centurion and Healer","floor":31,"turns":3},{"damage":40,"enemies":"Automaton","floor":33,"turns":6},{"damage":10,"enemies":"3 Darklings","floor":35,"turns":3},{"damage":0,"enemies":"Mind Bloom Boss Battle","floor":36,"turns":2},{"damage":12,"enemies":"Orb Walker","floor":37,"turns":2},{"damage":9,"enemies":"Sphere and 2 Shapes","floor":41,"turns":1},{"damage":0,"enemies":"3 Darklings","floor":47,"turns":1},{"damage":19,"enemies":"Maw","floor":48,"turns":4},{"damage":30,"enemies":"Time Eater","floor":50,"turns":4}],"seed_played":"-6374310220577187204","potions_obtained":[{"floor":13,"key":"Energy Potion"},{"floor":16,"key":"SteroidPotion"},{"floor":22,"key":"SteroidPotion"},{"floor":29,"key":"FearPotion"},{"floor":31,"key":"Fruit Juice"},{"floor":33,"key":"EssenceOfSteel"},{"floor":36,"key":"PowerPotion"},{"floor":37,"key":"Fire Potion"},{"floor":47,"key":"GamblersBrew"}],"is_trial":false,"path_per_floor":["M","?","?","?","$","E","R","$","T","E","M","R","M","E","R","B",null,"M","?","$","?","M","R","M","$","T","E","R","M","?","M","R","B",null,"M","?","M","?","?","R","M","?","T","$","R","?","M","M","R","B",null],"character_chosen":"IRONCLAD","items_purchased":["Inflame","Ancient Tea Set","Pen Nib"],"campfire_rested":6,"item_purchase_floors":[5,5,20],"current_hp_per_floor":[74,56,33,33,33,39,39,39,39,47,48,48,56,37,37,12,59,56,50,50,33,25,62,35,35,35,18,55,59,38,44,75,46,72,70,78,74,74,74,80,77,67,67,67,80,76,76,63,76,52],"gold":24,"neow_bonus":"THREE_ENEMY_KILL","is_prod":false,"is_daily":false,"chose_seed":false,"campfire_upgraded":3,"win_rate":0,"timestamp":1552733022,"path_taken":["M","?","?","?","?","E","R","$","T","E","M","R","?","E","R","BOSS","M","?","$","?","M","R","M","$","T","E","R","M","?","?","R","BOSS","M","?","M","?","?","R","?","?","T","$","R","?","M","M","R","BOSS"],"build_version":"2019-01-23","purchased_purges":1,"victory":true,"max_hp_per_floor":[75,75,75,75,75,75,75,75,75,75,75,75,75,75,75,75,75,75,75,75,75,75,75,75,75,75,75,75,75,75,75,75,80,80,80,80,80,80,80,80,80,80,80,80,80,76,76,76,76,76],"card_choices":[{"not_picked":["Havoc","Clothesline"],"picked":"Twin Strike","floor":1},{"not_picked":["Dual Wield","Fire Breathing","Combust"],"picked":"SKIP","floor":6},{"not_picked":["Seeing Red","Sever Soul","Infernal Blade"],"picked":"SKIP","floor":10},{"not_picked":["Dual Wield","Metallicize"],"picked":"Pommel Strike","floor":11},{"not_picked":["Reckless Charge","Warcry"],"picked":"Shrug It Off","floor":13},{"not_picked":["Infernal Blade","Hemokinesis"],"picked":"Thunderclap","floor":14},{"not_picked":["Clothesline","Iron Wave","Warcry+1"],"picked":"SKIP","floor":18},{"not_picked":["Cleave","Clothesline"],"picked":"Headbutt","floor":21},{"not_picked":["Blood for Blood","Corruption"],"picked":"Twin Strike","floor":22},{"not_picked":["Metallicize","Seeing Red"],"picked":"Pommel Strike","floor":24},{"not_picked":["Armaments","Fire Breathing"],"picked":"Spot Weakness","floor":27},{"not_picked":["Sword Boomerang","Headbutt"],"picked":"Inflame+1","floor":28},{"not_picked":["Sword Boomerang","Rage"],"picked":"Twin Strike","floor":29},{"not_picked":["Flame Barrier","Clothesline"],"picked":"Immolate","floor":31},{"not_picked":["Clash","Anger"],"picked":"Battle Trance","floor":32},{"not_picked":["Feed","Brutality"],"picked":"Double Tap","floor":33},{"not_picked":["Fire Breathing","Metallicize","Shrug It Off"],"picked":"SKIP","floor":35},{"not_picked":["Pommel Strike","Havoc"],"picked":"Uppercut","floor":36},{"not_picked":["Shrug It Off","Clash+1"],"picked":"Heavy Blade","floor":37},{"not_picked":["Headbutt+1","Burning Pact+1"],"picked":"Battle Trance+1","floor":40},{"not_picked":["Wild Strike+1","Pommel Strike"],"picked":"Disarm+1","floor":41},{"not_picked":["Jack Of All Trades+1","Dark Shackles+1"],"picked":"Apotheosis+1","floor":42},{"not_picked":["Enlightenment+1","Impatience+1"],"picked":"Master of Strategy+1","floor":42},{"not_picked":["Dramatic Entrance","Dark Shackles+1"],"picked":"Chrysalis+1","floor":42},{"not_picked":["Entrench+1","Clothesline"],"picked":"Shrug It Off+1","floor":47},{"not_picked":["Combust","Wild Strike+1","Warcry+1"],"picked":"SKIP","floor":48},{"not_picked":["Havoc+1","Searing Blow"],"picked":"Shockwave+1","floor":49}],"player_experience":735623,"relics_obtained":[{"floor":6,"key":"Dream Catcher"},{"floor":9,"key":"Blood Vial"},{"floor":10,"key":"Self Forming Clay"},{"floor":14,"key":"Art of War"},{"floor":21,"key":"Red Mask"},{"floor":26,"key":"Bag of Preparation"},{"floor":27,"key":"The Courier"},{"floor":30,"key":"Necronomicon"},{"floor":36,"key":"Turnip"},{"floor":43,"key":"Bottled Lightning"}],"event_choices":[{"damage_healed":0,"gold_gain":0,"player_choice":"Success","damage_taken":18,"relics_obtained":["Regal Pillow"],"max_hp_gain":0,"max_hp_loss":0,"event_name":"Scrap Ooze","floor":2,"gold_loss":0},{"damage_healed":0,"gold_gain":0,"player_choice":"Entered Light","damage_taken":23,"max_hp_gain":0,"max_hp_loss":0,"event_name":"Shining Light","floor":3,"gold_loss":0,"cards_upgraded":["Twin Strike","Bash"]},{"damage_healed":0,"gold_gain":150,"player_choice":"AGREE","damage_taken":0,"max_hp_gain":0,"max_hp_loss":0,"event_name":"Liars Game","floor":4,"gold_loss":0,"cards_obtained":["Doubt"]},{"damage_healed":0,"gold_gain":0,"player_choice":"Joined the Cult","damage_taken":6,"max_hp_gain":0,"max_hp_loss":0,"event_name":"Nest","floor":19,"gold_loss":0,"cards_obtained":["RitualDagger"]},{"damage_healed":0,"gold_gain":0,"player_choice":"Fought Bandits","damage_taken":0,"max_hp_gain":0,"max_hp_loss":0,"event_name":"Masked Bandits","floor":21,"gold_loss":0},{"damage_healed":0,"gold_gain":0,"player_choice":"Obtained Book","damage_taken":21,"max_hp_gain":0,"max_hp_loss":0,"event_name":"Cursed Tome","floor":30,"gold_loss":0},{"damage_healed":0,"gold_gain":0,"player_choice":"Fight","damage_taken":0,"max_hp_gain":0,"max_hp_loss":0,"event_name":"MindBloom","floor":36,"gold_loss":0},{"cards_removed":["Strike_R"],"damage_healed":0,"gold_gain":0,"player_choice":"Removed Attack","damage_taken":0,"max_hp_gain":0,"max_hp_loss":0,"event_name":"Falling","floor":38,"gold_loss":0},{"damage_healed":0,"gold_gain":0,"player_choice":"Gave Potion","damage_taken":0,"relics_obtained":["Toxic Egg 2"],"max_hp_gain":0,"max_hp_loss":0,"event_name":"WeMeetAgain","floor":39,"gold_loss":0},{"damage_healed":0,"gold_gain":0,"player_choice":"Memory 3","damage_taken":10,"max_hp_gain":0,"max_hp_loss":0,"event_name":"SensoryStone","floor":42,"gold_loss":0},{"damage_healed":0,"gold_gain":0,"player_choice":"Max HP","damage_taken":0,"max_hp_gain":0,"max_hp_loss":4,"event_name":"Winding Halls","floor":46,"gold_loss":0}],"is_beta":false,"boss_relics":[{"not_picked":["Eternal Feather","Lizard Tail"],"picked":"Ectoplasm"},{"not_picked":["Runic Dome","White Beast Statue"],"picked":"Fusion Hammer"}],"items_purged_floors":[8],"is_endless":false,"potions_floor_spawned":[13,16,22,29,31,33,36,37,47],"ascension_level":19}