{"gold_per_floor":[110,121,71,20,35,69,69,69,69,124,49,49,49,59,59,161,161,172,97,23,122,147,147,47,47,129,145,145,158,33,33,33,128,128,139,139,155,5,23,23,23,23,69,69,0,0,0,0,0,0],"floor_reached":50,"playtime":1731,"items_purged":["Force Field","Defend_B","Defend_B","Leap"],"score":455,"play_id":"262fd276-c928-4a02-8df1-f76eea37d763","local_time":"20180712000334","is_ascension_mode":false,"campfire_choices":[{"data":"Zap","floor":8,"key":"SMITH"},{"floor":15,"key":"REST"},{"data":"Tempest","floor":23,"key":"SMITH"},{"data":"Dualcast","floor":25,"key":"SMITH"},{"floor":32,"key":"REST"},{"floor":40,"key":"REST"},{"floor":42,"key":"REST"},{"data":"Consume","floor":47,"key":"SMITH"},{"data":"Ball Lightning","floor":49,"key":"SMITH"}],"neow_cost":"CURSE","seed_source_timestamp":55702431589931,"circlet_count":0,"master_deck":["Zap+1","Dualcast+1","Tempest+1","Ball Lightning","Conserve Battery","Ball Lightning+1","Steam+1","Scrape+1","Rip and Tear+1","Ball Lightning","Leap+1","Consume+1"],"relics":["Cracked Core","Mercury Hourglass","Bottled Flame","Bag of Preparation","Astrolabe","DataDisk","Pantograph","Inserter","Oddly Smooth Stone","Red Mask"],"potions_floor_usage":[33,50],"damage_taken":[{"damage":2,"enemies":"Small Slimes","floor":1,"turns":3},{"damage":3,"enemies":"Jaw Worm","floor":2,"turns":3},{"damage":0,"enemies":"2 Louse","floor":5,"turns":2},{"damage":21,"enemies":"3 Sentries","floor":6,"turns":6},{"damage":29,"enemies":"Gremlin Nob","floor":10,"turns":4},{"damage":7,"enemies":"Blue Slaver","floor":14,"turns":2},{"damage":26,"enemies":"Slime Boss","floor":16,"turns":7},{"damage":0,"enemies":"3 Byrds","floor":18,"turns":3},{"damage":18,"enemies":"Shell Parasite","floor":27,"turns":3},{"damage":0,"enemies":"Centurion and Healer","floor":29,"turns":4},{"damage":47,"enemies":"Collector","floor":33,"turns":7},{"damage":13,"enemies":"Orb Walker","floor":35,"turns":3},{"damage":6,"enemies":"3 Shapes","floor":37,"turns":2},{"damage":30,"enemies":"Maw","floor":39,"turns":5},{"damage":105,"enemies":"Awakened One","floor":50,"turns":6}],"seed_played":"3563284961161534697","potions_obtained":[{"floor":5,"key":"FairyPotion"},{"floor":14,"key":"Explosive Potion"},{"floor":18,"key":"PowerPotion"},{"floor":37,"key":"SteroidPotion"}],"is_trial":false,"path_per_floor":["M","M","?","$","M","E","$","R","T","?","$","?","?","M","R","B",null,"M","?","$","?","T","R","$","R","T","M","?","M","$","?","R","B",null,"M","?","M","$","M","R","?","R","T","$","?","?","R","$","R"],"character_chosen":"DEFECT","items_purchased":["Conserve Battery","Ball Lightning","Leap"],"campfire_rested":4,"item_purchase_floors":[4,20,20],"current_hp_per_floor":[73,70,70,70,70,49,49,49,49,20,20,20,20,13,35,9,75,75,75,75,75,75,75,75,75,75,57,57,57,57,43,67,33,80,67,67,61,61,31,55,55,79,79,79,79,79,79,79,79,0],"gold":0,"neow_bonus":"TRANSFORM_TWO_CARDS","is_prod":false,"is_daily":false,"chose_seed":false,"campfire_upgraded":5,"win_rate":0.0,"timestamp":1531368214,"path_taken":["M","M","?","$","M","E","$","R","T","?","$","?","?","M","R","BOSS","M","?","$","?","?","R","$","R","T","M","?","?","?","?","R","BOSS","M","?","M","$","M","R","?","R","T","$","?","?","R","$","R","BOSS"],"build_version":"2018-07-05","purchased_purges":4,"victory":false,"max_hp_per_floor":[75,75,75,75,75,75,75,75,75,75,75,75,75,75,75,75,75,75,75,75,75,75,75,75,75,75,75,75,75,75,80,80,80,80,80,80,80,80,80,80,80,80,80,80,80,80,80,80,80,80],"card_choices":[{"not_picked":["Heatsinks","Steam","Aggregate"],"picked":"SKIP","floor":1},{"not_picked":["Conserve Battery","Gash"],"picked":"Ball Lightning","floor":2},{"not_picked":["Go for the Eyes","Compile Driver","Steam"],"picked":"SKIP","floor":5},{"not_picked":["FTL","Creative AI","Buffer"],"picked":"SKIP","floor":6},{"not_picked":["Cold Snap","Streamline"],"picked":"Ball Lightning","floor":10},{"not_picked":["Streamline","Compile Driver","Stack"],"picked":"SKIP","floor":14},{"not_picked":["Amplify","Seek"],"picked":"Reboot","floor":16},{"not_picked":["Leap","Redo","Gash"],"picked":"SKIP","floor":18},{"not_picked":["Barrage+1","Tempest+1","Sweeping Beam"],"picked":"SKIP","floor":27},{"not_picked":["Amplify","Hologram+1"],"picked":"Leap+1","floor":29},{"not_picked":["Cold Snap","Stack"],"picked":"Consume","floor":35},{"not_picked":["Sunder","Redo","Beam Cell+1"],"picked":"SKIP","floor":37},{"not_picked":["Doom and Gloom+1","Hologram","Stack"],"picked":"SKIP","floor":39}],"player_experience":220802,"relics_obtained":[{"floor":6,"key":"Mercury Hourglass"},{"floor":9,"key":"Bottled Flame"},{"floor":10,"key":"Bag of Preparation"},{"floor":22,"key":"DataDisk"},{"floor":26,"key":"Pantograph"},{"floor":43,"key":"Oddly Smooth Stone"}],"event_choices":[{"event_name":"The Cleric","player_choice":"Card Removal","floor":3,"damage_taken":0},{"event_name":"Dead Adventurer","player_choice":"Searched \u00272\u0027 times","floor":10,"damage_taken":0},{"event_name":"Golden Idol","player_choice":"Ignored","floor":12,"damage_taken":0},{"event_name":"Shining Light","player_choice":"Ignored","floor":13,"damage_taken":0},{"event_name":"Beggar","player_choice":"Gave Gold","floor":19,"damage_taken":0},{"event_name":"Nest","player_choice":"Stole From Cult","floor":21,"damage_taken":0},{"event_name":"The Mausoleum","player_choice":"No","floor":28,"damage_taken":0},{"event_name":"Forgotten Altar","player_choice":"Shed Blood","floor":31,"damage_taken":0},{"event_name":"Falling","player_choice":"Removed Skill","floor":36,"damage_taken":0},{"event_name":"SensoryStone","player_choice":"Memory 1","floor":41,"damage_taken":0},{"event_name":"Tomb of Lord Red Mask","player_choice":"Paid","floor":45,"damage_taken":0},{"event_name":"Accursed Blacksmith","player_choice":"Ignore","floor":46,"damage_taken":0}],"boss_relics":[{"not_picked":["Tiny House","Coffee Dripper"],"picked":"Astrolabe"},{"not_picked":["Calling Bell","White Beast Statue"],"picked":"Inserter"}],"items_purged_floors":[11,24,30,38],"is_endless":false,"potions_floor_spawned":[5,14,18,37],"killed_by":"Awakened One","ascension_level":0}