{"gold_per_floor":[10,10,10,10,28,28,60,74,74,62,81,98,115,115,115,115],"floor_reached":16,"playtime":1464,"items_purged":[],"score":104,"play_id":"cd009592-2fbc-43e6-9321-ea47316d8dd7","local_time":"20190417223217","is_ascension_mode":false,"campfire_choices":[{"data":"Venomology","floor":6,"key":"SMITH"},{"floor":15,"key":"REST"}],"neow_cost":"NO_GOLD","seed_source_timestamp":1142114159850871,"circlet_count":0,"master_deck":["Defend_G","Defend_G","Defend_G","Defend_G","Defend_G","Strike_G","Strike_G","Strike_G","Strike_G","Strike_G","Survivor","Neutralize","Venomology+1","Predator","PiercingWail","Infinite Blades","Backstab","Underhanded Strike","Distraction","Finisher","Eviscerate"],"relics":["Ring of the Snake","Unceasing Top","Calipers","CultistMask"],"potions_floor_usage":[1,5,7,7,8,10,11,12,13,16,16],"damage_taken":[{"damage":6,"enemies":"2 Louse","floor":1,"turns":3},{"damage":0,"enemies":"Cultist","floor":5,"turns":3},{"damage":20,"enemies":"Lagavulin","floor":7,"turns":9},{"damage":0,"enemies":"Jaw Worm","floor":8,"turns":5},{"damage":12,"enemies":"Exordium Thugs","floor":10,"turns":4},{"damage":17,"enemies":"Large Slime","floor":11,"turns":6},{"damage":1,"enemies":"Blue Slaver","floor":12,"turns":4},{"damage":0,"enemies":"3 Louse","floor":13,"turns":4},{"damage":47,"enemies":"Hexaghost","floor":16,"turns":12}],"seed_played":"-7912307599761103740","potions_obtained":[{"floor":2,"key":"Dexterity Potion"},{"floor":2,"key":"PowerPotion"},{"floor":2,"key":"Ancient Potion"},{"floor":7,"key":"Regen Potion"},{"floor":8,"key":"Poison Potion"},{"floor":13,"key":"Poison Potion"}],"is_trial":false,"path_per_floor":["M","?","$","$","M","R","E","M","T","M","M","M","M","?","R","B"],"character_chosen":"THE_SILENT","items_purchased":[],"campfire_rested":1,"item_purchase_floors":[],"current_hp_per_floor":[64,64,64,64,64,64,44,56,56,44,27,26,26,26,47,0],"gold":115,"neow_bonus":"THREE_RARE_CARDS","is_prod":false,"is_daily":false,"chose_seed":false,"campfire_upgraded":1,"win_rate":0.0,"timestamp":1555558337,"path_taken":["M","?","?","$","M","R","E","M","T","M","?","M","M","?","R","BOSS"],"build_version":"2019-01-23","purchased_purges":0,"victory":false,"max_hp_per_floor":[70,70,70,70,70,70,70,70,70,70,70,70,70,70,70,70],"card_choices":[{"not_picked":["Die Die Die","Night Terror"],"picked":"Venomology","floor":0},{"not_picked":["Finisher","Quick Slash"],"picked":"Predator","floor":1},{"not_picked":["Dagger Throw","Reflex"],"picked":"PiercingWail","floor":5},{"not_picked":["Acrobatics","PiercingWail"],"picked":"Infinite Blades","floor":7},{"not_picked":["Crippling Poison","Flying Knee"],"picked":"Backstab","floor":8},{"not_picked":["Envenom","Acrobatics"],"picked":"Underhanded Strike","floor":10},{"not_picked":["Predator","Acrobatics"],"picked":"Distraction","floor":11},{"not_picked":["Dodge and Roll","PiercingWail"],"picked":"Finisher","floor":12},{"not_picked":["Quick Slash","Expertise"],"picked":"Eviscerate","floor":13}],"player_experience":15336,"relics_obtained":[{"floor":7,"key":"Unceasing Top"},{"floor":9,"key":"Calipers"}],"event_choices":[{"damage_healed":0,"gold_gain":0,"player_choice":"Got Potions","damage_taken":0,"max_hp_gain":0,"max_hp_loss":0,"event_name":"Lab","floor":2,"gold_loss":0},{"damage_healed":0,"gold_gain":0,"player_choice":"Trade","damage_taken":0,"relics_obtained":["CultistMask"],"max_hp_gain":0,"max_hp_loss":0,"event_name":"FaceTrader","floor":14,"gold_loss":0}],"is_beta":false,"boss_relics":[],"items_purged_floors":[],"is_endless":false,"potions_floor_spawned":[7,8,13],"killed_by":"Hexaghost","ascension_level":0}