{"gold_per_floor":[209,11,31,206,226,258,278,58,58,18,52,52,64,76,76,174,174,191,121,133,35,49,49,63,82,82,97,97,113,113,124,124,226,226,238,256,28,28,45,45,45,45,45,145,145,177,0,0,0,0],"floor_reached":50,"playtime":1335,"items_purged":["Doubt","Strike_R","Strike_R"],"score":534,"play_id":"1cd62a3d-b38d-40dd-b11a-582523abb2cb","local_time":"20190410122626","is_ascension_mode":false,"campfire_choices":[{"data":"Inflame","floor":12,"key":"SMITH"},{"data":"Inflame","floor":15,"key":"SMITH"},{"data":"Heavy Blade","floor":23,"key":"SMITH"},{"data":"Trip","floor":28,"key":"SMITH"},{"data":"True Grit","floor":32,"key":"SMITH"},{"data":"Metallicize","floor":40,"key":"SMITH"},{"data":"Secret Weapon","floor":42,"key":"SMITH"},{"floor":49,"key":"REST"}],"neow_cost":"NONE","seed_source_timestamp":2958372186856,"circlet_count":0,"master_deck":["Strike_R","Strike_R","Strike_R","Defend_R","Defend_R","Defend_R","Defend_R","Bash","Thunderclap","Inflame+1","Heavy Blade+1","Inflame+1","Metallicize","Trip+1","Sword Boomerang+1","Twin Strike+1","True Grit+1","Bludgeon+1","Metallicize+1","Pummel+1","Armaments+1","Iron Wave+1","Twin Strike+1","Pummel+1","Iron Wave+1","Seeing Red","Corruption","Sword Boomerang+1","Necronomicurse","Shockwave","Exhume","Clothesline+1","Immolate+1","Power Through+1","Good Instincts","Secret Weapon+1","Enlightenment","Disarm","Juggernaut"],"relics":["Burning Blood","Membership Card","Calipers","DollysMirror","Kunai","Molten Egg 2","Philosopher\u0027s Stone","Self Forming Clay","Necronomicon","Mark of Pain","Unceasing Top","Dodecahedron","Girya","Smiling Mask","Red Mask"],"potions_floor_usage":[6,6,11,11,11,18,20,27,33,39,50,50],"damage_taken":[{"damage":1,"enemies":"Cultist","floor":1,"turns":3},{"damage":5,"enemies":"2 Louse","floor":3,"turns":4},{"damage":6,"enemies":"Jaw Worm","floor":5,"turns":4},{"damage":14,"enemies":"Gremlin Nob","floor":6,"turns":3},{"damage":30,"enemies":"Exordium Thugs","floor":7,"turns":8},{"damage":15,"enemies":"Lagavulin","floor":11,"turns":6},{"damage":19,"enemies":"Lots of Slimes","floor":13,"turns":4},{"damage":4,"enemies":"Gremlin Gang","floor":14,"turns":3},{"damage":18,"enemies":"The Guardian","floor":16,"turns":9},{"damage":22,"enemies":"2 Thieves","floor":18,"turns":3},{"damage":2,"enemies":"Spheric Guardian","floor":20,"turns":4},{"damage":5,"enemies":"Chosen and Byrds","floor":22,"turns":5},{"damage":0,"enemies":"Snecko","floor":24,"turns":2},{"damage":6,"enemies":"Centurion and Healer","floor":25,"turns":3},{"damage":22,"enemies":"Shelled Parasite and Fungi","floor":27,"turns":3},{"damage":5,"enemies":"Chosen and Byrds","floor":29,"turns":4},{"damage":0,"enemies":"3 Cultists","floor":31,"turns":3},{"damage":47,"enemies":"Collector","floor":33,"turns":7},{"damage":6,"enemies":"Orb Walker","floor":35,"turns":3},{"damage":9,"enemies":"3 Darklings","floor":36,"turns":3},{"damage":17,"enemies":"Spire Growth","floor":39,"turns":3},{"damage":9,"enemies":"Mind Bloom Boss Battle","floor":44,"turns":5},{"damage":26,"enemies":"Giant Head","floor":46,"turns":6},{"damage":57,"enemies":"Time Eater","floor":50,"turns":9}],"seed_played":"-8632348446648536315","potions_obtained":[{"floor":1,"key":"Swift Potion"},{"floor":3,"key":"SpeedPotion"},{"floor":5,"key":"Strength Potion"},{"floor":10,"key":"AttackPotion"},{"floor":10,"key":"SkillPotion"},{"floor":10,"key":"Regen Potion"},{"floor":13,"key":"Strength Potion"},{"floor":16,"key":"SpeedPotion"},{"floor":18,"key":"Fire Potion"},{"floor":27,"key":"SneckoOil"},{"floor":31,"key":"Poison Potion"},{"floor":36,"key":"SpeedPotion"},{"floor":44,"key":"EssenceOfSteel"}],"is_trial":false,"path_per_floor":["M","$","M","?","M","E","M","$","T","?","E","R","M","M","R","B",null,"M","$","M","$","M","R","M","M","T","M","R","M","?","M","R","B",null,"M","M","$","?","M","R","?","R","T","?","?","E","?","$","R","B"],"character_chosen":"IRONCLAD","items_purchased":["Membership Card","DollysMirror","Metallicize","Trip","Pummel+1","Iron Wave+1","Twin Strike+1","Immolate+1","Unceasing Top"],"campfire_rested":1,"item_purchase_floors":[2,8,8,8,19,21,21,37,37],"current_hp_per_floor":[80,80,80,80,80,72,48,48,48,48,54,54,41,43,43,31,80,64,64,68,68,69,69,75,75,75,59,59,60,44,50,50,9,80,80,77,77,76,65,65,55,55,55,52,52,32,32,32,54,0],"gold":0,"neow_bonus":"HUNDRED_GOLD","is_prod":false,"is_daily":false,"chose_seed":false,"campfire_upgraded":7,"win_rate":0,"timestamp":1554920786,"path_taken":["M","?","M","?","M","E","M","$","T","?","E","R","?","M","R","BOSS","M","?","M","$","?","R","M","M","T","?","R","M","?","M","R","BOSS","M","M","$","?","M","R","?","R","T","?","?","E","?","?","R","BOSS"],"build_version":"2019-01-23","purchased_purges":3,"victory":false,"max_hp_per_floor":[80,80,80,80,80,80,80,80,80,80,80,80,80,80,80,80,80,80,80,80,80,80,80,80,80,80,80,80,80,80,80,80,80,80,80,80,80,76,76,76,76,76,76,76,76,76,76,76,76,76],"card_choices":[{"not_picked":["Corruption","Fire Breathing","Clash"],"picked":"SKIP","floor":1},{"not_picked":["Anger","Bloodletting"],"picked":"Thunderclap","floor":3},{"not_picked":["Anger","Spot Weakness"],"picked":"Inflame","floor":5},{"not_picked":["Sever Soul","Entrench","Anger"],"picked":"SKIP","floor":6},{"not_picked":["Armaments","Flex"],"picked":"Heavy Blade","floor":7},{"not_picked":["True Grit","Demon Form"],"picked":"Sword Boomerang","floor":11},{"not_picked":["Burning Pact","Thunderclap+1"],"picked":"Twin Strike+1","floor":13},{"not_picked":["Flex","Body Slam+1"],"picked":"True Grit","floor":14},{"not_picked":["Brutality","Berserk"],"picked":"Bludgeon+1","floor":16},{"not_picked":["Corruption","Blood for Blood+1"],"picked":"Metallicize","floor":18},{"not_picked":["Feel No Pain","Flex"],"picked":"Armaments+1","floor":20},{"not_picked":["Flex","Body Slam+1"],"picked":"Pummel+1","floor":22},{"not_picked":["Havoc","Pommel Strike+1"],"picked":"Iron Wave+1","floor":24},{"not_picked":["Clothesline+1","Infernal Blade"],"picked":"Seeing Red","floor":25},{"not_picked":["Thunderclap+1","Second Wind"],"picked":"Corruption","floor":27},{"not_picked":["Thunderclap+1","Clothesline+1"],"picked":"Sword Boomerang+1","floor":29},{"not_picked":["Impervious","Shrug It Off"],"picked":"Shockwave","floor":31},{"not_picked":["Bludgeon+1","Brutality"],"picked":"Exhume","floor":33},{"not_picked":["Thunderclap+1","Sentinel","Flex"],"picked":"SKIP","floor":35},{"not_picked":["Clash+1","Body Slam+1"],"picked":"Clothesline+1","floor":36},{"not_picked":["Warcry","Body Slam+1"],"picked":"Power Through+1","floor":39},{"not_picked":["Flash of Steel+1","Impatience"],"picked":"Good Instincts","floor":41},{"not_picked":["The Bomb","PanicButton"],"picked":"Secret Weapon","floor":41},{"not_picked":["Finesse","Transmutation"],"picked":"Enlightenment","floor":41},{"not_picked":["Thunderclap+1","Cleave+1"],"picked":"Disarm","floor":44},{"not_picked":["Carnage+1","Shrug It Off"],"picked":"Juggernaut","floor":46}],"player_experience":1165607,"relics_obtained":[{"floor":6,"key":"Calipers"},{"floor":9,"key":"Kunai"},{"floor":11,"key":"Molten Egg 2"},{"floor":26,"key":"Self Forming Clay"},{"floor":30,"key":"Necronomicon"},{"floor":43,"key":"Dodecahedron"},{"floor":44,"key":"Girya"},{"floor":46,"key":"Smiling Mask"}],"event_choices":[{"damage_healed":0,"gold_gain":175,"player_choice":"AGREE","damage_taken":0,"max_hp_gain":0,"max_hp_loss":0,"event_name":"Liars Game","floor":4,"gold_loss":0,"cards_obtained":["Doubt"]},{"damage_healed":0,"gold_gain":0,"player_choice":"Bought 3 Potions","damage_taken":0,"max_hp_gain":0,"max_hp_loss":0,"event_name":"The Woman in Blue","floor":10,"gold_loss":0},{"damage_healed":0,"gold_gain":0,"player_choice":"Obtained Book","damage_taken":16,"max_hp_gain":0,"max_hp_loss":0,"event_name":"Cursed Tome","floor":30,"gold_loss":0},{"damage_healed":0,"gold_gain":0,"player_choice":"Max HP","damage_taken":0,"max_hp_gain":0,"max_hp_loss":4,"event_name":"Winding Halls","floor":38,"gold_loss":0},{"damage_healed":0,"gold_gain":0,"player_choice":"Memory 3","damage_taken":10,"max_hp_gain":0,"max_hp_loss":0,"event_name":"SensoryStone","floor":41,"gold_loss":0},{"damage_healed":0,"gold_gain":0,"player_choice":"Fight","damage_taken":0,"max_hp_gain":0,"max_hp_loss":0,"event_name":"MindBloom","floor":44,"gold_loss":0},{"damage_healed":0,"gold_gain":0,"player_choice":"Ignored","damage_taken":0,"max_hp_gain":0,"max_hp_loss":0,"event_name":"Mysterious Sphere","floor":45,"gold_loss":0},{"damage_healed":0,"gold_gain":0,"player_choice":"Paid","damage_taken":0,"relics_obtained":["Red Mask"],"max_hp_gain":0,"max_hp_loss":0,"event_name":"Tomb of Lord Red Mask","floor":47,"gold_loss":177}],"is_beta":false,"boss_relics":[{"not_picked":["Orrery","Runic Dome"],"picked":"Philosopher\u0027s Stone"},{"not_picked":["Fusion Hammer","Lizard Tail"],"picked":"Mark of Pain"}],"items_purged_floors":[8,19,21],"is_endless":false,"potions_floor_spawned":[1,3,5,13,16,18,27,31,36,44],"killed_by":"Time Eater","ascension_level":0}