{"gold_per_floor":[117,144,23,38,57,57,67,83,83,83,83,83,158,158,158,261,261,273,82,94,105,122,122],"floor_reached":23,"playtime":748,"items_purged":["Defend_R"],"score":233,"play_id":"e9702af4-7623-4f21-b472-df55f3378cb1","local_time":"20190314143717","is_ascension_mode":false,"campfire_choices":[{"data":"Perfected Strike","floor":6,"key":"SMITH"},{"floor":10,"key":"RECALL"},{"data":"Evolve","floor":12,"key":"SMITH"},{"data":"Pommel Strike","floor":15,"key":"SMITH"}],"neow_cost":"NONE","seed_source_timestamp":243997593467333,"circlet_count":0,"master_deck":["Strike_R","Strike_R","Strike_R","Strike_R","Strike_R","Defend_R","Defend_R","Defend_R","Bash","Perfected Strike+1","Pommel Strike+1","Wild Strike","Pommel Strike","Evolve+1","Pommel Strike","Demon Form","Pommel Strike","Wild Strike"],"relics":["Burning Blood","Pear","Velvet Choker","HandDrill"],"potions_floor_usage":[23],"damage_taken":[{"damage":3,"enemies":"Cultist","floor":1,"turns":5},{"damage":3,"enemies":"Small Slimes","floor":4,"turns":3},{"damage":1,"enemies":"2 Louse","floor":5,"turns":2},{"damage":6,"enemies":"Large Slime","floor":7,"turns":3},{"damage":10,"enemies":"Exordium Thugs","floor":8,"turns":3},{"damage":53,"enemies":"The Guardian","floor":16,"turns":8},{"damage":10,"enemies":"Chosen","floor":18,"turns":4},{"damage":5,"enemies":"Spheric Guardian","floor":20,"turns":3},{"damage":22,"enemies":"Centurion and Healer","floor":21,"turns":6},{"damage":21,"enemies":"Snake Plant","floor":22,"turns":3},{"damage":71,"enemies":"Slavers","floor":23,"turns":4}],"seed_played":"2261185831483582727","potions_obtained":[{"floor":5,"key":"GamblersBrew"},{"floor":8,"key":"SkillPotion"},{"floor":16,"key":"AttackPotion"},{"floor":18,"key":"Ancient Potion"},{"floor":22,"key":"Energy Potion"}],"is_trial":false,"path_per_floor":["M","T","$","M","M","R","M","M","T","R","$","R","?","?","R","B",null,"M","$","M","M","M","E"],"character_chosen":"IRONCLAD","items_purchased":["Pommel Strike","HandDrill"],"campfire_rested":0,"item_purchase_floors":[3,19],"current_hp_per_floor":[88,88,88,88,88,88,88,84,94,94,94,94,83,88,88,41,103,99,99,100,84,69,0],"gold":122,"neow_bonus":"TEN_PERCENT_HP_BONUS","is_prod":false,"is_daily":false,"chose_seed":false,"campfire_upgraded":3,"win_rate":0,"timestamp":1552570637,"path_taken":["M","?","$","M","?","R","M","M","T","R","$","R","?","?","R","BOSS","M","$","M","M","M","E"],"build_version":"2019-01-23","purchased_purges":1,"victory":false,"max_hp_per_floor":[88,88,88,88,88,88,88,88,98,98,98,98,98,103,103,103,103,103,103,103,103,103,103],"card_choices":[{"not_picked":["Headbutt","Pommel Strike"],"picked":"Perfected Strike","floor":1},{"not_picked":["Shrug It Off","Power Through"],"picked":"Wild Strike","floor":4},{"not_picked":["Intimidate","Rupture"],"picked":"Pommel Strike","floor":5},{"not_picked":["Sword Boomerang","Uppercut","Flex"],"picked":"SKIP","floor":7},{"not_picked":["Corruption","Pommel Strike"],"picked":"Evolve","floor":8},{"not_picked":["Headbutt","Armaments+1"],"picked":"Pommel Strike","floor":18},{"not_picked":["Warcry","True Grit"],"picked":"Demon Form","floor":20},{"not_picked":["Disarm","Whirlwind"],"picked":"Pommel Strike","floor":21},{"not_picked":["Headbutt","Feel No Pain"],"picked":"Wild Strike","floor":22}],"player_experience":73552,"relics_obtained":[{"floor":9,"key":"Pear"}],"event_choices":[{"damage_healed":0,"gold_gain":75,"player_choice":"Gather Gold","damage_taken":11,"max_hp_gain":0,"max_hp_loss":0,"event_name":"World of Goop","floor":13,"gold_loss":0},{"damage_healed":0,"gold_gain":0,"player_choice":"Donut","damage_taken":0,"max_hp_gain":5,"max_hp_loss":0,"event_name":"Big Fish","floor":14,"gold_loss":0}],"is_beta":false,"boss_relics":[{"not_picked":["Calling Bell","Orrery"],"picked":"Velvet Choker"}],"items_purged_floors":[3],"is_endless":false,"potions_floor_spawned":[5,8,16,18,22],"killed_by":"Slavers","ascension_level":0}