{"gold_per_floor":[112,129,54,70,70,101,168,206,271,298,310,335,334,346,358,470,782,806,818,248,238,238,269,287,287,311,410,146,146,146,146,146,242,242,255,255],"floor_reached":36,"playtime":2015,"items_purged":["Strike_R","Pain","Writhe"],"score":499,"play_id":"bce7dcf9-ad13-4fc9-b2d0-fe76738fca1b","local_time":"20190227235356","is_ascension_mode":true,"campfire_choices":[{"floor":11,"key":"REST"},{"floor":15,"key":"REST"},{"floor":25,"key":"REST"},{"floor":32,"key":"REST"}],"neow_cost":"NONE","seed_source_timestamp":266856579929649,"circlet_count":0,"master_deck":["Defend_R+1","Defend_R+1","Defend_R","Defend_R","Bash","Anger+1","Shrug It Off","Shrug It Off","Ghostly Armor+1","Parasite","Shrug It Off+1","Inflame+1","Entrench+1","Demon Form","Bite","Bite","Bite","Bite","Bite","Demon Form"],"relics":["Burning Blood","NeowsBlessing","Ornamental Fan","MawBank","War Paint","Strawberry","Happy Flower","Calling Bell","Juzu Bracelet","Dodecahedron","Old Coin","StoneCalendar","Bronze Scales","Toxic Egg 2","PreservedInsect","Enchiridion","Black Star"],"potions_floor_usage":[8,8,33],"damage_taken":[{"damage":0,"enemies":"Cultist","floor":1,"turns":1},{"damage":0,"enemies":"Small Slimes","floor":2,"turns":1},{"damage":0,"enemies":"2 Louse","floor":4,"turns":1},{"damage":43,"enemies":"Gremlin Nob","floor":6,"turns":5},{"damage":20,"enemies":"Gremlin Nob","floor":7,"turns":4},{"damage":19,"enemies":"Lagavulin","floor":8,"turns":5},{"damage":3,"enemies":"Looter","floor":10,"turns":3},{"damage":3,"enemies":"3 Louse","floor":12,"turns":6},{"damage":10,"enemies":"Exordium Thugs","floor":13,"turns":4},{"damage":49,"enemies":"Hexaghost","floor":16,"turns":13},{"damage":15,"enemies":"Chosen","floor":18,"turns":5},{"damage":11,"enemies":"2 Thieves","floor":21,"turns":4},{"damage":30,"enemies":"Book of Stabbing","floor":23,"turns":7},{"damage":47,"enemies":"Shelled Parasite and Fungi","floor":24,"turns":7},{"damage":30,"enemies":"Champ","floor":33,"turns":13},{"damage":54,"enemies":"3 Shapes","floor":35,"turns":5},{"damage":30,"enemies":"3 Darklings","floor":36,"turns":3}],"seed_played":"1848109158364890127","potions_obtained":[{"floor":1,"key":"GamblersBrew"},{"floor":2,"key":"Poison Potion"},{"floor":6,"key":"Fire Potion"},{"floor":8,"key":"Block Potion"},{"floor":12,"key":"GamblersBrew"},{"floor":16,"key":"AttackPotion"},{"floor":18,"key":"Strength Potion"},{"floor":33,"key":"GamblersBrew"}],"is_trial":false,"path_per_floor":["M","M","$","M","?","E","?","E","T","M","R","M","M","?","R","B",null,"M","?","$","M","?","E","M","R","T","?","$","?","?","?","R","B",null,"M","M"],"character_chosen":"IRONCLAD","items_purchased":["StoneCalendar","Bronze Scales","Inflame","Demon Form"],"campfire_rested":4,"item_purchase_floors":[20,20,20,28],"current_hp_per_floor":[80,80,80,80,77,40,26,20,20,23,49,52,48,31,57,14,87,78,78,78,73,73,49,8,34,34,34,34,34,34,18,36,28,60,18,0],"gold":255,"neow_bonus":"THREE_ENEMY_KILL","is_prod":false,"is_daily":false,"chose_seed":false,"campfire_upgraded":0,"win_rate":0,"timestamp":1551329636,"path_taken":["M","?","$","?","?","E","?","E","T","M","R","M","M","?","R","BOSS","M","?","?","M","?","E","M","R","T","?","$","?","?","?","R","BOSS","M","M"],"build_version":"2019-01-23","purchased_purges":3,"victory":false,"max_hp_per_floor":[80,80,80,80,80,80,80,87,87,87,87,87,87,87,87,87,87,87,87,87,87,87,87,87,87,87,87,87,87,60,60,60,60,60,60,60],"card_choices":[{"not_picked":["Evolve","Sword Boomerang","Sentinel"],"picked":"SKIP","floor":1},{"not_picked":["Armaments","Rupture"],"picked":"Anger","floor":2},{"not_picked":["Hemokinesis","Clothesline","Feel No Pain"],"picked":"SKIP","floor":4},{"not_picked":["Perfected Strike","Infernal Blade","Wild Strike"],"picked":"SKIP","floor":6},{"not_picked":["Carnage","Power Through","Perfected Strike"],"picked":"SKIP","floor":8},{"not_picked":["Dual Wield","Armaments"],"picked":"Shrug It Off","floor":10},{"not_picked":["Sword Boomerang","Twin Strike"],"picked":"Shrug It Off","floor":12},{"not_picked":["Sword Boomerang","Bloodletting"],"picked":"Ghostly Armor","floor":13},{"not_picked":["Sword Boomerang","Anger"],"picked":"Shrug It Off+1","floor":18},{"not_picked":["Anger+1","Sword Boomerang","Clothesline+1"],"picked":"SKIP","floor":21},{"not_picked":["Shrug It Off","Armaments"],"picked":"Entrench","floor":23},{"not_picked":["Clothesline","Dual Wield+1","Havoc+1"],"picked":"SKIP","floor":24},{"not_picked":["Feed","Bludgeon"],"picked":"Demon Form","floor":33},{"not_picked":["Shrug It Off+1","Cleave","Twin Strike+1"],"picked":"SKIP","floor":35}],"player_experience":100542,"relics_obtained":[{"floor":6,"key":"MawBank"},{"floor":7,"key":"War Paint"},{"floor":8,"key":"Strawberry"},{"floor":9,"key":"Happy Flower"},{"floor":17,"key":"Juzu Bracelet"},{"floor":17,"key":"Dodecahedron"},{"floor":17,"key":"Old Coin"},{"floor":23,"key":"Toxic Egg 2"},{"floor":26,"key":"PreservedInsect"},{"floor":31,"key":"Enchiridion"}],"event_choices":[{"damage_healed":0,"gold_gain":0,"player_choice":"Success","damage_taken":3,"relics_obtained":["Ornamental Fan"],"max_hp_gain":0,"max_hp_loss":0,"event_name":"Scrap Ooze","floor":5,"gold_loss":0},{"damage_healed":0,"gold_gain":0,"player_choice":"Searched \u00271\u0027 times","damage_taken":0,"max_hp_gain":0,"max_hp_loss":0,"event_name":"Dead Adventurer","floor":7,"gold_loss":0},{"damage_healed":0,"gold_gain":0,"player_choice":"Entered Light","damage_taken":17,"max_hp_gain":0,"max_hp_loss":0,"event_name":"Shining Light","floor":14,"gold_loss":0,"cards_upgraded":["Anger","Strike_R"]},{"damage_healed":0,"gold_gain":0,"player_choice":"Forge","damage_taken":0,"max_hp_gain":0,"max_hp_loss":0,"event_name":"Accursed Blacksmith","floor":19,"gold_loss":0,"cards_upgraded":["Ghostly Armor"]},{"damage_healed":0,"gold_gain":0,"player_choice":"Upgraded","damage_taken":0,"max_hp_gain":0,"max_hp_loss":0,"event_name":"Upgrade Shrine","floor":22,"gold_loss":0,"cards_upgraded":["Inflame"]},{"damage_healed":0,"gold_gain":99,"player_choice":"Stole From Cult","damage_taken":0,"max_hp_gain":0,"max_hp_loss":0,"event_name":"Nest","floor":27,"gold_loss":0},{"damage_healed":0,"gold_gain":0,"player_choice":"Ignored","damage_taken":0,"max_hp_gain":0,"max_hp_loss":0,"event_name":"Ghosts","floor":29,"gold_loss":0},{"damage_healed":0,"gold_gain":0,"player_choice":"Became a vampire","damage_taken":0,"max_hp_gain":0,"max_hp_loss":27,"event_name":"Vampires","floor":30,"gold_loss":0,"cards_obtained":["Bite","Bite","Bite","Bite","Bite"]},{"damage_healed":0,"gold_gain":0,"player_choice":"Obtained Book","damage_taken":16,"max_hp_gain":0,"max_hp_loss":0,"event_name":"Cursed Tome","floor":31,"gold_loss":0}],"is_beta":false,"boss_relics":[{"not_picked":["Ectoplasm","Sozu"],"picked":"Calling Bell"},{"not_picked":["Eternal Feather","Mark of Pain"],"picked":"Black Star"}],"items_purged_floors":[3,20,28],"is_endless":false,"potions_floor_spawned":[1,2,6,8,12,16,18,33],"killed_by":"3 Darklings","ascension_level":3}