{"gold_per_floor":[116,116,135,149,169,169,180,105,182,201,228,228,241,11,11,116,116,128,128,128,138,148,148,163,163,189,205,205,80,100,15,15,15],"floor_reached":33,"playtime":866,"items_purged":["Bash","Strike_R","Strike_R"],"score":251,"play_id":"797670d0-8ee0-4bba-973e-b9417af84fa9","local_time":"20180714190823","is_ascension_mode":false,"campfire_choices":[{"data":"Iron Wave","floor":6,"key":"SMITH"},{"floor":12,"key":"REST"},{"data":"Flame Barrier","floor":15,"key":"SMITH"},{"floor":23,"key":"REST"},{"floor":25,"key":"REST"},{"floor":28,"key":"REST"},{"floor":32,"key":"REST"}],"neow_cost":"NONE","seed_source_timestamp":0,"circlet_count":0,"master_deck":["Strike_R","Strike_R","Strike_R","Defend_R","Defend_R","Defend_R","Immolate","Iron Wave+1","Carnage","Pommel Strike","Flame Barrier+1","Wild Strike"],"special_seed":0,"relics":["Burning Blood","NeowsBlessing","Bottled Lightning","Calipers","Sozu","Happy Flower","Pen Nib"],"potions_floor_usage":[16,16],"damage_taken":[{"damage":0.0,"enemies":"2 Louse","floor":1.0,"turns":1.0},{"damage":0,"enemies":"Jaw Worm","floor":3,"turns":1},{"damage":0,"enemies":"Small Slimes","floor":4,"turns":1},{"damage":8,"enemies":"Red Slaver","floor":5,"turns":2},{"damage":8,"enemies":"Looter","floor":7,"turns":3},{"damage":0,"enemies":"2 Fungi Beasts","floor":10,"turns":2},{"damage":34,"enemies":"Lagavulin","floor":11,"turns":6},{"damage":0,"enemies":"3 Louse","floor":13,"turns":1},{"damage":73,"enemies":"Hexaghost","floor":16,"turns":9},{"damage":10,"enemies":"Shell Parasite","floor":18,"turns":4},{"damage":25,"enemies":"2 Thieves","floor":21,"turns":4},{"damage":33,"enemies":"Centurion and Healer","floor":22,"turns":5},{"damage":27,"enemies":"Snake Plant","floor":24,"turns":4},{"damage":40,"enemies":"Slaver and Parasite","floor":27,"turns":6},{"damage":24,"enemies":"Centurion and Healer","floor":30,"turns":4},{"damage":45,"enemies":"Collector","floor":33,"turns":4}],"seed_played":"3624580087785715749","potions_obtained":[{"floor":1,"key":"FearPotion"},{"floor":3,"key":"Ancient Potion"},{"floor":10,"key":"Strength Potion"}],"is_trial":false,"path_per_floor":["M","?","M","M","M","R","M","$","T","M","E","R","M","$","R","B",null,"M","?","?","M","M","R","M","R","T","M","R","$","M","?","R"],"character_chosen":"IRONCLAD","items_purchased":["Flame Barrier","Wild Strike"],"campfire_rested":5,"item_purchase_floors":[14,14],"current_hp_per_floor":[80,80,80,80,78,78,76,76,76,80,52,76,80,80,80,13,80,76,61,61,42,15,40,19,44,44,10,35,35,17,17,42,0],"gold":15,"neow_bonus":"THREE_ENEMY_KILL","is_prod":false,"is_daily":false,"chose_seed":false,"campfire_upgraded":2,"win_rate":0.0,"timestamp":1531609703,"path_taken":["M","?","M","M","M","R","M","$","T","M","E","R","M","$","R","BOSS","M","?","?","M","?","R","M","R","T","M","R","$","M","?","R","BOSS"],"build_version":"2018-07-12","purchased_purges":3,"victory":false,"max_hp_per_floor":[80,80,80,80,80,80,80,80,80,80,80,80,80,80,80,80,80,80,85,85,85,85,85,85,85,85,85,85,85,85,85,85,85],"card_choices":[{"not_picked":["Infernal Blade","Pummel","Heavy Blade"],"picked":"SKIP","floor":1},{"not_picked":["Spot Weakness","Metallicize"],"picked":"Iron Wave","floor":3},{"not_picked":["Clash","Feel No Pain"],"picked":"Carnage","floor":4},{"not_picked":["Intimidate","Thunderclap","Cleave"],"picked":"SKIP","floor":5},{"not_picked":["Armaments","Whirlwind"],"picked":"Pommel Strike","floor":7},{"not_picked":["Burning Pact","Combust","Cleave"],"picked":"SKIP","floor":10},{"not_picked":["Disarm","Armaments","Reaper"],"picked":"SKIP","floor":11},{"not_picked":["Disarm","Twin Strike","Clash"],"picked":"SKIP","floor":13},{"not_picked":["Clash","True Grit","Anger+1"],"picked":"SKIP","floor":18},{"not_picked":["Bloodletting+1","Evolve","Pommel Strike"],"picked":"SKIP","floor":21},{"not_picked":["Shrug It Off","Clothesline","Metallicize"],"picked":"SKIP","floor":22},{"not_picked":["Havoc","Flame Barrier","Power Through"],"picked":"SKIP","floor":24},{"not_picked":["Anger","Shrug It Off+1","Ghostly Armor"],"picked":"SKIP","floor":27},{"not_picked":["Rampage","Flex","Sentinel+1"],"picked":"SKIP","floor":30},{"not_picked":["Rampage","Flex","Sentinel+1"],"picked":"SKIP","floor":30}],"player_experience":248159,"relics_obtained":[{"floor":9,"key":"Bottled Lightning"},{"floor":11,"key":"Calipers"},{"floor":26,"key":"Happy Flower"}],"event_choices":[{"event_name":"Living Wall","player_choice":"Change","floor":2,"damage_taken":0},{"event_name":"Forgotten Altar","player_choice":"Shed Blood","floor":19,"damage_taken":0},{"event_name":"The Mausoleum","player_choice":"No","floor":20,"damage_taken":0},{"event_name":"Addict","player_choice":"Obtained Relic","floor":31,"damage_taken":0}],"boss_relics":[{"not_picked":["Coffee Dripper","Philosopher\u0027s Stone"],"picked":"Sozu"}],"items_purged_floors":[8,14,29],"is_endless":false,"potions_floor_spawned":[1,3,10,11,21,22,24,27],"killed_by":"Collector","ascension_level":0}