{"gold_per_floor":[114,129,129,54,99,129,144,144,194,194,44,44,63,82,82,207,207,207],"floor_reached":18,"playtime":701,"items_purged":["Strike_G"],"score":162,"play_id":"b67261c9-b551-4d3b-b052-dcc09193114f","local_time":"20190412231037","daily_mods":["Allstar","Vintage","Lethality"],"is_ascension_mode":false,"campfire_choices":[{"floor":8,"key":"REST"},{"data":"Dark Shackles","floor":10,"key":"SMITH"},{"data":"Neutralize","floor":15,"key":"SMITH"}],"neow_cost":"","seed_source_timestamp":258564732305351,"circlet_count":0,"master_deck":["Defend_G","Defend_G","Defend_G","Defend_G","Defend_G","Strike_G","Strike_G","Strike_G","Strike_G","Survivor","Neutralize+1","Thinking Ahead","Blind","Purity","Bandage Up","Dark Shackles+1"],"special_seed":17999,"relics":["Ring of the Snake","Pen Nib","Happy Flower","Tiny Chest","Singing Bowl","Paper Crane","Orichalcum","Blood Vial","Golden Idol","Strawberry","Molten Egg 2","Busted Crown"],"potions_floor_usage":[14,16,18,18,18],"damage_taken":[{"damage":0,"enemies":"Small Slimes","floor":1,"turns":3},{"damage":0,"enemies":"Cultist","floor":2,"turns":3},{"damage":3,"enemies":"2 Louse","floor":5,"turns":4},{"damage":28,"enemies":"Gremlin Nob","floor":6,"turns":4},{"damage":7,"enemies":"Large Slime","floor":7,"turns":7},{"damage":0,"enemies":"Looter","floor":13,"turns":3},{"damage":7,"enemies":"3 Louse","floor":14,"turns":2},{"damage":33,"enemies":"Slime Boss","floor":16,"turns":14},{"damage":90,"enemies":"3 Byrds","floor":18,"turns":6}],"seed_played":"-5670151409989047964","potions_obtained":[{"floor":2,"key":"Explosive Potion"},{"floor":3,"key":"Fire Potion"},{"floor":3,"key":"Dexterity Potion"},{"floor":14,"key":"PowerPotion"},{"floor":16,"key":"Ancient Potion"}],"is_trial":false,"path_per_floor":["M","M","?","$","M","E","M","R","T","R","$","?","M","M","R","B",null,"M"],"character_chosen":"THE_SILENT","items_purchased":["Blood Vial"],"campfire_rested":1,"item_purchase_floors":[11],"current_hp_per_floor":[70,70,70,70,67,44,41,62,62,62,62,44,53,52,52,27,81,0],"gold":207,"neow_bonus":"","is_prod":false,"is_daily":true,"chose_seed":false,"campfire_upgraded":2,"win_rate":0,"timestamp":1555125037,"path_taken":["M","M","?","?","M","E","M","R","T","R","$","?","M","M","R","BOSS","M"],"build_version":"2019-01-23","purchased_purges":1,"victory":false,"max_hp_per_floor":[70,70,70,70,70,72,72,72,72,72,72,72,79,79,79,81,81,81],"card_choices":[{"not_picked":["Dagger Spray","Reflex","Prepared"],"picked":"Singing Bowl","floor":6},{"not_picked":["Grand Finale+1","Envenom","Phantasmal Killer"],"picked":"Singing Bowl","floor":16}],"player_experience":484339,"relics_obtained":[{"floor":1,"key":"Pen Nib"},{"floor":2,"key":"Happy Flower"},{"floor":5,"key":"Tiny Chest"},{"floor":6,"key":"Singing Bowl"},{"floor":7,"key":"Paper Crane"},{"floor":9,"key":"Orichalcum"},{"floor":13,"key":"Strawberry"},{"floor":14,"key":"Molten Egg 2"}],"event_choices":[{"damage_healed":0,"gold_gain":0,"player_choice":"Got Potions","damage_taken":0,"max_hp_gain":0,"max_hp_loss":0,"event_name":"Lab","floor":3,"gold_loss":0},{"damage_healed":0,"gold_gain":0,"player_choice":"Take Damage","damage_taken":18,"relics_obtained":["Golden Idol"],"max_hp_gain":0,"max_hp_loss":0,"event_name":"Golden Idol","floor":12,"gold_loss":0}],"is_beta":false,"boss_relics":[{"not_picked":["White Beast Statue","Fusion Hammer"],"picked":"Busted Crown"}],"items_purged_floors":[4],"is_endless":false,"potions_floor_spawned":[2,5,14,16],"killed_by":"3 Byrds","ascension_level":0}