{"gold_per_floor":[118,118,137,87,87,99,137,224,236,248,260,272,298,321,333,446,458,481,504,528,640,668,680,89,99,126,126,26,26,38,54,54,150,150,165,165,76,93,113,113,132,132,155,155,186,198,210,221,221,221],"floor_reached":50,"playtime":2043,"items_purged":["Strike_G","Defend_G"],"score":526,"play_id":"4f22e393-5277-4f37-a7d2-8af1d17db637","local_time":"20180830133747","is_ascension_mode":false,"campfire_choices":[{"data":"Survivor","floor":6,"key":"SMITH"},{"floor":10,"key":"REST"},{"floor":12,"key":"REST"},{"data":"Bouncing Flask","floor":15,"key":"SMITH"},{"floor":23,"key":"REST"},{"floor":32,"key":"REST"},{"data":"Apotheosis","floor":40,"key":"SMITH"},{"data":"Masterful Stab","floor":44,"key":"SMITH"},{"floor":49,"key":"REST"}],"neow_cost":"","seed_source_timestamp":98337605733383,"circlet_count":0,"master_deck":["Defend_G","Defend_G","Defend_G","Strike_G","Strike_G","Strike_G","Survivor+1","Neutralize","All Out Attack+1","Bouncing Flask+1","Cloak And Dagger","Endless Agony+1","Apotheosis+1","Noxious Fumes","Impatience","Slice","Masterful Stab+1","Bane","Masterful Stab+1","Bane","Swift Strike","Masterful Stab+1"],"relics":["Ring of the Snake","MawBank","Thread and Needle","Darkstone Periapt","WristBlade","Lee\u0027s Waffle","Bag of Preparation","Busted Crown","Letter Opener","Centennial Puzzle","Singing Bowl"],"potions_floor_usage":[16,33,33,33,50,50,50,50],"damage_taken":[{"damage":4,"enemies":"2 Louse","floor":1,"turns":3},{"damage":5,"enemies":"Cultist","floor":3,"turns":5},{"damage":28,"enemies":"Gremlin Nob","floor":7,"turns":4},{"damage":0,"enemies":"Small Slimes","floor":13,"turns":2},{"damage":1,"enemies":"Looter","floor":14,"turns":4},{"damage":26,"enemies":"Slime Boss","floor":16,"turns":9},{"damage":2,"enemies":"Chosen","floor":18,"turns":5},{"damage":13,"enemies":"Shell Parasite","floor":19,"turns":6},{"damage":18,"enemies":"Snake Plant","floor":20,"turns":4},{"damage":16,"enemies":"Sentry and Sphere","floor":22,"turns":5},{"damage":17,"enemies":"3 Cultists","floor":25,"turns":5},{"damage":11,"enemies":"Snake Plant","floor":30,"turns":3},{"damage":8,"enemies":"Cultist and Chosen","floor":31,"turns":5},{"damage":53,"enemies":"Champ","floor":33,"turns":11},{"damage":0,"enemies":"Orb Walker","floor":35,"turns":3},{"damage":5,"enemies":"Flame Bruiser 1 Orb","floor":38,"turns":3},{"damage":0,"enemies":"Transient","floor":39,"turns":5},{"damage":0,"enemies":"Sphere and 2 Shapes","floor":41,"turns":3},{"damage":25,"enemies":"2 Orb Walkers","floor":45,"turns":5},{"damage":19,"enemies":"Spire Growth","floor":46,"turns":3},{"damage":15,"enemies":"4 Shapes","floor":47,"turns":3},{"damage":0,"enemies":"Transient","floor":48,"turns":5},{"damage":84,"enemies":"Donu and Deca","floor":50,"turns":6}],"seed_played":"6645630467848910124","potions_obtained":[{"floor":1,"key":"EssenceOfSteel"},{"floor":14,"key":"PowerPotion"},{"floor":16,"key":"LiquidBronze"},{"floor":20,"key":"Block Potion"},{"floor":33,"key":"Poison Potion"},{"floor":35,"key":"Regen Potion"},{"floor":38,"key":"FearPotion"},{"floor":41,"key":"SkillPotion"}],"is_trial":false,"path_per_floor":["M","?","M","?","?","R","E","?","T","R","$","R","M","M","R","B",null,"M","M","M","?","M","R","$","M","T","?","$","?","M","M","R","B",null,"M","?","$","M","M","R","M","?","T","R","E","M","M","M","R"],"character_chosen":"THE_SILENT","items_purchased":["Apotheosis","Noxious Fumes","Lee\u0027s Waffle","Impatience","Swift Strike"],"campfire_rested":5,"item_purchase_floors":[24,24,24,24,37],"current_hp_per_floor":[66,66,61,61,54,54,26,15,15,36,36,57,57,56,56,30,70,68,55,37,37,21,42,77,60,60,60,60,87,76,68,87,34,87,87,87,87,82,82,82,82,82,82,82,59,42,27,29,56,0],"gold":221,"neow_bonus":"","is_prod":false,"is_daily":false,"chose_seed":false,"campfire_upgraded":4,"win_rate":0,"timestamp":1535650667,"path_taken":["M","?","M","?","?","R","E","?","T","R","?","R","M","M","R","BOSS","M","?","M","?","?","R","$","M","T","?","?","?","M","?","R","BOSS","M","?","$","M","?","R","M","?","T","R","E","M","M","M","R","BOSS"],"build_version":"2018-08-23v2","purchased_purges":2,"victory":false,"max_hp_per_floor":[70,70,70,70,70,70,70,70,70,70,70,70,70,70,70,70,70,70,70,70,70,70,70,77,77,77,77,77,87,87,87,87,87,87,87,87,87,87,87,87,87,87,87,87,89,91,91,93,93,93],"card_choices":[{"not_picked":["Slice","Cloak And Dagger"],"picked":"All Out Attack","floor":1},{"not_picked":["Slice","Accuracy"],"picked":"Bouncing Flask","floor":3},{"not_picked":["Bouncing Flask","Heel Hook"],"picked":"Cloak And Dagger","floor":7},{"not_picked":["Sucker Punch","Underhanded Strike","Prepared"],"picked":"SKIP","floor":13},{"not_picked":["Flying Knee","Calculated Gamble","Concentrate"],"picked":"SKIP","floor":14},{"not_picked":["Die Die Die","Burst"],"picked":"Envenom","floor":16},{"not_picked":["Deadly Poison+1","Endless Agony","Bouncing Flask"],"picked":"SKIP","floor":18},{"not_picked":["Finisher+1","Eviscerate","Bouncing Flask+1"],"picked":"SKIP","floor":19},{"not_picked":["Eviscerate","Backflip+1"],"picked":"Endless Agony+1","floor":20},{"not_picked":["Outmaneuver+1","Predator","PiercingWail"],"picked":"SKIP","floor":22},{"not_picked":["Dagger Throw","Phantasmal Killer"],"picked":"Slice","floor":25},{"not_picked":["Bouncing Flask","Blade Dance"],"picked":"Bane","floor":30},{"not_picked":["Outmaneuver","Backflip"],"picked":"Masterful Stab+1","floor":31},{"not_picked":[],"picked":"Bane","floor":35},{"not_picked":["Outmaneuver"],"picked":"SKIP","floor":38},{"not_picked":["PiercingWail+1"],"picked":"SKIP","floor":39},{"not_picked":["Dagger Spray+1"],"picked":"SKIP","floor":41},{"not_picked":["Calculated Gamble+1"],"picked":"Singing Bowl","floor":45},{"not_picked":["Dagger Throw"],"picked":"Singing Bowl","floor":46},{"not_picked":[],"picked":"Masterful Stab+1","floor":47},{"not_picked":["Heel Hook"],"picked":"Singing Bowl","floor":48}],"player_experience":316992,"relics_obtained":[{"floor":7,"key":"Thread and Needle"},{"floor":9,"key":"Darkstone Periapt"},{"floor":26,"key":"Bag of Preparation"},{"floor":43,"key":"Centennial Puzzle"},{"floor":45,"key":"Singing Bowl"}],"event_choices":[{"event_name":"Living Wall","player_choice":"Grow","floor":2,"damage_taken":0},{"event_name":"The Cleric","player_choice":"Card Removal","floor":4,"damage_taken":0},{"event_name":"Scrap Ooze","player_choice":"success","floor":5,"damage_taken":7},{"event_name":"World of Goop","player_choice":"Gather Gold","floor":8,"damage_taken":0},{"event_name":"Golden Shrine","player_choice":"Pray","floor":21,"damage_taken":0},{"event_name":"Match and Keep!","player_choice":"1 cards matched","floor":27,"damage_taken":0},{"event_name":"Bonfire Elementals","player_choice":"RARE","floor":29,"damage_taken":0},{"event_name":"WeMeetAgain","player_choice":"Potion","floor":36,"damage_taken":0},{"event_name":"Falling","player_choice":"Removed Skill","floor":42,"damage_taken":0}],"is_beta":false,"boss_relics":[{"not_picked":["Astrolabe","Snecko Eye"],"picked":"WristBlade"},{"not_picked":["Runic Dome","Velvet Choker"],"picked":"Busted Crown"}],"items_purged_floors":[24,28],"is_endless":false,"potions_floor_spawned":[1,14,16,20,31,33,35,38,41,46],"killed_by":"Donu and Deca","ascension_level":0}