{"gold_per_floor":[144,244,289,334,379,469,469,514,539,539,569,84,84,174,174,474,474,519,564,128,173,173,173,218,218,218,218,263,308,353,113,113,413,413,458,483,439,484,529,529,574,574,624,624,124,169,49,94,94,94],"floor_reached":51,"playtime":2014,"items_purged":[],"score":836,"play_id":"b77c7062-2871-42cb-9141-b137feff05ea","local_time":"20190403192858","daily_mods":["Heirloom","Hoarder","Midas"],"is_ascension_mode":false,"campfire_choices":[{"floor":7,"key":"REST"},{"floor":10,"key":"REST"},{"floor":13,"key":"REST"},{"floor":15,"key":"REST"},{"floor":23,"key":"REST"},{"floor":25,"key":"REST"},{"floor":32,"key":"REST"},{"floor":40,"key":"REST"},{"floor":42,"key":"REST"},{"floor":44,"key":"REST"},{"floor":49,"key":"REST"}],"neow_cost":"","seed_source_timestamp":0,"circlet_count":0,"master_deck":["Defend_G","Defend_G","Defend_G","Defend_G","Defend_G","Strike_G","Strike_G","Strike_G","Strike_G","Strike_G","Survivor","Neutralize","Cloak And Dagger","Cloak And Dagger","Cloak And Dagger","Dagger Spray","Dagger Spray","Dagger Spray","Accuracy","Accuracy","Accuracy","Infinite Blades","Infinite Blades","Infinite Blades","Storm of Steel","Storm of Steel","Storm of Steel","Dramatic Entrance","Dramatic Entrance","Dramatic Entrance","Blade Dance","Blade Dance","Blade Dance","Accuracy","Accuracy","Accuracy"],"special_seed":17989,"relics":["Ring of the Serpent","StoneCalendar","The Courier","Lantern","Tiny Chest","Membership Card","Bronze Scales","Vajra","Mango","Potion Belt","WristBlade","Singing Bowl","TwistedFunnel","Juzu Bracelet","Anchor","Bottled Tornado","Blood Vial","OrangePellets","Snake Skull","Bag of Marbles","MawBank","Regal Pillow","Sling","Ancient Tea Set","Thread and Needle","Pen Nib","Centennial Puzzle","Girya","The Specimen"],"potions_floor_usage":[14,16,24,30,33,39,50,50,50],"damage_taken":[{"damage":0,"enemies":"Jaw Worm","floor":1,"turns":5},{"damage":1,"enemies":"Cultist","floor":3,"turns":4},{"damage":6,"enemies":"2 Louse","floor":4,"turns":3},{"damage":7,"enemies":"Large Slime","floor":5,"turns":7},{"damage":28,"enemies":"Lagavulin","floor":6,"turns":7},{"damage":13,"enemies":"Exordium Wildlife","floor":8,"turns":4},{"damage":3,"enemies":"3 Sentries","floor":14,"turns":3},{"damage":51,"enemies":"The Guardian","floor":16,"turns":7},{"damage":12,"enemies":"Shell Parasite","floor":18,"turns":3},{"damage":3,"enemies":"3 Byrds","floor":19,"turns":2},{"damage":5,"enemies":"Snake Plant","floor":21,"turns":2},{"damage":0,"enemies":"Centurion and Healer","floor":24,"turns":2},{"damage":3,"enemies":"Shelled Parasite and Fungi","floor":28,"turns":4},{"damage":0,"enemies":"Chosen and Byrds","floor":29,"turns":3},{"damage":0,"enemies":"Centurion and Healer","floor":30,"turns":3},{"damage":64,"enemies":"Collector","floor":33,"turns":4},{"damage":5,"enemies":"3 Shapes","floor":35,"turns":1},{"damage":0,"enemies":"Orb Walker","floor":38,"turns":2},{"damage":21,"enemies":"Writhing Mass","floor":39,"turns":3},{"damage":47,"enemies":"Maw","floor":41,"turns":6},{"damage":22,"enemies":"Spire Growth","floor":46,"turns":3},{"damage":30,"enemies":"Writhing Mass","floor":48,"turns":3},{"damage":109,"enemies":"Awakened One","floor":50,"turns":7}],"seed_played":"8059318561791735055","potions_obtained":[{"floor":1,"key":"Swift Potion"},{"floor":5,"key":"Strength Potion"},{"floor":6,"key":"AttackPotion"},{"floor":14,"key":"Energy Potion"},{"floor":18,"key":"Dexterity Potion"},{"floor":24,"key":"SkillPotion"},{"floor":28,"key":"GamblersBrew"},{"floor":30,"key":"Poison Potion"},{"floor":35,"key":"FearPotion"},{"floor":41,"key":"Poison Potion"}],"is_trial":false,"path_per_floor":["M","?","M","M","M","E","R","M","T","R","T","$","R","E","R","B",null,"M","M","$","M","?","R","M","R","T","?","M","M","M","$","R","B",null,"M","T","$","M","M","R","M","R","T","R","$","M","$","M","R","B",null],"character_chosen":"THE_SILENT","items_purchased":["Infinite Blades","Membership Card","Bronze Scales","Vajra","Mango","Storm of Steel","Singing Bowl","Dramatic Entrance","TwistedFunnel","Juzu Bracelet","Anchor","Bottled Tornado","Blade Dance","OrangePellets","Snake Skull","Bag of Marbles","Regen Potion","Accuracy","FairyPotion","Sling","Ancient Tea Set","Thread and Needle","Pen Nib","Centennial Puzzle","Girya","The Specimen"],"campfire_rested":11,"item_purchase_floors":[12,12,12,12,12,12,20,20,20,20,20,20,31,31,31,31,31,37,37,45,45,45,45,45,45,47],"current_hp_per_floor":[70,70,69,63,56,28,49,36,36,57,57,71,84,81,84,33,84,72,69,69,66,49,76,78,93,93,93,92,96,99,99,99,37,101,98,98,98,102,85,107,62,94,94,109,109,89,89,63,111,19],"gold":94,"neow_bonus":"","is_prod":false,"is_daily":true,"chose_seed":false,"campfire_upgraded":0,"win_rate":0,"timestamp":1554334138,"path_taken":["M","?","M","?","?","E","R","?","T","R","?","$","R","E","R","BOSS","M","M","$","M","?","R","M","R","T","?","M","M","M","?","R","BOSS","M","?","?","M","M","R","M","R","T","R","$","M","$","M","R","BOSS"],"build_version":"2019-01-23","purchased_purges":0,"victory":true,"max_hp_per_floor":[70,70,70,70,70,70,70,70,70,70,70,84,84,84,84,84,84,84,84,84,86,91,91,93,93,93,93,95,97,99,99,99,101,101,103,103,103,105,107,107,109,109,109,109,109,111,111,113,113,113],"card_choices":[{"not_picked":["Choke","Dodge and Roll","Predator"],"picked":"SKIP","floor":1},{"not_picked":["All Out Attack","Bane","Riddle With Holes"],"picked":"SKIP","floor":3},{"not_picked":["Prepared","Quick Slash"],"picked":"Cloak And Dagger","floor":4},{"not_picked":["Quick Slash","Finisher","All Out Attack"],"picked":"SKIP","floor":5},{"not_picked":["Flying Knee","Bane"],"picked":"Dagger Spray","floor":6},{"not_picked":["Bane","Deadly Poison"],"picked":"Accuracy","floor":8},{"not_picked":["Bullet Time","Deflect","Sucker Punch"],"picked":"SKIP","floor":14},{"not_picked":["Underhanded Strike+1","Escape Plan","Accuracy"],"picked":"SKIP","floor":18},{"not_picked":["Deadly Poison","Poisoned Stab","Outmaneuver"],"picked":"SKIP","floor":19},{"not_picked":["Setup+1","Dagger Throw","Storm of Steel"],"picked":"Singing Bowl","floor":21},{"not_picked":["Acrobatics","Tactician","Flying Knee"],"picked":"Singing Bowl","floor":24},{"not_picked":["Distraction","Bane","Tactician"],"picked":"Singing Bowl","floor":28},{"not_picked":["Dagger Throw","Infinite Blades","Dodge and Roll"],"picked":"Singing Bowl","floor":29},{"not_picked":["Dagger Spray","Leg Sweep","Acrobatics"],"picked":"Singing Bowl","floor":30},{"not_picked":["Phantasmal Killer","Wraith Form v2","Corpse Explosion"],"picked":"Singing Bowl","floor":33},{"not_picked":["Masterful Stab+1","Quick Slash","Calculated Gamble"],"picked":"Singing Bowl","floor":35},{"not_picked":["Underhanded Strike","Distraction+1","Dagger Spray+1"],"picked":"Singing Bowl","floor":38},{"not_picked":["PiercingWail","Endless Agony","Bouncing Flask+1"],"picked":"Singing Bowl","floor":39},{"not_picked":["Bane","Dagger Spray+1","Dodge and Roll+1"],"picked":"Singing Bowl","floor":41},{"not_picked":["Eviscerate","Escape Plan+1","Underhanded Strike+1"],"picked":"Singing Bowl","floor":46},{"not_picked":["Doppelganger","Well Laid Plans+1","Sucker Punch"],"picked":"Singing Bowl","floor":48}],"player_experience":439413,"relics_obtained":[{"floor":6,"key":"The Courier"},{"floor":9,"key":"Lantern"},{"floor":11,"key":"Tiny Chest"},{"floor":14,"key":"Potion Belt"},{"floor":26,"key":"Blood Vial"},{"floor":36,"key":"MawBank"},{"floor":43,"key":"Regal Pillow"}],"event_choices":[{"damage_healed":0,"gold_gain":100,"player_choice":"Pray","damage_taken":0,"max_hp_gain":0,"max_hp_loss":0,"event_name":"Golden Shrine","floor":2,"gold_loss":0},{"damage_healed":0,"gold_gain":0,"player_choice":"Shed Blood","damage_taken":22,"max_hp_gain":5,"max_hp_loss":0,"event_name":"Forgotten Altar","floor":22,"gold_loss":0},{"damage_healed":31,"gold_gain":0,"player_choice":"Heal","damage_taken":0,"max_hp_gain":0,"max_hp_loss":0,"event_name":"The Library","floor":27,"gold_loss":0}],"is_beta":false,"boss_relics":[{"not_picked":["Cursed Key","White Beast Statue"],"picked":"WristBlade"},{"not_picked":["Fusion Hammer","Runic Pyramid"],"picked":"Ring of the Serpent"}],"items_purged_floors":[],"is_endless":false,"potions_floor_spawned":[1,5,6,14,18,24,28,30,35,41,46],"ascension_level":0}