{"gold_per_floor":[115,115,131,131,148,177,177,202,202,222,250,250,262,278,278,381,381,400,348,358,318,142,142,177,195,195,214,214,224,224,254,254,351,351,364,384,399,196,213,238,238,257,283,283,129,147,164,183,183,183],"floor_reached":51,"playtime":4072,"items_purged":["Defend_B"],"score":868,"play_id":"6d743b42-bf35-439d-a947-84cf25245732","local_time":"20190417020654","is_ascension_mode":false,"campfire_choices":[{"data":"Streamline","floor":7,"key":"SMITH"},{"data":"Static Discharge","floor":15,"key":"SMITH"},{"data":"Seek","floor":23,"key":"SMITH"},{"data":"Doom and Gloom","floor":28,"key":"SMITH"},{"data":"Sunder","floor":32,"key":"SMITH"},{"data":"Redo","floor":41,"key":"SMITH"},{"data":"Static Discharge","floor":49,"key":"SMITH"}],"neow_cost":"NONE","seed_source_timestamp":397485715185600,"circlet_count":0,"master_deck":["Strike_B","Strike_B","Strike_B+1","Defend_B","Defend_B","Zap","Dualcast+1","Cold Snap","Redo+1","Streamline+1","Hello World","Conserve Battery","Conserve Battery","Hologram+1","Static Discharge+1","Conserve Battery","Hyperbeam","Steam+1","Self Repair","Seek+1","Steam","Static Discharge+1","Conserve Battery","Doom and Gloom+1","Barrage+1","Sunder+1","Multi-Cast","Stack+1","Glacier","Loop+1","Aggregate+1","Darkness+1","Conserve Battery","Static Discharge+1","Turbo","Go for the Eyes+1","Go for the Eyes+1","Conserve Battery"],"relics":["Cracked Core","Letter Opener","Smiling Mask","Oddly Smooth Stone","Meat on the Bone","Question Card","Runic Pyramid","Matryoshka","FossilizedHelix","Centennial Puzzle","Symbiotic Virus","DataDisk","Coffee Dripper","Art of War","Bottled Flame","Bag of Preparation","Orichalcum"],"potions_floor_usage":[8,16,16,24,33,36,42,50,50,50],"damage_taken":[{"damage":1,"enemies":"Jaw Worm","floor":1,"turns":3},{"damage":0,"enemies":"2 Louse","floor":3,"turns":2},{"damage":0,"enemies":"Cultist","floor":5,"turns":2},{"damage":16,"enemies":"3 Sentries","floor":6,"turns":6},{"damage":6,"enemies":"Gremlin Nob","floor":8,"turns":3},{"damage":15,"enemies":"Blue Slaver","floor":10,"turns":3},{"damage":15,"enemies":"Lagavulin","floor":11,"turns":6},{"damage":14,"enemies":"Exordium Thugs","floor":13,"turns":4},{"damage":0,"enemies":"Looter","floor":14,"turns":2},{"damage":7,"enemies":"Slime Boss","floor":16,"turns":6},{"damage":2,"enemies":"Shell Parasite","floor":18,"turns":4},{"damage":6,"enemies":"3 Byrds","floor":20,"turns":4},{"damage":12,"enemies":"Book of Stabbing","floor":24,"turns":5},{"damage":12,"enemies":"Shelled Parasite and Fungi","floor":25,"turns":6},{"damage":0,"enemies":"Snake Plant","floor":27,"turns":4},{"damage":0,"enemies":"Cultist and Chosen","floor":29,"turns":7},{"damage":13,"enemies":"Slavers","floor":31,"turns":7},{"damage":0,"enemies":"Automaton","floor":33,"turns":10},{"damage":0,"enemies":"Orb Walker","floor":35,"turns":3},{"damage":1,"enemies":"3 Darklings","floor":36,"turns":5},{"damage":0,"enemies":"Transient","floor":37,"turns":5},{"damage":0,"enemies":"Jaw Worm Horde","floor":39,"turns":2},{"damage":0,"enemies":"Nemesis","floor":40,"turns":5},{"damage":0,"enemies":"Writhing Mass","floor":42,"turns":4},{"damage":0,"enemies":"4 Shapes","floor":46,"turns":3},{"damage":0,"enemies":"Transient","floor":47,"turns":5},{"damage":0,"enemies":"Sphere and 2 Shapes","floor":48,"turns":2},{"damage":0,"enemies":"Donu and Deca","floor":50,"turns":6}],"seed_played":"1010848228262654910","potions_obtained":[{"floor":1,"key":"Ancient Potion"},{"floor":8,"key":"PowerPotion"},{"floor":10,"key":"SkillPotion"},{"floor":11,"key":"PowerPotion"},{"floor":14,"key":"AttackPotion"},{"floor":20,"key":"SkillPotion"},{"floor":27,"key":"Swift Potion"},{"floor":36,"key":"EssenceOfSteel"},{"floor":42,"key":"SkillPotion"},{"floor":46,"key":"Regen Potion"},{"floor":47,"key":"FocusPotion"}],"is_trial":false,"path_per_floor":["M","?","M","T","M","E","R","E","T","M","E","?","M","M","R","B",null,"M","?","M","?","$","R","E","M","T","M","R","M","?","E","R","B",null,"M","M","M","$","M","E","R","M","T","?","$","M","M","M","R","B",null],"character_chosen":"DEFECT","items_purchased":["Seek","Steam","PowerPotion","Art of War","Energy Potion","Turbo","Energy Potion"],"campfire_rested":0,"item_purchase_floors":[22,22,22,38,38,45,45],"current_hp_per_floor":[74,74,74,74,74,58,58,52,52,49,46,51,49,49,49,42,80,78,78,72,72,72,72,67,62,62,62,62,69,69,63,63,70,80,80,79,80,80,80,80,80,80,80,80,80,80,80,80,80,80],"gold":183,"neow_bonus":"UPGRADE_CARD","is_prod":false,"is_daily":false,"chose_seed":false,"campfire_upgraded":7,"win_rate":0,"timestamp":1555492014,"path_taken":["M","?","M","?","M","E","R","E","T","M","E","?","M","M","R","BOSS","M","?","?","?","?","R","E","M","T","M","R","M","?","E","R","BOSS","M","M","?","$","M","E","R","M","T","?","$","M","M","M","R","BOSS"],"build_version":"2019-01-23","purchased_purges":1,"victory":true,"max_hp_per_floor":[75,75,75,75,75,75,75,75,75,75,75,80,80,80,80,80,80,80,80,80,80,80,80,80,80,80,80,80,80,80,80,80,80,80,80,80,80,80,80,80,80,80,80,80,80,80,80,80,80,80],"card_choices":[{"not_picked":["Chill","Force Field"],"picked":"Cold Snap","floor":1},{"not_picked":["Redo","Heatsinks","Stack"],"picked":"SKIP","floor":3},{"not_picked":["Heatsinks","Stack"],"picked":"Redo","floor":3},{"not_picked":["Barrage","Glacier"],"picked":"Streamline","floor":5},{"not_picked":["Storm","Doom and Gloom"],"picked":"Hello World","floor":6},{"not_picked":["Redo","Streamline"],"picked":"Conserve Battery","floor":8},{"not_picked":["Fusion","Coolheaded"],"picked":"Conserve Battery","floor":10},{"not_picked":["Thunder Strike","Gash"],"picked":"Hologram","floor":11},{"not_picked":["Cold Snap","Hologram","Steam"],"picked":"Static Discharge","floor":13},{"not_picked":["Lockon","Scrape","Leap"],"picked":"Conserve Battery","floor":14},{"not_picked":["Creative AI","Reboot","Buffer"],"picked":"Hyperbeam","floor":16},{"not_picked":["Barrage","Stack+1","Sweeping Beam"],"picked":"Steam+1","floor":18},{"not_picked":["Chill","Darkness","Hologram"],"picked":"Self Repair","floor":20},{"not_picked":["Reprogram","Ball Lightning+1","Beam Cell+1"],"picked":"Static Discharge+1","floor":24},{"not_picked":["Gash","Sweeping Beam","Stack"],"picked":"Conserve Battery","floor":25},{"not_picked":["Compile Driver+1","Sweeping Beam","Rip and Tear"],"picked":"Doom and Gloom","floor":27},{"not_picked":["Reprogram","Rainbow","Streamline"],"picked":"Barrage+1","floor":29},{"not_picked":["Steam Power","Cold Snap","Rebound"],"picked":"Sunder","floor":31},{"not_picked":["Amplify","Core Surge","Biased Cognition"],"picked":"Multi-Cast","floor":33},{"not_picked":["Compile Driver","Leap+1","Cold Snap+1"],"picked":"Stack+1","floor":35},{"not_picked":["Leap","Skim+1","Steam"],"picked":"Glacier","floor":36},{"not_picked":["Recycle","Blizzard+1","Chaos"],"picked":"Loop+1","floor":37},{"not_picked":["Heatsinks","Force Field","Barrage"],"picked":"Aggregate+1","floor":39},{"not_picked":["Ball Lightning+1","Go for the Eyes","Compile Driver+1"],"picked":"Darkness+1","floor":40},{"not_picked":["BootSequence+1","Redo","Barrage"],"picked":"Conserve Battery","floor":42},{"not_picked":["Scrape+1","Ball Lightning","Compile Driver"],"picked":"Go for the Eyes+1","floor":46},{"not_picked":["Cold Snap","Steam","Ball Lightning+1"],"picked":"Go for the Eyes+1","floor":47},{"not_picked":["Coolheaded+1","Genetic Algorithm","Skim"],"picked":"Conserve Battery","floor":48}],"player_experience":409673,"relics_obtained":[{"floor":4,"key":"Letter Opener"},{"floor":6,"key":"Smiling Mask"},{"floor":8,"key":"Oddly Smooth Stone"},{"floor":9,"key":"Meat on the Bone"},{"floor":11,"key":"Question Card"},{"floor":24,"key":"FossilizedHelix"},{"floor":26,"key":"Centennial Puzzle"},{"floor":26,"key":"Symbiotic Virus"},{"floor":31,"key":"DataDisk"},{"floor":40,"key":"Bottled Flame"},{"floor":43,"key":"Bag of Preparation"},{"floor":43,"key":"Orichalcum"}],"event_choices":[{"damage_healed":0,"gold_gain":0,"player_choice":"Ignored","damage_taken":0,"max_hp_gain":0,"max_hp_loss":0,"event_name":"Liars Game","floor":2,"gold_loss":0},{"damage_healed":0,"gold_gain":0,"player_choice":"Donut","damage_taken":0,"max_hp_gain":5,"max_hp_loss":0,"event_name":"Big Fish","floor":12,"gold_loss":0},{"damage_healed":0,"gold_gain":0,"player_choice":"Paid Gold","damage_taken":0,"relics_obtained":["Matryoshka"],"max_hp_gain":0,"max_hp_loss":0,"event_name":"WeMeetAgain","floor":19,"gold_loss":52},{"damage_healed":0,"gold_gain":0,"player_choice":"Upgraded Two","damage_taken":0,"max_hp_gain":0,"max_hp_loss":0,"event_name":"Designer","floor":21,"gold_loss":40,"cards_upgraded":["Hologram","Strike_B"]},{"cards_removed":["Strike_B"],"damage_healed":0,"gold_gain":0,"player_choice":"Purged","damage_taken":0,"max_hp_gain":0,"max_hp_loss":0,"event_name":"Purifier","floor":30,"gold_loss":0},{"damage_healed":0,"gold_gain":0,"cards_transformed":["Defend_B"],"player_choice":"Transformed","damage_taken":0,"max_hp_gain":0,"max_hp_loss":0,"event_name":"Transmorgrifier","floor":44,"gold_loss":0,"cards_obtained":["Static Discharge"]}],"is_beta":false,"boss_relics":[{"not_picked":["Inserter","Nuclear Battery"],"picked":"Runic Pyramid"},{"not_picked":["Pandora\u0027s Box","Orrery"],"picked":"Coffee Dripper"}],"items_purged_floors":[45],"is_endless":false,"potions_floor_spawned":[1,8,10,11,14,20,27,31,36,42,46,47],"ascension_level":0}