{"path_per_floor":["M","?","?","$","M","R","E","R","T","R","E","M","M","M","R","B",null,"M","M","$","M","$","E","R","M","T","R","?","M","M","M","R"],"character_chosen":"IRONCLAD","items_purchased":["Mummified Hand"],"gold_per_floor":[115,115,115,115,133,133,168,168,168,168,195,210,223,242,242,339,339,351,365,43,63,63,89,89,105,128,128,128,142,161,174,174],"floor_reached":33,"campfire_rested":2,"playtime":2235,"current_hp_per_floor":[80,80,80,80,80,80,80,80,80,80,81,87,87,87,87,47,87,76,76,76,65,65,48,74,37,37,63,87,87,51,52,52],"items_purged":["Defend_R"],"gold":174,"score":365,"play_id":"07f50c55-611f-4bf6-b8fd-27c2fd58be95","is_prod":false,"is_daily":false,"is_ascension_mode":true,"campfire_upgraded":5,"path_taken":["M","?","?","$","M","R","E","R","T","R","E","M","M","?","R","BOSS","M","M","$","M","$","E","R","?","T","R","?","M","?","M","R","BOSS"],"build_version":"2018-02-08-PROD1","purchased_purges":1,"victory":false,"master_deck":["Strike_R","Strike_R","Strike_R","Strike_R","Strike_R","Defend_R","Defend_R","Defend_R","Bash+1","Brutality+1","Seeing Red","Finesse","Infernal Blade+1","Headbutt+1","Thunderclap","Flex","Flame Barrier+1","Shrug It Off","Impervious","Metallicize+1","True Grit+1","Spot Weakness","Heavy Blade"],"max_hp_per_floor":[80,80,80,80,80,80,80,80,80,80,87,87,87,87,87,87,87,87,87,87,87,87,87,87,87,87,87,87,87,87,87,87],"relics":["Burning Blood","NeowsBlessing","Gremlin Horn","Thread and Needle","Strawberry","Lizard Tail","Mummified Hand","Oddly Smooth Stone","Vajra"],"card_choices":[{"not_picked":["Armaments","Twin Strike"],"picked":"Brutality"},{"not_picked":["Second Wind","Hemokinesis"],"picked":"Infernal Blade"},{"not_picked":["Entrench","Sword Boomerang"],"picked":"Headbutt"},{"not_picked":["Havoc","Twin Strike"],"picked":"Thunderclap"},{"not_picked":["Headbutt","Ghostly Armor"],"picked":"Flex"},{"not_picked":["Sever Soul","Juggernaut"],"picked":"Flame Barrier"},{"not_picked":["Headbutt","Perfected Strike"],"picked":"Shrug It Off"},{"not_picked":["Juggernaut","Demon Form"],"picked":"Impervious"},{"not_picked":["Sever Soul","Armaments"],"picked":"Metallicize"},{"not_picked":["Entrench","Immolate"],"picked":"True Grit"},{"not_picked":["Carnage","Headbutt"],"picked":"Spot Weakness"},{"not_picked":["Twin Strike","Clash"],"picked":"Heavy Blade"}],"player_experience":215326,"potions_floor_usage":[11,16,16,18,21,25,29,31],"damage_taken":[{"damage":0,"enemies":"2 Louse","floor":1,"turns":1},{"damage":0,"enemies":"Blue Slaver","floor":5,"turns":1},{"damage":0,"enemies":"Gremlin Nob","floor":7,"turns":1},{"damage":12,"enemies":"Lagavulin","floor":11,"turns":4},{"damage":0,"enemies":"Cultist","floor":12,"turns":3},{"damage":1,"enemies":"2 Fungi Beasts","floor":13,"turns":2},{"damage":0,"enemies":"3 Louse","floor":14,"turns":3},{"damage":46,"enemies":"Hexaghost","floor":16,"turns":7},{"damage":17,"enemies":"2 Thieves","floor":18,"turns":2},{"damage":6,"enemies":"Shell Parasite","floor":19,"turns":10},{"damage":17,"enemies":"Snecko","floor":21,"turns":7},{"damage":73,"enemies":"Book of Stabbing","floor":23,"turns":9},{"damage":43,"enemies":"Slaver and Parasite","floor":25,"turns":10},{"damage":3,"enemies":"Snake Plant","floor":29,"turns":4},{"damage":42,"enemies":"3 Cultists","floor":30,"turns":5},{"damage":5,"enemies":"Cultist and Chosen","floor":31,"turns":8},{"damage":61,"enemies":"Automaton","floor":33,"turns":8}],"event_choices":[{"event_name":"Match and Keep!","player_choice":"2 cards matched","floor":2,"damage_taken":0},{"event_name":"Liars Game","player_choice":"disagreed","floor":3,"damage_taken":0},{"event_name":"The Library","player_choice":"Heal","floor":28,"damage_taken":0}],"boss_relics":[{"not_picked":["Runic Dome","Runic Pyramid"],"picked":"Lizard Tail"}],"potions_floor_spawned":[5,7,12,14,19,23,25,29],"seed_played":"3935093635474376289","killed_by":"Automaton","ascension_level":4,"is_trial":false}