{"path_per_floor":["M","?","M","M","$","R","E","R","T","R","E","M","E","?","R","B",null,"M","?","M","$","?","R","E","R","T","R","?","E","?","M","R"],"character_chosen":"DEFECT","items_purchased":["FTL"],"gold_per_floor":[110,110,126,146,34,34,65,65,65,65,99,111,138,199,199,297,297,314,314,329,229,229,229,260,260,260,260,260,288,203,221,221,221],"floor_reached":33,"campfire_rested":2,"playtime":1453,"current_hp_per_floor":[64,57,56,53,53,53,41,41,41,41,30,29,29,28,28,24,62,62,62,61,61,61,61,42,42,42,64,64,17,17,17,39,0],"items_purged":["Strike_B","Defend_B"],"gold":221,"score":454,"play_id":"b2dd17ab-8a91-4630-877d-27b967184035","local_time":"20180517000035","is_prod":false,"is_daily":false,"chose_seed":false,"is_ascension_mode":true,"campfire_upgraded":6,"timestamp":1526508035,"path_taken":["M","?","M","M","$","R","E","R","T","R","E","?","E","?","R","BOSS","M","?","M","$","?","R","E","R","T","R","?","E","?","M","R","BOSS"],"build_version":"2018-05-15","seed_source_timestamp":262772275058986,"purchased_purges":2,"victory":false,"master_deck":["Defend_B","Zap+1","Dualcast+1","Heatsinks","Ball Lightning","Go for the Eyes+1","FTL+1","Cold Snap","Hologram+1","Sweeping Beam","Skim","Melter","Reboot+1","Reinforced Body+1","Blizzard+1","Conserve Battery+1","Capacitor+1","Skim+1","Undo+1","Glacier"],"max_hp_per_floor":[75,75,75,75,75,75,75,75,75,75,75,75,75,75,75,75,75,75,75,75,75,75,75,75,75,75,75,75,75,75,75,75,75],"relics":["Cracked Core","Cables","Bottled Flame","DataDisk","Thread and Needle","Juzu Bracelet","Astrolabe","Question Card","Unceasing Top","Ancient Tea Set","Art of War"],"card_choices":[{"not_picked":["Recycle","Leap","Capacitor"],"picked":"SKIP","floor":1.0},{"not_picked":["Rebound","Chaos"],"picked":"Ball Lightning","floor":3.0},{"not_picked":["Beam Cell","Turbo"],"picked":"Go for the Eyes","floor":4.0},{"not_picked":["Redo","Beam Cell"],"picked":"Cold Snap","floor":7.0},{"not_picked":["Turbo","Doom and Gloom"],"picked":"Hologram","floor":11.0},{"not_picked":["Machine Learning","Skim"],"picked":"Sweeping Beam","floor":12.0},{"not_picked":["Aggregate","Leap"],"picked":"Skim","floor":13},{"not_picked":["Steam Power","Loop"],"picked":"Melter","floor":14},{"not_picked":["Thunder Strike","Meteor Strike"],"picked":"Reboot","floor":16},{"not_picked":["White Noise+1","Leap"],"picked":"Capacitor+1","floor":18},{"not_picked":["Streamline","Sweeping Beam"],"picked":"Skim+1","floor":20},{"not_picked":["Auto Shields","Sweeping Beam"],"picked":"Undo+1","floor":24},{"not_picked":["Storm","Axe Kick+1","Hologram","Leap+1"],"picked":"SKIP","floor":29},{"not_picked":["Fission","Hologram","Storm"],"picked":"Glacier","floor":31}],"player_experience":669981,"potions_floor_usage":[20,33],"damage_taken":[{"damage":4.0,"enemies":"2 Louse","floor":1.0,"turns":3.0},{"damage":1.0,"enemies":"Cultist","floor":3.0,"turns":4.0},{"damage":3.0,"enemies":"Small Slimes","floor":4.0,"turns":3.0},{"damage":12.0,"enemies":"Gremlin Nob","floor":7.0,"turns":3.0},{"damage":11.0,"enemies":"Lagavulin","floor":11.0,"turns":5.0},{"damage":1.0,"enemies":"Red Slaver","floor":12.0,"turns":2.0},{"damage":0,"enemies":"3 Sentries","floor":13,"turns":4},{"damage":1,"enemies":"3 Sentries","floor":14,"turns":4},{"damage":4,"enemies":"The Guardian","floor":16,"turns":8},{"damage":0,"enemies":"Chosen","floor":18,"turns":4},{"damage":1,"enemies":"3 Byrds","floor":20,"turns":4},{"damage":19,"enemies":"Gremlin Leader","floor":24,"turns":7},{"damage":47,"enemies":"Slavers","floor":29,"turns":6},{"damage":0,"enemies":"Cultist and Chosen","floor":31,"turns":6},{"damage":49,"enemies":"Champ","floor":33,"turns":13}],"relics_obtained":[{"floor":7.0,"key":"Cables"},{"floor":9.0,"key":"Bottled Flame"},{"floor":11.0,"key":"DataDisk"},{"floor":13,"key":"Thread and Needle"},{"floor":14,"key":"Juzu Bracelet"},{"floor":24,"key":"Question Card"},{"floor":26,"key":"Unceasing Top"},{"floor":29,"key":"Ancient Tea Set"}],"event_choices":[{"event_name":"Wheel of Change","player_choice":"Damage","floor":2.0,"damage_taken":0.0},{"event_name":"Dead Adventurer","player_choice":"Searched \u00272\u0027 times","floor":14,"damage_taken":0},{"event_name":"Drug Dealer","player_choice":"Ignored","floor":19,"damage_taken":0},{"event_name":"Ghosts","player_choice":"Ignored","floor":22,"damage_taken":0},{"event_name":"Back to Basics","player_choice":"Elegance","floor":28,"damage_taken":0},{"event_name":"Addict","player_choice":"Obtained Relic","floor":30,"damage_taken":0}],"boss_relics":[{"not_picked":["Lizard Tail","White Beast Statue"],"picked":"Astrolabe"}],"potions_floor_spawned":[1,7,12,14,18,29],"seed_played":"9045046863918751850","killed_by":"Champ","ascension_level":8,"potions_obtained":[{"floor":1.0,"key":"Fire Potion"},{"floor":7.0,"key":"LiquidBronze"},{"floor":12.0,"key":"FearPotion"},{"floor":14,"key":"FairyPotion"},{"floor":18,"key":"PowerPotion"},{"floor":29,"key":"Swift Potion"}],"is_trial":false}