{"gold_per_floor":[111,121,46,46,58,58,58,58,58,89,89,103,103],"floor_reached":13,"playtime":309,"items_purged":["Strike_R"],"score":166,"play_id":"691176eb-3e49-4ae7-ad4b-81c8ac6a9605","local_time":"20190306180643","is_ascension_mode":true,"campfire_choices":[{"data":"Heavy Blade","floor":6,"key":"SMITH"},{"floor":11,"key":"REST"}],"neow_cost":"NONE","seed_source_timestamp":122257141980677,"circlet_count":0,"master_deck":["AscendersBane","Strike_R","Strike_R","Strike_R","Defend_R+1","Defend_R","Defend_R","Defend_R","Bash+1","Heavy Blade+1","Headbutt","Reaper","Brutality+1"],"special_seed":0,"relics":["Burning Blood","Frozen Egg 2","Gambling Chip"],"potions_floor_usage":[10],"damage_taken":[{"damage":7.0,"enemies":"Jaw Worm","floor":1.0,"turns":3.0},{"damage":1.0,"enemies":"Cultist","floor":2.0,"turns":3.0},{"damage":8,"enemies":"2 Louse","floor":5,"turns":2},{"damage":40,"enemies":"Lagavulin","floor":10,"turns":4},{"damage":43,"enemies":"Exordium Thugs","floor":12,"turns":6},{"damage":35,"enemies":"Gremlin Gang","floor":13,"turns":2}],"seed_played":"475153995943989619","potions_obtained":[{"floor":5,"key":"AttackPotion"},{"floor":10,"key":"Poison Potion"}],"is_trial":false,"path_per_floor":["M","M","$","?","M","R","?","$","T","E","R","M","M"],"character_chosen":"IRONCLAD","items_purchased":[],"campfire_rested":1,"item_purchase_floors":[],"current_hp_per_floor":[67,72,72,72,70,70,70,70,70,40,62,29,0],"gold":103,"neow_bonus":"UPGRADE_CARD","is_prod":false,"is_daily":false,"chose_seed":false,"campfire_upgraded":1,"win_rate":0,"timestamp":1551892003,"path_taken":["M","M","$","?","?","R","?","?","T","E","R","M","M"],"build_version":"2019-01-23","purchased_purges":1,"victory":false,"max_hp_per_floor":[75,75,75,75,75,75,75,75,75,75,75,75,75],"card_choices":[{"not_picked":["Clothesline","Sentinel"],"picked":"Heavy Blade","floor":1.0},{"not_picked":["Anger","Clash"],"picked":"Headbutt","floor":2.0},{"not_picked":["Twin Strike","Warcry","Pommel Strike"],"picked":"SKIP","floor":5},{"not_picked":["Uppercut","Shrug It Off"],"picked":"Brutality+1","floor":10},{"not_picked":["Cleave","Sword Boomerang","Body Slam"],"picked":"SKIP","floor":12}],"player_experience":946582,"relics_obtained":[{"floor":9,"key":"Frozen Egg 2"},{"floor":10,"key":"Gambling Chip"}],"event_choices":[{"damage_healed":0,"gold_gain":0,"cards_transformed":["Strike_R"],"player_choice":"Transformed","damage_taken":0,"max_hp_gain":0,"max_hp_loss":0,"event_name":"Transmorgrifier","floor":4,"gold_loss":0,"cards_obtained":["Reaper"]},{"damage_healed":0,"gold_gain":0,"player_choice":"Forge","damage_taken":0,"max_hp_gain":0,"max_hp_loss":0,"event_name":"Accursed Blacksmith","floor":7,"gold_loss":0,"cards_upgraded":["Defend_R"]}],"is_beta":false,"boss_relics":[],"items_purged_floors":[3],"is_endless":false,"potions_floor_spawned":[5,10],"killed_by":"Gremlin Gang","ascension_level":20}