{"gold_per_floor":[109,122,122,122,47,64,64,79,103,115,115,36,53,66,66,66],"floor_reached":16,"playtime":1135,"items_purged":["Decay"],"score":94,"play_id":"7e6198b8-2001-4cdc-9659-b8e855ceb4e5","local_time":"20190731000539","is_ascension_mode":false,"campfire_choices":[{"data":"Catalyst","floor":11,"key":"SMITH"},{"data":"Catalyst","floor":15,"key":"SMITH"}],"neow_cost":"NONE","seed_source_timestamp":1661446119115337,"circlet_count":0,"master_deck":["Strike_G","Strike_G","Strike_G","Strike_G","Strike_G","Defend_G","Defend_G","Defend_G","Defend_G","Survivor","Neutralize","Skewer","Well Laid Plans","PiercingWail+1","Catalyst+1","Footwork","Catalyst+1","Dodge and Roll"],"relics":["Ring of the Snake"],"potions_floor_usage":[8,16,16,16],"damage_taken":[{"damage":10,"enemies":"Jaw Worm","floor":1,"turns":4},{"damage":1,"enemies":"Cultist","floor":2,"turns":3},{"damage":0,"enemies":"2 Louse","floor":6,"turns":2},{"damage":12,"enemies":"Exordium Wildlife","floor":8,"turns":5},{"damage":17,"enemies":"Large Slime","floor":10,"turns":7},{"damage":4,"enemies":"3 Louse","floor":13,"turns":5},{"damage":6,"enemies":"Looter","floor":14,"turns":5},{"damage":27,"enemies":"Slime Boss","floor":16,"turns":9}],"seed_played":"8149702582227332446","potions_obtained":[{"floor":2,"key":"SteroidPotion"},{"floor":6,"key":"Poison Potion"},{"floor":8,"key":"Energy Potion"},{"floor":14,"key":"Ancient Potion"}],"is_trial":false,"path_per_floor":["M","M","?","?","$","M","?","M","T","M","R","$","M","M","R","B"],"character_chosen":"THE_SILENT","items_purchased":["Footwork"],"campfire_rested":0,"item_purchase_floors":[12],"current_hp_per_floor":[60,59,59,59,59,59,59,47,47,30,30,30,26,20,20,0],"gold":66,"neow_bonus":"TRANSFORM_CARD","is_prod":false,"is_daily":false,"chose_seed":false,"campfire_upgraded":2,"win_rate":0,"timestamp":1564545939,"path_taken":["M","M","?","?","$","?","?","M","T","M","R","?","M","M","R","BOSS"],"build_version":"2019-07-17","purchased_purges":1,"victory":false,"max_hp_per_floor":[70,70,70,70,70,70,70,70,70,70,70,70,70,70,70,70],"card_choices":[{"not_picked":["Sucker Punch","Masterful Stab"],"picked":"Well Laid Plans","floor":1},{"not_picked":["Skewer","Bane"],"picked":"PiercingWail","floor":2},{"not_picked":["Deflect","Underhanded Strike","Cloak And Dagger"],"picked":"SKIP","floor":6},{"not_picked":["Flying Knee","Poisoned Stab","Terror"],"picked":"SKIP","floor":8},{"not_picked":["Expertise","Riddle With Holes"],"picked":"Catalyst","floor":10},{"not_picked":["Flying Knee","Acrobatics"],"picked":"Catalyst","floor":13},{"not_picked":["Predator","Blur"],"picked":"Dodge and Roll","floor":14}],"player_experience":250465,"relics_obtained":[],"event_choices":[{"damage_healed":0,"gold_gain":0,"player_choice":"Fled","damage_taken":0,"max_hp_gain":0,"max_hp_loss":0,"event_name":"Scrap Ooze","floor":3,"gold_loss":0},{"damage_healed":0,"gold_gain":0,"player_choice":"Cursed","damage_taken":0,"max_hp_gain":0,"max_hp_loss":0,"event_name":"Wheel of Change","floor":4,"gold_loss":0,"cards_obtained":["Decay"]},{"damage_healed":0,"gold_gain":0,"player_choice":"Grow","damage_taken":0,"max_hp_gain":0,"max_hp_loss":0,"event_name":"Living Wall","floor":7,"gold_loss":0,"cards_upgraded":["PiercingWail"]}],"is_beta":false,"boss_relics":[],"items_purged_floors":[5],"is_endless":false,"potions_floor_spawned":[2,6,8,14],"killed_by":"Slime Boss","ascension_level":0}