{"path_per_floor":["M","M","M","M","M","R","E","R","T","?","E","R","M","M","R","B",null,"M","?","T","?","$","R","E","?","T","M","M","M","R","M","R","B",null,"M","?","$","M","M","E","?","R","T","M","R","$","M","M","R","B"],"character_chosen":"DEFECT","items_purchased":["Darkness","Capacitor","Prime","Centennial Puzzle"],"gold_per_floor":[119,136,156,168,185,185,219,219,219,219,252,252,270,290,290,389,389,402,402,427,427,276,276,311,236,236,255,274,286,286,304,304,401,401,411,465,14,28,41,70,70,70,95,112,112,12,32,49,49,49],"floor_reached":51,"campfire_rested":1,"playtime":3532,"current_hp_per_floor":[75,75,72,71,69,69,52,52,52,52,47,47,42,42,42,15,77,57,57,64,64,64,70,47,47,47,41,45,21,29,2,35,3,86,78,50,50,51,58,52,52,60,60,43,53,53,58,79,87,24],"items_purged":["Defend_B","Defend_B","Strike_B"],"gold":49,"score":777,"play_id":"9fe5e697-d1e0-42a8-9f4a-f452b21b2b76","local_time":"20180503103437","is_prod":false,"is_daily":false,"chose_seed":false,"is_ascension_mode":true,"campfire_upgraded":9,"timestamp":1525336477,"path_taken":["M","?","M","M","?","R","E","R","T","?","E","R","M","M","R","BOSS","M","?","?","?","$","R","E","?","T","M","M","?","R","M","R","BOSS","M","?","$","M","M","E","?","R","T","M","R","$","M","M","R","BOSS"],"build_version":"2018-05-01v2","seed_source_timestamp":618346348666894,"purchased_purges":5,"victory":true,"master_deck":["Strike_B+1","Defend_B","Zap+1","Dualcast+1","Consume+1","Leap","Genetic Algorithm","Ball Lightning","Capacitor+1","Creative AI+1","Cold Snap","Machine Learning","Fission+1","Barrage+1","Darkness","Hologram+1","Impulse+1","Hologram+1","Amplify+1","Impulse+1","Coolheaded+1","Capacitor","Prime+1","Coolheaded"],"max_hp_per_floor":[75,75,75,75,75,75,75,75,75,75,77,77,77,77,77,77,77,77,77,84,84,84,84,84,84,84,84,86,86,86,86,86,86,86,86,86,86,88,90,92,92,92,92,92,92,92,94,96,96,96],"relics":["Cracked Core","Whetstone","Anchor","Singing Bowl","Eternal Feather","Strawberry","Symbiotic Virus","The Courier","Nuclear Battery","Bird Faced Urn","Centennial Puzzle","Bag of Marbles","Blood Vial"],"card_choices":[{"not_picked":["Go for the Eyes","Self Repair"],"picked":"Consume","floor":1.0},{"not_picked":["Axe Kick","Reinforced Body"],"picked":"Leap","floor":2.0},{"not_picked":["Beam Cell","Heatsinks"],"picked":"Genetic Algorithm","floor":3.0},{"not_picked":["Impulse","Double Energy"],"picked":"Ball Lightning","floor":4.0},{"not_picked":["Melter","Coolheaded"],"picked":"Capacitor","floor":5.0},{"not_picked":["Go for the Eyes","Hologram"],"picked":"Creative AI","floor":7.0},{"not_picked":["Leap","Rebound"],"picked":"Cold Snap","floor":13.0},{"not_picked":["Chill","Barrage"],"picked":"Machine Learning","floor":14.0},{"not_picked":["Meteor Strike","Hyperbeam"],"picked":"Fission","floor":16.0},{"not_picked":["Leap","Impulse"],"picked":"Barrage","floor":18.0},{"not_picked":["Hyperbeam","Ball Lightning"],"picked":"Hologram","floor":24.0},{"not_picked":["Hologram","Recycle"],"picked":"Impulse","floor":27.0},{"not_picked":["Axe Kick","Reprieve"],"picked":"Hologram","floor":29.0},{"not_picked":["Heatsinks","Multi-Cast"],"picked":"Cold Snap","floor":31.0},{"not_picked":["Fission","Multi-Cast"],"picked":"Amplify","floor":33.0},{"not_picked":["Beam Cell","Turbo"],"picked":"Impulse","floor":35.0},{"not_picked":["Double Energy","Chill"],"picked":"Coolheaded","floor":36.0},{"not_picked":["Stack","Axe Kick"],"picked":"Coolheaded","floor":44.0}],"player_experience":585118,"potions_floor_usage":[50,50],"damage_taken":[{"damage":0.0,"enemies":"Cultist","floor":1.0,"turns":3.0},{"damage":0.0,"enemies":"2 Louse","floor":2.0,"turns":2.0},{"damage":3.0,"enemies":"Small Slimes","floor":3.0,"turns":3.0},{"damage":1.0,"enemies":"Looter","floor":4.0,"turns":3.0},{"damage":2.0,"enemies":"Exordium Wildlife","floor":5.0,"turns":4.0},{"damage":17.0,"enemies":"Lagavulin","floor":7.0,"turns":6.0},{"damage":7.0,"enemies":"3 Sentries","floor":11.0,"turns":7.0},{"damage":5.0,"enemies":"Red Slaver","floor":13.0,"turns":4.0},{"damage":0.0,"enemies":"Looter","floor":14.0,"turns":3.0},{"damage":27.0,"enemies":"The Guardian","floor":16.0,"turns":9.0},{"damage":20.0,"enemies":"3 Byrds","floor":18.0,"turns":6.0},{"damage":23.0,"enemies":"Gremlin Leader","floor":24.0,"turns":10.0},{"damage":6.0,"enemies":"Spheric Guardian","floor":27.0,"turns":4.0},{"damage":13.0,"enemies":"Chosen and Byrds","floor":28.0,"turns":7.0},{"damage":24.0,"enemies":"Snake Plant","floor":29.0,"turns":4.0},{"damage":27.0,"enemies":"Sentry and Sphere","floor":31.0,"turns":8.0},{"damage":32.0,"enemies":"Automaton","floor":33.0,"turns":13.0},{"damage":8.0,"enemies":"3 Shapes","floor":35.0,"turns":7.0},{"damage":28.0,"enemies":"Mysterious Sphere","floor":36.0,"turns":5.0},{"damage":13.0,"enemies":"3 Darklings","floor":38.0,"turns":6.0},{"damage":9.0,"enemies":"4 Shapes","floor":39.0,"turns":6.0},{"damage":24.0,"enemies":"Giant Head","floor":40.0,"turns":11.0},{"damage":27.0,"enemies":"Sphere and 2 Shapes","floor":44.0,"turns":6.0},{"damage":9.0,"enemies":"Spire Growth","floor":47.0,"turns":4.0},{"damage":1,"enemies":"Maw","floor":48,"turns":7},{"damage":81,"enemies":"Donu and Deca","floor":50,"turns":10}],"event_choices":[{"event_name":"Living Wall","player_choice":"Forget","floor":10.0,"damage_taken":0.0},{"event_name":"Purifier","player_choice":"One Purge","floor":19.0,"damage_taken":0.0},{"event_name":"N\u0027loth","player_choice":"Ignored","floor":21.0,"damage_taken":0.0},{"event_name":"Beggar","player_choice":"Gave Gold","floor":25.0,"damage_taken":0.0},{"event_name":"Mysterious Sphere","player_choice":"Fight","floor":36.0,"damage_taken":0.0}],"boss_relics":[],"potions_floor_spawned":[2,3,4,7,11,27,28,33,35,36,38,44,47],"seed_played":"-139666392163970479","ascension_level":2,"is_trial":false}