{"path_per_floor":["M","?","M","?","?","E","R","?","T","M","M","M","R","M","R"],"character_chosen":"DEFECT","items_purchased":[],"gold_per_floor":[110,110,124,199,199,232,232,232,232,245,262,275,275,295,295,295],"floor_reached":16,"campfire_rested":1,"playtime":459,"item_purchase_floors":[],"current_hp_per_floor":[61,61,59,48,41,11,11,11,11,11,11,11,11,5,27,0],"items_purged":[],"gold":295,"score":153,"play_id":"eb4d2df2-43c7-42b7-a122-ae898e2c5d93","local_time":"20180523095853","is_prod":false,"is_daily":false,"chose_seed":false,"is_ascension_mode":true,"campfire_upgraded":2,"win_rate":0.15315315,"timestamp":1527062333,"campfire_choices":[{"data":"Zap","floor":7,"key":"SMITH"},{"data":"Beam Cell","floor":13,"key":"SMITH"},{"floor":15,"key":"REST"}],"path_taken":["M","?","?","?","?","E","R","?","T","?","M","M","R","M","R","BOSS"],"build_version":"2018-05-22","seed_source_timestamp":285591594348106,"purchased_purges":0,"victory":false,"master_deck":["Strike_B","Strike_B","Strike_B","Defend_B","Defend_B","Defend_B","Zap+1","Dualcast","AscendersBane","Genetic Algorithm","Beam Cell+1","Ball Lightning","Coolheaded"],"max_hp_per_floor":[75,75,75,75,75,75,75,75,75,75,75,75,75,75,75,75],"relics":["Cracked Core","Vajra","Oddly Smooth Stone","Potion Belt"],"card_choices":[{"not_picked":["Stack","Leap"],"picked":"Genetic Algorithm","floor":1},{"not_picked":["Streamline","Rebound","Tempest"],"picked":"SKIP","floor":3},{"not_picked":["Lockon","Chill"],"picked":"Beam Cell","floor":6},{"not_picked":["Force Field","Hologram","Beam Cell"],"picked":"SKIP","floor":10},{"not_picked":["Go for the Eyes","Stack"],"picked":"Ball Lightning","floor":11},{"not_picked":["Undo","Scrape","Go for the Eyes"],"picked":"SKIP","floor":12},{"not_picked":["Redo","Fusion"],"picked":"Coolheaded","floor":14}],"player_experience":708226,"potions_floor_usage":[11,11,16],"damage_taken":[{"damage":7,"enemies":"Small Slimes","floor":1,"turns":3},{"damage":2,"enemies":"Jaw Worm","floor":3,"turns":3},{"damage":30,"enemies":"Lagavulin","floor":6,"turns":7},{"damage":0,"enemies":"Cultist","floor":10,"turns":3},{"damage":0,"enemies":"Lots of Slimes","floor":11,"turns":4},{"damage":0,"enemies":"Exordium Wildlife","floor":12,"turns":3},{"damage":6,"enemies":"2 Fungi Beasts","floor":14,"turns":3},{"damage":29,"enemies":"Slime Boss","floor":16,"turns":6}],"relics_obtained":[{"floor":6,"key":"Oddly Smooth Stone"},{"floor":9,"key":"Potion Belt"}],"event_choices":[{"event_name":"Living Wall","player_choice":"Forget","floor":2,"damage_taken":0},{"event_name":"World of Goop","player_choice":"Gather Gold","floor":4,"damage_taken":0},{"event_name":"Golden Wing","player_choice":"Card Removal","floor":5,"damage_taken":0},{"event_name":"Golden Idol","player_choice":"Ignored","floor":8,"damage_taken":0}],"boss_relics":[],"items_purged_floors":[],"potions_floor_spawned":[1,6,11,14],"seed_played":"-3564555468176578827","killed_by":"Slime Boss","ascension_level":10,"potions_obtained":[{"floor":1,"key":"Block Potion"},{"floor":6,"key":"Poison Potion"},{"floor":11,"key":"AttackPotion"},{"floor":14,"key":"Energy Potion"}],"is_trial":false}