{"gold_per_floor":[17,17,35,48,62,62,62,62,88,88,132,132,46,70,70,166,166,182,206,220,220],"floor_reached":21,"playtime":1540,"items_purged":[],"score":335,"play_id":"95baa02d-b821-4f9c-b243-10e03fbe7872","local_time":"20190723182106","is_ascension_mode":true,"campfire_choices":[{"data":"Neutralize","floor":6.0,"key":"SMITH"},{"floor":10.0,"key":"REST"},{"data":"Bouncing Flask","floor":12.0,"key":"SMITH"},{"floor":15.0,"key":"REST"}],"neow_cost":"NO_GOLD","seed_source_timestamp":337109333697400,"circlet_count":0,"master_deck":["AscendersBane","Strike_G","Strike_G","Strike_G","Strike_G","Defend_G","Defend_G","Defend_G","Defend_G","Defend_G","Survivor","Neutralize+1","Footwork","Dodge and Roll","Bouncing Flask+1","Bane","Burst","Noxious Fumes","Backflip","Die Die Die","Poisoned Stab","Bane"],"special_seed":0,"relics":["Ring of the Snake","The Specimen","Golden Idol","Vajra","Strawberry","Eternal Feather"],"potions_floor_usage":[16,18,21],"damage_taken":[{"damage":19.0,"enemies":"Jaw Worm","floor":1.0,"turns":7.0},{"damage":9.0,"enemies":"Cultist","floor":3.0,"turns":6.0},{"damage":1.0,"enemies":"Small Slimes","floor":4.0,"turns":6.0},{"damage":5.0,"enemies":"3 Louse","floor":5.0,"turns":5.0},{"damage":25.0,"enemies":"3 Sentries","floor":11.0,"turns":14.0},{"damage":0.0,"enemies":"Blue Slaver","floor":14.0,"turns":6.0},{"damage":27,"enemies":"Slime Boss","floor":16,"turns":9},{"damage":12,"enemies":"Chosen","floor":18,"turns":4},{"damage":14,"enemies":"Shell Parasite","floor":19,"turns":8},{"damage":15,"enemies":"Centurion and Healer","floor":20,"turns":9},{"damage":15,"enemies":"Cultist and Chosen","floor":21,"turns":4}],"seed_played":"-4726190106193115389","potions_obtained":[{"floor":4.0,"key":"Dexterity Potion"},{"floor":11.0,"key":"AttackPotion"},{"floor":16,"key":"Fire Potion"},{"floor":20,"key":"LiquidBronze"}],"is_trial":false,"path_per_floor":["M","?","M","M","M","R","?","$","T","R","E","R","$","M","R","B",null,"M","M","M","M"],"character_chosen":"THE_SILENT","items_purchased":["Noxious Fumes"],"campfire_rested":2,"item_purchase_floors":[13],"current_hp_per_floor":[40,40,31,30,25,25,25,25,25,43,25,25,25,25,45,18,55,43,29,14,0],"gold":220,"neow_bonus":"ONE_RARE_RELIC","is_prod":false,"is_daily":false,"chose_seed":false,"campfire_upgraded":2,"win_rate":0,"timestamp":1563898866,"path_taken":["M","?","M","M","M","R","?","$","T","R","E","R","$","M","R","BOSS","M","M","M","M"],"build_version":"2019-07-17","purchased_purges":0,"victory":false,"max_hp_per_floor":[66,60,60,60,60,60,60,60,60,60,67,67,67,67,67,67,67,67,67,67,67],"card_choices":[{"not_picked":["Blade Dance","Leg Sweep"],"picked":"Footwork","floor":1.0},{"not_picked":["Slice","Flechettes"],"picked":"Dodge and Roll","floor":3.0},{"not_picked":["Quick Slash","Endless Agony"],"picked":"Bouncing Flask","floor":4.0},{"not_picked":["Choke","Blade Dance"],"picked":"Bane","floor":5.0},{"not_picked":["Distraction","Blade Dance"],"picked":"Burst","floor":11.0},{"not_picked":["Acrobatics","Slice"],"picked":"Backflip","floor":14.0},{"not_picked":["Glass Knife","Unload"],"picked":"Die Die Die","floor":16},{"not_picked":["Concentrate+1","Eviscerate","Bane"],"picked":"SKIP","floor":18},{"not_picked":["Deadly Poison","Outmaneuver"],"picked":"Poisoned Stab","floor":19},{"not_picked":["Blade Dance","Dagger Throw"],"picked":"Bane","floor":20}],"player_experience":881186,"relics_obtained":[{"floor":9.0,"key":"Vajra"},{"floor":11.0,"key":"Strawberry"}],"event_choices":[{"damage_healed":0.0,"max_hp_gain":0.0,"max_hp_loss":6.0,"gold_gain":0.0,"event_name":"Golden Idol","player_choice":"Lose Max HP","floor":2.0,"gold_loss":0.0,"damage_taken":0.0,"relics_obtained":["Golden Idol"]},{"cards_removed":["Strike_G"],"damage_healed":0.0,"max_hp_gain":0.0,"max_hp_loss":0.0,"gold_gain":0.0,"event_name":"Bonfire Elementals","player_choice":"Offered Basic","floor":7.0,"gold_loss":0.0,"damage_taken":0.0}],"is_beta":false,"boss_relics":[{"not_picked":["Pandora\u0027s Box","White Beast Statue"],"picked":"Eternal Feather"}],"items_purged_floors":[],"is_endless":false,"potions_floor_spawned":[4,11,16,20],"killed_by":"Cultist and Chosen","ascension_level":17}