{"gold_per_floor":[118,118,5,180,3,3,17,17,17,31,42,70,83,83,83,179,179,163,163,109,109,28,56,56,73,125,125,155,155,155,155],"floor_reached":31,"playtime":1269,"items_purged":["Strike_G+1","Doubt"],"score":348,"play_id":"3a57c659-3c82-4d08-9518-fb63783a46d1","local_time":"20190729203504","is_ascension_mode":true,"campfire_choices":[{"data":"Noxious Fumes","floor":6,"key":"SMITH"},{"data":"Masterful Stab","floor":8,"key":"SMITH"},{"data":"Noxious Fumes","floor":15,"key":"SMITH"},{"floor":24,"key":"REST"},{"floor":27,"key":"RECALL"}],"neow_cost":"NONE","seed_source_timestamp":1562274460737081,"circlet_count":0,"master_deck":["Strike_G","Strike_G","Strike_G","Defend_G+1","Defend_G","Defend_G+1","Defend_G","Defend_G","Survivor+1","Neutralize","Calculated Gamble","Noxious Fumes+1","Masterful Stab+1","Outmaneuver+1","Tactician+1","Noxious Fumes+1","Tactician+1","Night Terror+1","Distraction+1","Deadly Poison+1","Discovery+1","Crippling Poison+1","Acrobatics+1"],"relics":["Ring of the Snake","Toxic Egg 2","Mango","HoveringKite","War Paint","Orichalcum","Ginger","Nloth\u0027s Gift"],"potions_floor_usage":[16,16,28,28,29],"damage_taken":[{"damage":0,"enemies":"Cultist","floor":1,"turns":4},{"damage":1,"enemies":"Small Slimes","floor":7,"turns":4},{"damage":0,"enemies":"Jaw Worm","floor":10,"turns":3},{"damage":18,"enemies":"Exordium Wildlife","floor":11,"turns":6},{"damage":22,"enemies":"Lagavulin","floor":12,"turns":7},{"damage":0,"enemies":"Large Slime","floor":13,"turns":5},{"damage":19,"enemies":"Hexaghost","floor":16,"turns":9},{"damage":20,"enemies":"2 Thieves","floor":18,"turns":4},{"damage":59,"enemies":"Book of Stabbing","floor":23,"turns":6},{"damage":8,"enemies":"Chosen","floor":25,"turns":4},{"damage":30,"enemies":"Slavers","floor":28,"turns":5},{"damage":0,"enemies":"Colosseum Slavers","floor":29,"turns":4},{"damage":4,"enemies":"Gremlin Leader","floor":31,"turns":3}],"seed_played":"5279620318124312297","potions_obtained":[{"floor":7,"key":"PowerPotion"},{"floor":13,"key":"LiquidBronze"},{"floor":23,"key":"GhostInAJar"},{"floor":25,"key":"AttackPotion"},{"floor":28,"key":"Block Potion"}],"is_trial":false,"path_per_floor":["M","?","$","?","$","R","M","R","T","M","M","E","M","?","R","B",null,"M","?","$","?","$","E","R","M","T","R","E","?","?","E"],"character_chosen":"THE_SILENT","items_purchased":["Noxious Fumes","Masterful Stab","Deadly Poison+1","Discovery+1"],"campfire_rested":1,"item_purchase_floors":[3,5,20,22],"current_hp_per_floor":[77,62,62,62,62,62,61,61,61,61,43,35,35,28,28,9,91,71,71,71,71,71,12,39,31,31,31,1,1,1,0],"gold":155,"neow_bonus":"TEN_PERCENT_HP_BONUS","is_prod":false,"is_daily":false,"chose_seed":false,"campfire_upgraded":3,"win_rate":0,"timestamp":1564446904,"path_taken":["M","?","$","?","?","R","M","R","T","M","M","E","?","?","R","BOSS","M","?","$","?","$","E","R","M","T","R","E","?","?","E"],"build_version":"2019-07-17","purchased_purges":2,"victory":false,"max_hp_per_floor":[77,77,77,77,77,77,77,77,77,77,77,91,91,91,91,91,91,91,91,91,91,91,91,91,91,91,91,91,91,91,91],"card_choices":[{"not_picked":["Dagger Throw","Dodge and Roll"],"picked":"Calculated Gamble","floor":1},{"not_picked":["Bane","Quick Slash","Slice"],"picked":"SKIP","floor":7},{"not_picked":["Dagger Spray","Bane"],"picked":"Outmaneuver+1","floor":10},{"not_picked":["Deflect+1","PiercingWail+1"],"picked":"Tactician+1","floor":11},{"not_picked":["Prepared+1","Dodge and Roll+1"],"picked":"Noxious Fumes","floor":12},{"not_picked":["Prepared+1","Endless Agony"],"picked":"Tactician+1","floor":13},{"not_picked":["Tools of the Trade","Adrenaline+1"],"picked":"Night Terror+1","floor":16},{"not_picked":["Deflect+1","Finisher"],"picked":"Distraction+1","floor":18},{"not_picked":["Deflect+1","Calculated Gamble+1"],"picked":"Crippling Poison+1","floor":23},{"not_picked":["Eviscerate","Flying Knee","Deflect+1"],"picked":"SKIP","floor":25},{"not_picked":["Predator","Cloak And Dagger+1"],"picked":"Acrobatics+1","floor":28}],"player_experience":218906,"relics_obtained":[{"floor":9,"key":"Toxic Egg 2"},{"floor":12,"key":"Mango"},{"floor":23,"key":"War Paint"},{"floor":26,"key":"Orichalcum"},{"floor":28,"key":"Ginger"}],"event_choices":[{"damage_healed":0,"gold_gain":0,"player_choice":"Entered Light","damage_taken":15,"max_hp_gain":0,"max_hp_loss":0,"event_name":"Shining Light","floor":2,"gold_loss":0,"cards_upgraded":["Strike_G","Survivor"]},{"damage_healed":0,"gold_gain":175,"player_choice":"AGREE","damage_taken":0,"max_hp_gain":0,"max_hp_loss":0,"event_name":"Liars Game","floor":4,"gold_loss":0,"cards_obtained":["Doubt"]},{"cards_removed":["Strike_G"],"damage_healed":0,"gold_gain":0,"player_choice":"Card Removal","damage_taken":7,"max_hp_gain":0,"max_hp_loss":0,"event_name":"Golden Wing","floor":14,"gold_loss":0},{"damage_healed":0,"gold_gain":0,"player_choice":"Ignored","damage_taken":0,"max_hp_gain":0,"max_hp_loss":0,"event_name":"Ghosts","floor":19,"gold_loss":0},{"damage_healed":0,"gold_gain":0,"player_choice":"Inject Mutagens","damage_taken":0,"relics_obtained":["MutagenicStrength"],"max_hp_gain":0,"max_hp_loss":0,"event_name":"Drug Dealer","floor":21,"gold_loss":0},{"damage_healed":0,"gold_gain":0,"player_choice":"Fight","damage_taken":0,"max_hp_gain":0,"max_hp_loss":0,"event_name":"Colosseum","floor":29,"gold_loss":0},{"damage_healed":0,"gold_gain":0,"player_choice":"Fled From Nobs","damage_taken":0,"max_hp_gain":0,"max_hp_loss":0,"event_name":"Colosseum","floor":29,"gold_loss":0},{"damage_healed":0,"gold_gain":0,"player_choice":"Traded Relic","damage_taken":0,"relics_obtained":["Nloth\u0027s Gift"],"max_hp_gain":0,"max_hp_loss":0,"event_name":"N\u0027loth","floor":30,"relics_lost":["MutagenicStrength"],"gold_loss":0}],"is_beta":false,"boss_relics":[{"not_picked":["Lizard Tail","Fusion Hammer"],"picked":"HoveringKite"}],"items_purged_floors":[3,5],"is_endless":false,"potions_floor_spawned":[7,13,23,25,28],"killed_by":"Gremlin Leader","ascension_level":4}