{"path_per_floor":["M","M","$","M","$","R","?","E","T","?","M","T","R","?","R","B",null,"M","M","?","$","M","R"],"character_chosen":"THE_SILENT","items_purchased":["Infinite Blades","Footwork"],"gold_per_floor":[213,230,75,95,95,95,95,120,170,170,188,188,188,168,168,240,240,252,269,269,132,147,147,147],"floor_reached":24,"campfire_rested":0,"playtime":1285,"current_hp_per_floor":[58,55,55,53,53,53,40,33,33,33,33,33,33,33,33,22,55,50,45,45,45,28,28,0],"items_purged":["Strike_G","Strike_G"],"gold":147,"score":330,"play_id":"12db250c-a4bf-41ba-97a9-b1804af8b299","local_time":"20180401184153","is_prod":false,"is_daily":false,"is_ascension_mode":true,"campfire_upgraded":1,"timestamp":1522600913,"path_taken":["M","?","$","M","?","R","?","E","T","?","M","?","R","?","R","BOSS","M","M","?","$","M","R","E"],"build_version":"2018-03-29v2","purchased_purges":2,"victory":false,"master_deck":["Defend_G","Defend_G","Defend_G+1","Defend_G","Defend_G+1","Strike_G","Strike_G+1","Strike_G+1","Survivor","Neutralize+1","AscendersBane","Slice","Infinite Blades","Expertise","Glass Knife","After Image+1","Backflip","Footwork+1","Escape Plan"],"max_hp_per_floor":[66,66,66,66,66,66,66,66,66,66,66,66,66,66,66,66,66,66,66,66,66,66,66,66],"relics":["Ring of the Snake","Juzu Bracelet","Whetstone","Shovel","Frozen Egg 2","Blood Vial","Black Star","Toolbox"],"card_choices":[{"not_picked":["Prepared","Deflect"],"picked":"Slice","floor":1.0},{"not_picked":["Deadly Poison","Backflip"],"picked":"Expertise","floor":4.0},{"not_picked":["Dagger Throw","Sucker Punch"],"picked":"Glass Knife","floor":8.0},{"not_picked":["Envenom","Night Terror"],"picked":"After Image","floor":16.0},{"not_picked":["Predator","Bane"],"picked":"Backflip","floor":18.0},{"not_picked":["Deflect","Dagger Throw"],"picked":"Escape Plan","floor":22}],"player_experience":502411,"potions_floor_usage":[24],"damage_taken":[{"damage":1.0,"enemies":"Cultist","floor":1.0,"turns":5.0},{"damage":3.0,"enemies":"2 Louse","floor":2.0,"turns":2.0},{"damage":2.0,"enemies":"Jaw Worm","floor":4.0,"turns":5.0},{"damage":19.0,"enemies":"3 Sentries","floor":8.0,"turns":10.0},{"damage":0.0,"enemies":"3 Louse","floor":11.0,"turns":4.0},{"damage":13.0,"enemies":"The Guardian","floor":16.0,"turns":19.0},{"damage":7.0,"enemies":"3 Byrds","floor":18.0,"turns":6.0},{"damage":7.0,"enemies":"Shell Parasite","floor":19.0,"turns":7.0},{"damage":19,"enemies":"Snecko","floor":22,"turns":12},{"damage":45,"enemies":"Slavers","floor":24,"turns":3}],"event_choices":[{"event_name":"Shining Light","player_choice":"Entered Light","floor":7.0,"damage_taken":0.0},{"event_name":"The Lab","player_choice":"Got Potions","floor":10.0,"damage_taken":0.0},{"event_name":"The Woman in Blue","player_choice":"Bought 1 Potion","floor":14.0,"damage_taken":0.0},{"event_name":"Drug Dealer","player_choice":"Ignored","floor":20.0,"damage_taken":0.0}],"boss_relics":[],"potions_floor_spawned":[2,8,19],"seed_played":"-5077415343852915627","killed_by":"Slavers","ascension_level":14,"is_trial":false}