{"gold_per_floor":[116,135,135,135,151,151,179,179,179,179,504,504,504,517,517,613,613,613,613,613,613,613,613,613,613,613,613,613,613,613,613,613,613],"floor_reached":33,"playtime":1347,"items_purged":[],"score":384,"play_id":"7e190ea5-2c55-463d-ab75-d2edb38447ef","local_time":"20190729230342","is_ascension_mode":true,"campfire_choices":[{"data":"Dagger Spray","floor":6,"key":"SMITH"},{"floor":8,"key":"REST"},{"data":"Venomology","floor":10,"key":"SMITH"},{"floor":13,"key":"REST"},{"floor":15,"key":"REST"},{"floor":23,"key":"REST"},{"data":"Catalyst","floor":25,"key":"SMITH"},{"floor":27,"key":"REST"},{"data":"RitualDagger","floor":32,"key":"SMITH"}],"neow_cost":"TEN_PERCENT_HP_LOSS","seed_source_timestamp":1571114503777325,"circlet_count":0,"master_deck":["Strike_G","Strike_G","Strike_G","Strike_G","Strike_G","Defend_G","Defend_G","Defend_G","Defend_G","Defend_G","Survivor","Neutralize","Die Die Die+1","Backflip","Poisoned Stab","Dagger Spray+1","Venomology+1","Bane","Dodge and Roll","Parasite","Finisher","Deadly Poison","Footwork","Adrenaline","All Out Attack+1","PiercingWail","RitualDagger+1","Catalyst+1","Venomology+1","Die Die Die","Poisoned Stab+1"],"relics":["Ring of the Snake","Ornamental Fan","Dream Catcher","Bottled Lightning","Old Coin","Ectoplasm","Bottled Flame","Gremlin Horn","The Courier"],"potions_floor_usage":[11,18,19,20,20,22,24,24,28,28,30,30,31,31,33,33,33],"damage_taken":[{"damage":0,"enemies":"Cultist","floor":1,"turns":3},{"damage":2,"enemies":"2 Louse","floor":2,"turns":2},{"damage":3,"enemies":"Small Slimes","floor":5,"turns":4},{"damage":10,"enemies":"3 Sentries","floor":7,"turns":6},{"damage":13,"enemies":"Gremlin Nob","floor":11,"turns":4},{"damage":9,"enemies":"Blue Slaver","floor":14,"turns":2},{"damage":50,"enemies":"Slime Boss","floor":16,"turns":12},{"damage":0,"enemies":"3 Byrds","floor":18,"turns":3},{"damage":16,"enemies":"Shell Parasite","floor":19,"turns":5},{"damage":16,"enemies":"Centurion and Healer","floor":20,"turns":6},{"damage":6,"enemies":"3 Cultists","floor":22,"turns":4},{"damage":23,"enemies":"Snake Plant","floor":24,"turns":4},{"damage":0,"enemies":"Slavers","floor":28,"turns":3},{"damage":5,"enemies":"Gremlin Leader","floor":30,"turns":5},{"damage":18,"enemies":"Shelled Parasite and Fungi","floor":31,"turns":3},{"damage":60,"enemies":"Automaton","floor":33,"turns":6}],"seed_played":"-1241947837373981831","potions_obtained":[{"floor":16,"key":"LiquidBronze"},{"floor":19,"key":"GhostInAJar"},{"floor":28,"key":"LiquidBronze"},{"floor":30,"key":"AttackPotion"}],"is_trial":false,"path_per_floor":["M","M","?","?","M","R","E","R","T","R","E","?","R","M","R","B",null,"M","M","M","?","M","R","M","R","T","R","E","?","E","M","R","B"],"character_chosen":"THE_SILENT","items_purchased":[],"campfire_rested":5,"item_purchase_floors":[],"current_hp_per_floor":[63,61,28,28,25,25,15,33,33,33,20,35,53,44,62,12,63,63,59,43,37,31,49,38,38,38,56,56,56,51,33,33,0],"gold":613,"neow_bonus":"THREE_RARE_CARDS","is_prod":false,"is_daily":false,"chose_seed":false,"campfire_upgraded":4,"win_rate":0,"timestamp":1564455822,"path_taken":["M","M","?","?","M","R","E","R","T","R","E","?","R","M","R","BOSS","M","M","M","?","M","R","M","R","T","R","E","?","E","M","R","BOSS"],"build_version":"2019-07-17","purchased_purges":0,"victory":false,"max_hp_per_floor":[63,63,63,63,63,63,63,63,63,63,63,63,63,63,63,63,63,63,63,63,63,63,63,63,63,63,63,63,63,63,63,63,63],"card_choices":[{"not_picked":["Doppelganger","Tools of the Trade"],"picked":"Die Die Die","floor":0},{"not_picked":["Sucker Punch","Bane"],"picked":"Backflip","floor":1},{"not_picked":["Setup","Reflex"],"picked":"Poisoned Stab","floor":2},{"not_picked":["Deadly Poison","Poisoned Stab"],"picked":"Dagger Spray","floor":5},{"not_picked":["Dagger Spray","Deadly Poison"],"picked":"Venomology","floor":7},{"not_picked":["Slice","Deflect"],"picked":"Bane","floor":8},{"not_picked":["Distraction","Accuracy"],"picked":"Dodge and Roll","floor":11},{"not_picked":["Leg Sweep","Flying Knee"],"picked":"Finisher","floor":13},{"not_picked":["Quick Slash","Prepared"],"picked":"Deadly Poison","floor":14},{"not_picked":["Prepared","Flying Knee"],"picked":"Footwork","floor":15},{"not_picked":["Malaise","Grand Finale"],"picked":"Adrenaline","floor":16},{"not_picked":["Slice","PiercingWail"],"picked":"All Out Attack+1","floor":18},{"not_picked":["Expertise+1","Underhanded Strike"],"picked":"PiercingWail","floor":19},{"not_picked":["Cloak And Dagger","Outmaneuver+1","Predator"],"picked":"SKIP","floor":20},{"not_picked":["Distraction","Poisoned Stab","Expertise+1"],"picked":"SKIP","floor":22},{"not_picked":["Infinite Blades","Masterful Stab+1"],"picked":"Catalyst","floor":24},{"not_picked":["Bane","Concentrate+1","Dagger Throw"],"picked":"SKIP","floor":28},{"not_picked":["Skewer","Leg Sweep"],"picked":"Die Die Die","floor":30},{"not_picked":["Concentrate","Sucker Punch"],"picked":"Poisoned Stab+1","floor":31}],"player_experience":227390,"relics_obtained":[{"floor":7,"key":"Dream Catcher"},{"floor":9,"key":"Bottled Lightning"},{"floor":11,"key":"Old Coin"},{"floor":26,"key":"Bottled Flame"},{"floor":28,"key":"Gremlin Horn"},{"floor":30,"key":"The Courier"}],"event_choices":[{"damage_healed":0,"gold_gain":0,"player_choice":"Success","damage_taken":33,"relics_obtained":["Ornamental Fan"],"max_hp_gain":0,"max_hp_loss":0,"event_name":"Scrap Ooze","floor":3,"gold_loss":0},{"damage_healed":0,"gold_gain":0,"player_choice":"Grow","damage_taken":0,"max_hp_gain":0,"max_hp_loss":0,"event_name":"Living Wall","floor":4,"gold_loss":0,"cards_upgraded":["Die Die Die"]},{"damage_healed":15,"gold_gain":0,"player_choice":"Healed and dodged fight","damage_taken":0,"max_hp_gain":0,"max_hp_loss":0,"event_name":"Mushrooms","floor":12,"gold_loss":0,"cards_obtained":["Parasite"]},{"damage_healed":0,"gold_gain":0,"player_choice":"Joined the Cult","damage_taken":6,"max_hp_gain":0,"max_hp_loss":0,"event_name":"Nest","floor":21,"gold_loss":0,"cards_obtained":["RitualDagger"]},{"damage_healed":0,"gold_gain":0,"player_choice":"Copied","damage_taken":0,"max_hp_gain":0,"max_hp_loss":0,"event_name":"Duplicator","floor":29,"gold_loss":0,"cards_obtained":["Venomology"]}],"is_beta":false,"boss_relics":[{"not_picked":["Calling Bell","Cursed Key"],"picked":"Ectoplasm"}],"items_purged_floors":[],"is_endless":false,"potions_floor_spawned":[16,19,28,30],"killed_by":"Automaton","ascension_level":4}