{"gold_per_floor":[113,133,208,223,64,64,99,99,129,154,179,179,198,209,209,314,314,328,68,68,88,103,103,114,114,114,144,144,144,144,29,29,126,126,136,152,167,67,82,92,92,92,92,119,119,133,8,20,20,20,20,20,20,54,54],"floor_reached":55,"playtime":3331,"items_purged":["Regret","Strike_G","Strike_G"],"score":811,"play_id":"43d003ca-46c3-4143-835d-56b6b058fd34","local_time":"20190729231103","is_ascension_mode":true,"campfire_choices":[{"data":"Discovery","floor":6,"key":"SMITH"},{"data":"Footwork","floor":12,"key":"SMITH"},{"floor":15,"key":"REST"},{"data":"Night Terror","floor":25,"key":"SMITH"},{"data":"Footwork","floor":28,"key":"SMITH"},{"data":"Riddle With Holes","floor":30,"key":"SMITH"},{"data":"Well Laid Plans","floor":32,"key":"SMITH"},{"floor":41,"key":"REST"},{"floor":45,"key":"RECALL"},{"floor":49,"key":"REST"},{"data":"Sucker Punch","floor":52,"key":"SMITH"}],"neow_cost":"NONE","seed_source_timestamp":460952433356912,"circlet_count":0,"master_deck":["Strike_G","Strike_G","Strike_G","Defend_G","Defend_G","Defend_G","Defend_G","Defend_G","Survivor","Neutralize","Sucker Punch+1","Backstab","Well Laid Plans+1","Footwork+1","Discovery+1","Riddle With Holes+1","Die Die Die","Quick Slash","Night Terror+1","Deflect+1","Footwork+1","Slice+1","Dash","Footwork+1","Tools of the Trade+1","Blur","Noxious Fumes+1","Predator","Dodge and Roll","Discovery+1","Clumsy","Leg Sweep+1","Noxious Fumes+1","Parasite","Glass Knife","Bane+1"],"relics":["Ring of the Snake","Vajra","Mercury Hourglass","Oddly Smooth Stone","Tiny Chest","Strawberry","Blood Vial","Cursed Key","TwistedFunnel","Ancient Tea Set","Frozen Egg 2","Pear","Lantern","Eternal Feather","Dream Catcher","Art of War"],"potions_floor_usage":[16,27,27,37,39,39],"damage_taken":[{"damage":0,"enemies":"Jaw Worm","floor":1,"turns":5},{"damage":0,"enemies":"2 Louse","floor":2,"turns":2},{"damage":1,"enemies":"Cultist","floor":4,"turns":3},{"damage":16,"enemies":"Gremlin Nob","floor":7,"turns":5},{"damage":4,"enemies":"Blue Slaver","floor":13,"turns":2},{"damage":0,"enemies":"Exordium Wildlife","floor":14,"turns":3},{"damage":25,"enemies":"Hexaghost","floor":16,"turns":9},{"damage":0,"enemies":"3 Byrds","floor":18,"turns":3},{"damage":16,"enemies":"Spheric Guardian","floor":21,"turns":4},{"damage":8,"enemies":"Snake Plant","floor":22,"turns":4},{"damage":0,"enemies":"Snecko","floor":24,"turns":3},{"damage":1,"enemies":"Book of Stabbing","floor":27,"turns":6},{"damage":57,"enemies":"Collector","floor":33,"turns":14},{"damage":9,"enemies":"3 Shapes","floor":35,"turns":4},{"damage":0,"enemies":"Orb Walker","floor":36,"turns":4},{"damage":3,"enemies":"4 Shapes","floor":37,"turns":5},{"damage":45,"enemies":"Transient","floor":39,"turns":5},{"damage":12,"enemies":"Sphere and 2 Shapes","floor":40,"turns":4},{"damage":14,"enemies":"Reptomancer","floor":44,"turns":8},{"damage":0,"enemies":"Maw","floor":46,"turns":10},{"damage":72,"enemies":"Writhing Mass","floor":48,"turns":8},{"damage":36,"enemies":"Awakened One","floor":50,"turns":15},{"damage":38,"enemies":"Shield and Spear","floor":54,"turns":7},{"damage":66,"enemies":"The Heart","floor":55,"turns":5}],"seed_played":"-2402262347771737774","potions_obtained":[{"floor":13,"key":"Ancient Potion"},{"floor":14,"key":"SkillPotion"},{"floor":16,"key":"Ancient Potion"},{"floor":21,"key":"Block Potion"},{"floor":22,"key":"Block Potion"},{"floor":33,"key":"Energy Potion"},{"floor":35,"key":"Swift Potion"},{"floor":37,"key":"Block Potion"},{"floor":48,"key":"FearPotion"}],"is_trial":false,"path_per_floor":["M","M","?","M","$","R","E","?","T","T","T","R","M","M","R","B",null,"M","$","?","M","M","T","M","R","T","E","R","?","R","$","R","B",null,"M","M","M","$","M","M","R","?","T","E","R","M","$","M","R","B",null,"R","$","E","B"],"character_chosen":"THE_SILENT","items_purchased":["Footwork","Discovery","TwistedFunnel","Footwork","Footwork+1"],"campfire_rested":3,"item_purchase_floors":[5,5,19,19,31],"current_hp_per_floor":[70,70,59,58,58,58,42,39,39,46,46,46,44,46,69,46,77,77,77,77,61,55,55,57,57,67,68,68,68,68,68,68,13,87,78,80,79,79,36,26,70,70,70,58,76,78,78,8,52,18,87,87,87,49,0],"gold":54,"neow_bonus":"RANDOM_COMMON_RELIC","is_prod":false,"is_daily":false,"chose_seed":false,"campfire_upgraded":7,"win_rate":0,"timestamp":1564459863,"path_taken":["M","M","?","M","$","R","E","?","T","?","?","R","?","M","R","BOSS","M","$","?","M","M","?","?","R","T","E","R","?","R","$","R","BOSS","M","M","M","$","M","M","R","?","T","E","R","M","?","M","R","BOSS","R","$","E","BOSS"],"build_version":"2019-07-17","purchased_purges":3,"victory":false,"max_hp_per_floor":[70,70,70,70,70,70,70,70,70,77,77,77,77,77,77,77,77,77,77,77,77,77,77,77,77,87,87,87,87,87,87,87,87,87,87,87,87,87,87,87,87,87,87,87,87,87,87,87,87,87,87,87,87,87,87],"card_choices":[{"not_picked":["Quick Slash","Bane"],"picked":"Sucker Punch","floor":1},{"not_picked":["Dagger Throw","Outmaneuver"],"picked":"Backstab","floor":2},{"not_picked":["Cloak And Dagger","Prepared"],"picked":"Well Laid Plans","floor":4},{"not_picked":["Acrobatics","Poisoned Stab"],"picked":"Riddle With Holes","floor":7},{"not_picked":["Choke","Eviscerate"],"picked":"Die Die Die","floor":13},{"not_picked":["Flechettes","Reflex"],"picked":"Quick Slash","floor":14},{"not_picked":["Storm of Steel","Bullet Time"],"picked":"Night Terror","floor":16},{"not_picked":["Underhanded Strike","Quick Slash"],"picked":"Deflect+1","floor":18},{"not_picked":["Choke+1","Bane+1"],"picked":"Slice+1","floor":21},{"not_picked":["Dagger Throw","Bouncing Flask"],"picked":"Dash","floor":22},{"not_picked":["Deflect","Blade Dance","Prepared"],"picked":"SKIP","floor":24},{"not_picked":["Distraction","Deflect","Cloak And Dagger"],"picked":"SKIP","floor":27},{"not_picked":["Wraith Form v2+1","Night Terror"],"picked":"Tools of the Trade+1","floor":33},{"not_picked":["Heel Hook+1","Prepared","Outmaneuver+1"],"picked":"SKIP","floor":35},{"not_picked":["Distraction+1","Catalyst+1"],"picked":"Blur","floor":36},{"not_picked":["Accuracy+1","Bouncing Flask+1"],"picked":"Noxious Fumes+1","floor":37},{"not_picked":["Sucker Punch+1","Flying Knee+1"],"picked":"Predator","floor":39},{"not_picked":["Outmaneuver+1","Bouncing Flask"],"picked":"Dodge and Roll","floor":40},{"not_picked":["Dodge and Roll+1","Calculated Gamble"],"picked":"Leg Sweep+1","floor":44},{"not_picked":["PiercingWail","Blur"],"picked":"Noxious Fumes+1","floor":46},{"not_picked":["Dodge and Roll","Infinite Blades+1","Quick Slash"],"picked":"SKIP","floor":48},{"not_picked":["Dagger Spray","Infinite Blades+1"],"picked":"Glass Knife","floor":49},{"not_picked":["Prepared","Deadly Poison"],"picked":"Bane+1","floor":54}],"player_experience":151083,"relics_obtained":[{"floor":7,"key":"Mercury Hourglass"},{"floor":9,"key":"Tiny Chest"},{"floor":10,"key":"Strawberry"},{"floor":11,"key":"Blood Vial"},{"floor":23,"key":"Frozen Egg 2"},{"floor":26,"key":"Pear"},{"floor":27,"key":"Lantern"},{"floor":44,"key":"Dream Catcher"},{"floor":54,"key":"Art of War"}],"event_choices":[{"damage_healed":0,"gold_gain":75,"player_choice":"Gather Gold","damage_taken":11,"max_hp_gain":0,"max_hp_loss":0,"event_name":"World of Goop","floor":3,"gold_loss":0},{"damage_healed":0,"gold_gain":0,"player_choice":"Success","damage_taken":3,"relics_obtained":["Oddly Smooth Stone"],"max_hp_gain":0,"max_hp_loss":0,"event_name":"Scrap Ooze","floor":8,"gold_loss":0},{"damage_healed":0,"gold_gain":0,"player_choice":"Opened","damage_taken":0,"relics_obtained":["Ancient Tea Set"],"max_hp_gain":0,"max_hp_loss":0,"event_name":"The Mausoleum","floor":20,"gold_loss":0},{"cards_removed":["Doubt"],"damage_healed":0,"gold_gain":0,"player_choice":"Elegance","damage_taken":0,"max_hp_gain":0,"max_hp_loss":0,"event_name":"Back to Basics","floor":29,"gold_loss":0},{"damage_healed":0,"gold_gain":0,"player_choice":"Copied","damage_taken":0,"max_hp_gain":0,"max_hp_loss":0,"event_name":"Duplicator","floor":42,"gold_loss":0,"cards_obtained":["Discovery"]}],"is_beta":false,"boss_relics":[{"not_picked":["Astrolabe","Snecko Eye"],"picked":"Cursed Key"},{"not_picked":["Pandora\u0027s Box","Sozu"],"picked":"Eternal Feather"}],"items_purged_floors":[31,38,47],"is_endless":false,"potions_floor_spawned":[13,14,16,21,22,33,35,37,48],"killed_by":"The Heart","ascension_level":2}