{"gold_per_floor":[113,38,38,38,55,55,85,85,85,85,102,127,51,51,51,122,122,140,140,140,152,169,169,185,195,248,248,262,262,90,106,106,185,185,197,197,197,216,234,234],"floor_reached":40,"playtime":1037,"items_purged":["Strike_R"],"score":828,"play_id":"1e90ea84-ad37-4ce6-ab62-f48f8eb78613","local_time":"20190203232627","is_ascension_mode":true,"campfire_choices":[{"data":"Inflame","floor":6.0,"key":"SMITH"},{"data":"Defend_R","floor":8.0,"key":"SMITH"},{"data":"Defend_R","floor":10.0,"key":"SMITH"},{"data":"Heavy Blade","floor":15,"key":"SMITH"},{"floor":23,"key":"REST"},{"floor":27,"key":"REST"},{"data":"Inflame","floor":29,"key":"SMITH"},{"floor":32,"key":"REST"}],"neow_cost":"NONE","seed_source_timestamp":267394230967279,"circlet_count":0,"master_deck":["AscendersBane","Strike_R","Strike_R","Strike_R","Defend_R+1","Defend_R+1","Defend_R","Defend_R","Bash+1","Headbutt","Inflame+1","Heavy Blade+1","Brutality","Inflame+1","Feed","Shrug It Off","Headbutt","Shrug It Off","Demon Form","Good Instincts","Offering"],"special_seed":0,"relics":["Burning Blood","NeowsBlessing","Pen Nib","Nunchaku","MawBank","Mark of Pain","Bag of Marbles","Centennial Puzzle","Red Skull","Sozu"],"potions_floor_usage":[28,35,39],"damage_taken":[{"damage":0.0,"enemies":"Cultist","floor":1.0,"turns":1.0},{"damage":0.0,"enemies":"2 Louse","floor":5.0,"turns":1.0},{"damage":0.0,"enemies":"Lagavulin","floor":7.0,"turns":1.0},{"damage":4.0,"enemies":"Jaw Worm","floor":11.0,"turns":3.0},{"damage":27.0,"enemies":"3 Sentries","floor":12.0,"turns":5.0},{"damage":39,"enemies":"Hexaghost","floor":16,"turns":7},{"damage":15,"enemies":"Chosen","floor":18,"turns":4},{"damage":12,"enemies":"Spheric Guardian","floor":21,"turns":3},{"damage":21,"enemies":"Centurion and Healer","floor":22,"turns":5},{"damage":22,"enemies":"Cultist and Chosen","floor":24,"turns":5},{"damage":14,"enemies":"3 Cultists","floor":25,"turns":4},{"damage":17,"enemies":"Shelled Parasite and Fungi","floor":28,"turns":4},{"damage":13,"enemies":"Centurion and Healer","floor":31,"turns":5},{"damage":55,"enemies":"Champ","floor":33,"turns":7},{"damage":45,"enemies":"3 Darklings","floor":35,"turns":5},{"damage":4,"enemies":"3 Shapes","floor":38,"turns":4},{"damage":23,"enemies":"Maw","floor":39,"turns":5},{"damage":46,"enemies":"Giant Head","floor":40,"turns":5}],"seed_played":"-6141846404948261389","potions_obtained":[{"floor":5.0,"key":"BloodPotion"},{"floor":7.0,"key":"Swift Potion"},{"floor":16,"key":"Ancient Potion"},{"floor":18,"key":"AttackPotion"},{"floor":22,"key":"Block Potion"},{"floor":28,"key":"SteroidPotion"}],"is_trial":false,"path_per_floor":["M","$","?","?","M","R","E","R","T","R","M","E","$","?","R","B",null,"M","?","?","M","M","R","M","M","T","R","M","R","$","M","R","B",null,"M","?","?","M","M","E"],"character_chosen":"IRONCLAD","items_purchased":["Inflame","Red Skull"],"campfire_rested":3,"item_purchase_floors":[13,30],"current_hp_per_floor":[74,74,74,74,75,75,75,75,75,75,75,54,54,54,54,21,62,53,32,32,29,14,38,25,20,20,46,38,38,38,34,62,13,75,36,36,36,41,24,0],"gold":234,"neow_bonus":"THREE_ENEMY_KILL","is_prod":false,"is_daily":false,"chose_seed":false,"campfire_upgraded":5,"win_rate":0,"timestamp":1549232787,"path_taken":["M","$","?","?","M","R","E","R","T","R","M","E","$","?","R","BOSS","M","?","?","M","M","R","M","M","T","R","?","R","$","M","R","BOSS","M","?","?","?","?","E"],"build_version":"2019-01-23","purchased_purges":1,"victory":false,"max_hp_per_floor":[75,75,75,75,75,75,75,75,75,75,75,75,75,75,75,75,75,75,80,80,83,83,83,86,89,89,89,92,92,92,95,95,95,95,95,95,95,98,98,98],"card_choices":[{"not_picked":["Armaments","Clash"],"picked":"Headbutt","floor":1.0},{"not_picked":["Flame Barrier","Heavy Blade"],"picked":"Inflame","floor":5.0},{"not_picked":["Uppercut","Clothesline","Havoc"],"picked":"SKIP","floor":7.0},{"not_picked":["Reckless Charge","Battle Trance"],"picked":"Heavy Blade","floor":11.0},{"not_picked":["Entrench","Anger"],"picked":"Brutality","floor":12.0},{"not_picked":["Immolate","Berserk"],"picked":"Feed","floor":16},{"not_picked":["Spot Weakness+1","Feel No Pain"],"picked":"Shrug It Off","floor":18},{"not_picked":["Sword Boomerang","Fire Breathing","Intimidate"],"picked":"SKIP","floor":21},{"not_picked":["Twin Strike","Dual Wield"],"picked":"Headbutt","floor":22},{"not_picked":["Shockwave","Blood for Blood","Wild Strike"],"picked":"SKIP","floor":24},{"not_picked":["Armaments","Clash+1"],"picked":"Shrug It Off","floor":25},{"not_picked":["Combust","Wild Strike","Pummel"],"picked":"SKIP","floor":28},{"not_picked":["Blood for Blood","Anger","Sword Boomerang"],"picked":"SKIP","floor":31},{"not_picked":["Barricade","Exhume"],"picked":"Demon Form","floor":33},{"not_picked":["Clothesline","Entrench","Perfected Strike+1"],"picked":"SKIP","floor":35},{"not_picked":["Mind Blast","Secret Weapon"],"picked":"Good Instincts","floor":36},{"not_picked":["Body Slam","Pummel+1","Havoc"],"picked":"SKIP","floor":38},{"not_picked":["Combust","Burning Pact","Inflame"],"picked":"SKIP","floor":39}],"player_experience":777868,"relics_obtained":[{"floor":7.0,"key":"Pen Nib"},{"floor":9.0,"key":"Nunchaku"},{"floor":12.0,"key":"MawBank"},{"floor":26,"key":"Centennial Puzzle"}],"event_choices":[{"damage_healed":0.0,"max_hp_gain":0.0,"max_hp_loss":0.0,"gold_gain":0.0,"event_name":"Living Wall","player_choice":"Grow","floor":3.0,"gold_loss":0.0,"damage_taken":0.0,"cards_upgraded":["Bash"]},{"damage_healed":0.0,"max_hp_gain":0.0,"max_hp_loss":0.0,"gold_gain":0.0,"event_name":"Liars Game","player_choice":"Ignored","floor":4.0,"gold_loss":0.0,"damage_taken":0.0},{"damage_healed":0,"gold_gain":0,"player_choice":"Searched \u00270\u0027 times","damage_taken":0,"max_hp_gain":0,"max_hp_loss":0,"event_name":"Dead Adventurer","floor":14,"gold_loss":0},{"damage_healed":0,"gold_gain":0,"player_choice":"Shed Blood","damage_taken":26,"max_hp_gain":5,"max_hp_loss":0,"event_name":"Forgotten Altar","floor":19,"gold_loss":0},{"damage_healed":0,"gold_gain":0,"player_choice":"Gave Potion","damage_taken":0,"relics_obtained":["Bag of Marbles"],"max_hp_gain":0,"max_hp_loss":0,"event_name":"WeMeetAgain","floor":20,"gold_loss":0},{"damage_healed":0,"gold_gain":0,"player_choice":"Memory 1","damage_taken":0,"max_hp_gain":0,"max_hp_loss":0,"event_name":"SensoryStone","floor":36,"gold_loss":0},{"damage_healed":0,"gold_gain":0,"cards_transformed":["Strike_R"],"player_choice":"Transformed","damage_taken":0,"max_hp_gain":0,"max_hp_loss":0,"event_name":"Transmorgrifier","floor":37,"gold_loss":0,"cards_obtained":["Offering"]}],"is_beta":false,"boss_relics":[{"not_picked":["Busted Crown","Ectoplasm"],"picked":"Mark of Pain"},{"not_picked":["Runic Cube","Black Star"],"picked":"Sozu"}],"items_purged_floors":[2],"is_endless":false,"potions_floor_spawned":[5,7,16,18,22,24,28,35,38],"killed_by":"Giant Head","ascension_level":16}