{"gold_per_floor":[117,137,147,157,157,157,167,200,226,226,151,151,151,186,186,186],"floor_reached":16,"playtime":441,"items_purged":["Strike_R"],"score":220,"play_id":"500f4319-11f0-4f86-a31d-48be37d97f5c","local_time":"20190721160808","is_ascension_mode":true,"campfire_choices":[{"data":"Body Slam","floor":6.0,"key":"SMITH"},{"floor":12.0,"key":"REST"},{"data":"True Grit","floor":15,"key":"SMITH"}],"neow_cost":"NONE","seed_source_timestamp":241085265343479,"circlet_count":0,"master_deck":["AscendersBane","Strike_R","Strike_R","Strike_R","Defend_R","Defend_R","Defend_R","Defend_R","Bash","Clothesline","Body Slam+1","Warcry","Spot Weakness","Sword Boomerang","True Grit+1","Flame Barrier","Heavy Blade"],"special_seed":0,"relics":["Burning Blood","Dream Catcher","Blood Vial","Blue Candle","Bag of Marbles"],"potions_floor_usage":[14,16],"damage_taken":[{"damage":2.0,"enemies":"2 Louse","floor":1.0,"turns":2.0},{"damage":9.0,"enemies":"Jaw Worm","floor":2.0,"turns":4.0},{"damage":4.0,"enemies":"Small Slimes","floor":3.0,"turns":3.0},{"damage":9.0,"enemies":"2 Fungi Beasts","floor":4.0,"turns":4.0},{"damage":30.0,"enemies":"Large Slime","floor":7.0,"turns":7.0},{"damage":55.0,"enemies":"3 Sentries","floor":8.0,"turns":7.0},{"damage":15,"enemies":"Lagavulin","floor":14,"turns":6},{"damage":30,"enemies":"Hexaghost","floor":16,"turns":9}],"seed_played":"7543234115600379571","potions_obtained":[{"floor":2.0,"key":"AttackPotion"},{"floor":4.0,"key":"FearPotion"},{"floor":14,"key":"SpeedPotion"}],"is_trial":false,"path_per_floor":["M","M","M","M","?","R","M","E","T","T","$","R","?","E","R","B"],"character_chosen":"IRONCLAD","items_purchased":[],"campfire_rested":1,"item_purchase_floors":[],"current_hp_per_floor":[79,76,78,75,80,80,56,7,7,7,7,33,33,26,26,0],"gold":186,"neow_bonus":"TEN_PERCENT_HP_BONUS","is_prod":false,"is_daily":false,"chose_seed":false,"campfire_upgraded":2,"win_rate":0,"timestamp":1563692888,"path_taken":["M","M","M","M","?","R","M","E","T","?","$","R","?","E","R","BOSS"],"build_version":"2019-07-17","purchased_purges":1,"victory":false,"max_hp_per_floor":[82,82,82,82,87,87,87,87,87,87,87,87,87,87,87,87],"card_choices":[{"not_picked":["Havoc","Anger"],"picked":"Clothesline","floor":1.0},{"not_picked":["Flex","Searing Blow"],"picked":"Body Slam","floor":2.0},{"not_picked":["Pummel","Thunderclap"],"picked":"Warcry","floor":3.0},{"not_picked":["Intimidate","Pommel Strike"],"picked":"Spot Weakness","floor":4.0},{"not_picked":["Power Through","Ghostly Armor"],"picked":"Sword Boomerang","floor":7.0},{"not_picked":["Searing Blow","Clash"],"picked":"True Grit","floor":8.0},{"not_picked":["Dropkick","Juggernaut"],"picked":"Flame Barrier","floor":12.0},{"not_picked":["Cleave","Body Slam"],"picked":"Heavy Blade","floor":14}],"player_experience":1006731,"relics_obtained":[{"floor":8.0,"key":"Dream Catcher"},{"floor":9.0,"key":"Blood Vial"},{"floor":10.0,"key":"Blue Candle"},{"floor":14,"key":"Bag of Marbles"}],"event_choices":[{"damage_healed":0.0,"max_hp_gain":5.0,"max_hp_loss":0.0,"gold_gain":0.0,"event_name":"Big Fish","player_choice":"Donut","floor":5.0,"gold_loss":0.0,"damage_taken":0.0},{"cards_removed":["Strike_R"],"damage_healed":0.0,"max_hp_gain":0.0,"max_hp_loss":0.0,"gold_gain":0.0,"event_name":"Living Wall","player_choice":"Forget","floor":13.0,"gold_loss":0.0,"damage_taken":0.0}],"is_beta":false,"boss_relics":[],"items_purged_floors":[11],"is_endless":false,"potions_floor_spawned":[2,4,14],"killed_by":"Hexaghost","ascension_level":20}