{"gold_per_floor":[18,18,18,18,32,32,51,86,86,86,86,86,86,111,111,232,232,247,262,152,167,191,231,231,267,319,319],"floor_reached":27,"playtime":1545,"items_purged":["Strike_G"],"score":289,"play_id":"52fba2f8-ec8d-4224-b520-4af5db13c81b","local_time":"20190630134100","is_ascension_mode":true,"campfire_choices":[{"floor":6,"key":"RECALL"},{"floor":15,"key":"REST"},{"floor":24,"key":"REST"}],"neow_cost":"NO_GOLD","seed_source_timestamp":1454205482262187,"circlet_count":0,"master_deck":["Defend_G","Defend_G","Defend_G+1","Defend_G","Defend_G","Strike_G","Strike_G+1","Strike_G","Survivor","Neutralize","Infinite Blades+1","Endless Agony","Finisher","Die Die Die","Slice","Deadly Poison+1","Infinite Blades","Venomology","Backflip+1","Masterful Stab"],"relics":["Ring of the Snake","Golden Idol","Kunai","Fusion Hammer","Dream Catcher","Shuriken","Anchor"],"potions_floor_usage":[8,8,8,23,23,27,27],"damage_taken":[{"damage":0,"enemies":"Jaw Worm","floor":1,"turns":4},{"damage":0,"enemies":"Small Slimes","floor":5,"turns":4},{"damage":0,"enemies":"Cultist","floor":7,"turns":4},{"damage":29,"enemies":"Lagavulin","floor":8,"turns":8},{"damage":6,"enemies":"Exordium Wildlife","floor":14,"turns":4},{"damage":20,"enemies":"The Guardian","floor":16,"turns":15},{"damage":7,"enemies":"Shell Parasite","floor":18,"turns":5},{"damage":0,"enemies":"3 Byrds","floor":19,"turns":4},{"damage":17,"enemies":"Centurion and Healer","floor":21,"turns":6},{"damage":2,"enemies":"Cultist and Chosen","floor":22,"turns":4},{"damage":21,"enemies":"Slavers","floor":23,"turns":6},{"damage":55,"enemies":"Gremlin Leader","floor":25,"turns":7},{"damage":14,"enemies":"Slavers","floor":27,"turns":3}],"seed_played":"2678945436983992440","potions_obtained":[{"floor":1,"key":"PowerPotion"},{"floor":5,"key":"FearPotion"},{"floor":7,"key":"Ancient Potion"},{"floor":19,"key":"Energy Potion"},{"floor":22,"key":"EssenceOfSteel"},{"floor":25,"key":"GhostInAJar"}],"is_trial":false,"path_per_floor":["M","?","?","?","M","R","M","E","T","?","?","$","?","M","R","B",null,"M","M","$","M","M","E","R","E","T","E"],"character_chosen":"THE_SILENT","items_purchased":["Infinite Blades"],"campfire_rested":2,"item_purchase_floors":[20],"current_hp_per_floor":[84,84,63,56,56,56,56,27,27,10,10,10,15,9,35,15,89,82,82,82,65,63,42,68,13,13,0],"gold":319,"neow_bonus":"TWENTY_PERCENT_HP_BONUS","is_prod":false,"is_daily":false,"chose_seed":false,"campfire_upgraded":0,"win_rate":0,"timestamp":1561916460,"path_taken":["M","?","?","?","?","R","M","E","T","?","?","$","?","?","R","BOSS","M","?","$","M","M","E","R","E","T","E"],"build_version":"2019-01-23","purchased_purges":1,"victory":false,"max_hp_per_floor":[84,84,84,84,84,84,84,84,84,84,84,84,89,89,89,89,89,89,89,89,89,89,89,89,89,89,89],"card_choices":[{"not_picked":["Skewer","Choke"],"picked":"Infinite Blades","floor":1},{"not_picked":["Tactician","Quick Slash","Sucker Punch"],"picked":"SKIP","floor":5},{"not_picked":["Backflip","Dagger Spray"],"picked":"Endless Agony","floor":7},{"not_picked":["Underhanded Strike","Predator","Prepared"],"picked":"SKIP","floor":8},{"not_picked":["Underhanded Strike","Poisoned Stab"],"picked":"Finisher","floor":14},{"not_picked":["Glass Knife","Phantasmal Killer"],"picked":"Die Die Die","floor":16},{"not_picked":["Bane","Choke"],"picked":"Slice","floor":18},{"not_picked":["Dagger Spray","Backflip"],"picked":"Deadly Poison+1","floor":19},{"not_picked":["Tactician+1","Choke","Underhanded Strike"],"picked":"SKIP","floor":21},{"not_picked":["Backflip","PiercingWail","Deflect"],"picked":"SKIP","floor":22},{"not_picked":["Deflect","Dagger Spray"],"picked":"Venomology","floor":23},{"not_picked":["Reflex","Caltrops"],"picked":"Backflip+1","floor":24},{"not_picked":["Cloak And Dagger","PiercingWail"],"picked":"Masterful Stab","floor":25}],"player_experience":60514,"relics_obtained":[{"floor":8,"key":"Kunai"},{"floor":23,"key":"Dream Catcher"},{"floor":25,"key":"Shuriken"},{"floor":26,"key":"Anchor"}],"event_choices":[{"damage_healed":0,"gold_gain":0,"player_choice":"Leave","damage_taken":0,"max_hp_gain":0,"max_hp_loss":0,"event_name":"The Cleric","floor":2,"gold_loss":0},{"damage_healed":0,"gold_gain":0,"player_choice":"Take Damage","damage_taken":21,"relics_obtained":["Golden Idol"],"max_hp_gain":0,"max_hp_loss":0,"event_name":"Golden Idol","floor":3,"gold_loss":0},{"cards_removed":["Strike_G"],"damage_healed":0,"gold_gain":0,"player_choice":"Card Removal","damage_taken":7,"max_hp_gain":0,"max_hp_loss":0,"event_name":"Golden Wing","floor":4,"gold_loss":0},{"damage_healed":0,"gold_gain":0,"player_choice":"Entered Light","damage_taken":17,"max_hp_gain":0,"max_hp_loss":0,"event_name":"Shining Light","floor":10,"gold_loss":0,"cards_upgraded":["Defend_G","Strike_G"]},{"damage_healed":0,"gold_gain":0,"player_choice":"Grow","damage_taken":0,"max_hp_gain":0,"max_hp_loss":0,"event_name":"Living Wall","floor":11,"gold_loss":0,"cards_upgraded":["Infinite Blades"]},{"damage_healed":0,"gold_gain":0,"player_choice":"Donut","damage_taken":0,"max_hp_gain":5,"max_hp_loss":0,"event_name":"Big Fish","floor":13,"gold_loss":0}],"is_beta":false,"boss_relics":[{"not_picked":["Runic Pyramid","HoveringKite"],"picked":"Fusion Hammer"}],"items_purged_floors":[20],"is_endless":false,"potions_floor_spawned":[1,5,7,19,22,25],"killed_by":"Slavers","ascension_level":1}