{"gold_per_floor":[119,134,145,155,171,171,186,186,236,254,254,281,281,281,281,281],"floor_reached":16,"playtime":2211,"items_purged":[],"score":140,"play_id":"be675c8a-171b-4a8c-b0b4-31b9e440aa04","local_time":"20190723101716","is_ascension_mode":true,"campfire_choices":[{"floor":6,"key":"REST"},{"data":"Corruption","floor":8,"key":"SMITH"},{"data":"Feel No Pain","floor":11,"key":"SMITH"},{"data":"Fiend Fire","floor":13,"key":"SMITH"},{"data":"Dual Wield","floor":15,"key":"SMITH"}],"neow_cost":"NONE","seed_source_timestamp":1063967895154899,"circlet_count":0,"master_deck":["Strike_R","Strike_R","Strike_R","Strike_R","Strike_R","Defend_R","Defend_R","Defend_R","Defend_R","Bash+1","Corruption+1","Feel No Pain+1","Seeing Red","Shrug It Off","Burning Pact","Dual Wield+1","Fiend Fire+1"],"relics":["Burning Blood","Lantern","Anchor","Ornamental Fan"],"potions_floor_usage":[5,12,16],"damage_taken":[{"damage":9,"enemies":"Jaw Worm","floor":1,"turns":4},{"damage":1,"enemies":"Cultist","floor":2,"turns":3},{"damage":18,"enemies":"Small Slimes","floor":3,"turns":6},{"damage":20,"enemies":"Exordium Wildlife","floor":4,"turns":5},{"damage":22,"enemies":"Exordium Thugs","floor":5,"turns":5},{"damage":7,"enemies":"3 Louse","floor":7,"turns":4},{"damage":3,"enemies":"Large Slime","floor":10,"turns":7},{"damage":17,"enemies":"3 Sentries","floor":12,"turns":11},{"damage":48,"enemies":"The Guardian","floor":16,"turns":14}],"seed_played":"-4934995360338935787","potions_obtained":[{"floor":2,"key":"PowerPotion"},{"floor":3,"key":"FearPotion"},{"floor":10,"key":"Poison Potion"},{"floor":12,"key":"PowerPotion"}],"is_trial":false,"path_per_floor":["M","M","M","M","M","R","M","R","T","M","R","E","R","?","R","B"],"character_chosen":"IRONCLAD","items_purchased":[],"campfire_rested":1,"item_purchase_floors":[],"current_hp_per_floor":[69,74,62,48,32,56,55,55,55,58,58,47,47,47,47,0],"gold":281,"neow_bonus":"UPGRADE_CARD","is_prod":false,"is_daily":false,"chose_seed":false,"campfire_upgraded":4,"win_rate":0,"timestamp":1563902236,"path_taken":["M","M","M","M","M","R","M","R","T","M","R","E","R","?","R","BOSS"],"build_version":"2019-07-18","purchased_purges":0,"victory":false,"max_hp_per_floor":[80,80,80,80,80,80,80,80,80,80,80,80,80,80,80,80],"card_choices":[{"not_picked":["Warcry","Fire Breathing"],"picked":"Corruption","floor":1},{"not_picked":["Warcry","Spot Weakness"],"picked":"Feel No Pain","floor":2},{"not_picked":["Heavy Blade","Twin Strike"],"picked":"Seeing Red","floor":3},{"not_picked":["Entrench","Wild Strike"],"picked":"Shrug It Off","floor":4},{"not_picked":["Sentinel","Combust"],"picked":"Burning Pact","floor":5},{"not_picked":["Havoc","Inflame","Iron Wave"],"picked":"SKIP","floor":7},{"not_picked":["Anger","Perfected Strike"],"picked":"Dual Wield","floor":10},{"not_picked":["Body Slam","Rampage"],"picked":"Fiend Fire","floor":12}],"player_experience":125784,"relics_obtained":[{"floor":9,"key":"Lantern"},{"floor":12,"key":"Anchor"}],"event_choices":[{"damage_healed":0,"gold_gain":0,"player_choice":"Gave Potion","damage_taken":0,"relics_obtained":["Ornamental Fan"],"max_hp_gain":0,"max_hp_loss":0,"event_name":"WeMeetAgain","floor":14,"gold_loss":0}],"is_beta":true,"boss_relics":[],"items_purged_floors":[],"is_endless":false,"potions_floor_spawned":[2,3,10,12],"killed_by":"The Guardian","ascension_level":7}