{"gold_per_floor":[116,116,116,116,131,131,141,141,192,224,224,237,237,85,85,180,180,200,212,212,15,126,138,164,191,203,232,255,267,289,320,332,344],"floor_reached":33,"playtime":1449,"items_purged":["Defend_B"],"score":478,"play_id":"26710ea1-9c38-4364-8c3b-cffc25427564","local_time":"20180811114307","is_ascension_mode":true,"campfire_choices":[{"data":"Zap","floor":6.0,"key":"SMITH"},{"data":"Coolheaded","floor":8.0,"key":"SMITH"},{"data":"FTL","floor":11.0,"key":"SMITH"},{"data":"Dualcast","floor":13.0,"key":"SMITH"},{"data":"Capacitor","floor":15.0,"key":"SMITH"},{"data":"Fusion","floor":23.0,"key":"SMITH"},{"floor":29.0,"key":"REST"},{"floor":32.0,"key":"REST"}],"neow_cost":"TEN_PERCENT_HP_LOSS","seed_source_timestamp":581362915242322,"circlet_count":0,"master_deck":["Strike_B","Strike_B","Defend_B","Defend_B","Zap+1","Dualcast+1","AscendersBane","Sweeping Beam","Conserve Battery","Coolheaded+1","FTL+1","Glacier","Capacitor+1","Machine Learning","Beam Cell","Fusion+1","Barrage","Self Repair"],"special_seed":0,"relics":["Cracked Core","Potion Belt","Centennial Puzzle","Inserter","MawBank","Art of War"],"potions_floor_usage":[],"damage_taken":[{"damage":0.0,"enemies":"2 Louse","floor":1.0,"turns":2.0},{"damage":0.0,"enemies":"Small Slimes","floor":5.0,"turns":2.0},{"damage":5.0,"enemies":"Jaw Worm","floor":7.0,"turns":3.0},{"damage":20.0,"enemies":"Gremlin Nob","floor":10.0,"turns":5.0},{"damage":6.0,"enemies":"3 Louse","floor":12.0,"turns":2.0},{"damage":0.0,"enemies":"The Guardian","floor":16.0,"turns":13.0},{"damage":8.0,"enemies":"Chosen","floor":18.0,"turns":8.0},{"damage":13.0,"enemies":"3 Byrds","floor":19.0,"turns":6.0},{"damage":18.0,"enemies":"Cultist and Chosen","floor":24.0,"turns":8.0},{"damage":3.0,"enemies":"Centurion and Healer","floor":25.0,"turns":5.0},{"damage":6.0,"enemies":"Sentry and Sphere","floor":27.0,"turns":6.0},{"damage":14.0,"enemies":"Cultist and Chosen","floor":28.0,"turns":6.0},{"damage":9.0,"enemies":"Chosen and Byrds","floor":30.0,"turns":5.0},{"damage":10.0,"enemies":"Snake Plant","floor":31.0,"turns":5.0},{"damage":53,"enemies":"Champ","floor":33,"turns":10}],"seed_played":"-4412246700126636044","potions_obtained":[{"floor":4.0,"key":"Block Potion"},{"floor":4.0,"key":"Energy Potion"},{"floor":12.0,"key":"Explosive Potion"},{"floor":16.0,"key":"Poison Potion"},{"floor":18.0,"key":"Poison Potion"},{"floor":24.0,"key":"Explosive Potion"},{"floor":25.0,"key":"FocusPotion"},{"floor":28.0,"key":"Explosive Potion"},{"floor":30.0,"key":"FocusPotion"}],"is_trial":false,"path_per_floor":["M","?","?","?","M","R","M","R","T","E","R","M","R","$","R","B",null,"M","M","?","$","?","R","M","M","T","M","M","R","M","M","R"],"character_chosen":"DEFECT","items_purchased":["Capacitor","Fusion","MawBank"],"campfire_rested":2,"item_purchase_floors":[14,21,21],"current_hp_per_floor":[68,68,73,73,73,73,68,68,68,48,48,42,42,42,42,42,65,57,44,44,44,44,44,26,23,23,17,3,24,15,12,33,0],"gold":344,"neow_bonus":"REMOVE_TWO","is_prod":false,"is_daily":false,"chose_seed":false,"campfire_upgraded":6,"win_rate":0,"timestamp":1533980587,"path_taken":["M","?","?","?","M","R","M","R","T","E","R","M","R","$","R","BOSS","M","M","?","$","?","R","M","M","T","?","M","R","M","M","R","BOSS"],"build_version":"2018-08-09","purchased_purges":1,"victory":false,"max_hp_per_floor":[68,68,73,73,73,73,73,73,73,73,73,73,73,73,73,73,73,73,73,73,73,73,73,73,73,73,73,73,73,73,73,73,73],"card_choices":[{"not_picked":["Rebound","Lockon"],"picked":"Sweeping Beam","floor":1.0},{"not_picked":["Darkness","Streamline"],"picked":"Conserve Battery","floor":5.0},{"not_picked":["Meteor Strike","Stack"],"picked":"Coolheaded","floor":7.0},{"not_picked":["Hyperbeam","Doom and Gloom"],"picked":"FTL","floor":10.0},{"not_picked":["Streamline","Loop"],"picked":"Glacier","floor":12.0},{"not_picked":["Echo Form","Meteor Strike"],"picked":"Machine Learning","floor":16.0},{"not_picked":["Ball Lightning","Skim"],"picked":"Beam Cell","floor":18.0},{"not_picked":["Hologram","Capacitor","Hello World"],"picked":"SKIP","floor":19.0},{"not_picked":["Storm","Ball Lightning"],"picked":"Barrage","floor":24.0},{"not_picked":["Amplify","Gash","Conserve Battery"],"picked":"SKIP","floor":25.0},{"not_picked":["Go for the Eyes","Sunder","Beam Cell"],"picked":"SKIP","floor":27.0},{"not_picked":["Fusion","White Noise","Scrape+1"],"picked":"SKIP","floor":28.0},{"not_picked":["Stack","Redo"],"picked":"Self Repair","floor":30.0},{"not_picked":["Turbo","FTL","Leap"],"picked":"SKIP","floor":31.0}],"player_experience":624090,"relics_obtained":[{"floor":9.0,"key":"Potion Belt"},{"floor":10.0,"key":"Centennial Puzzle"},{"floor":26.0,"key":"Art of War"}],"event_choices":[{"event_name":"Living Wall","player_choice":"Forget","floor":2.0,"damage_taken":0.0},{"event_name":"Big Fish","player_choice":"Donut","floor":3.0,"damage_taken":0.0},{"event_name":"The Lab","player_choice":"Got Potions","floor":4.0,"damage_taken":0.0},{"event_name":"Drug Dealer","player_choice":"Ignored","floor":20.0,"damage_taken":0.0},{"event_name":"Nest","player_choice":"Stole From Cult","floor":22.0,"damage_taken":0.0}],"is_beta":false,"boss_relics":[{"not_picked":["Runic Pyramid","Calling Bell"],"picked":"Inserter"}],"items_purged_floors":[14],"is_endless":false,"potions_floor_spawned":[5,12,16,18,24,25,28,30],"killed_by":"Champ","ascension_level":12}