{"gold_per_floor":[115,127,52,52,64,64,64,64,114,114,40,40,60,73,73,151,151,161,161,161,171,18,18,18],"floor_reached":24,"playtime":549,"items_purged":["Strike_B","Strike_B"],"score":468,"play_id":"b2378082-e313-44a4-b513-a710c3743bfc","local_time":"20190305000007","is_ascension_mode":true,"campfire_choices":[{"data":"Zap","floor":7.0,"key":"SMITH"},{"data":"Consume","floor":12.0,"key":"SMITH"},{"data":"Capacitor","floor":15.0,"key":"SMITH"},{"data":"Redo","floor":23,"key":"SMITH"}],"neow_cost":"NONE","seed_source_timestamp":25185397026256,"circlet_count":0,"master_deck":["AscendersBane","Strike_B","Defend_B+1","Defend_B+1","Defend_B","Defend_B","Zap+1","Dualcast","Ball Lightning","Compile Driver","Consume+1","Capacitor+1","Loop","Core Surge","Skim","Redo+1","Coolheaded"],"special_seed":0,"relics":["Cracked Core","NeowsBlessing","Bag of Preparation","Eternal Feather"],"potions_floor_usage":[18],"damage_taken":[{"damage":0.0,"enemies":"Cultist","floor":1.0,"turns":1.0},{"damage":0.0,"enemies":"Small Slimes","floor":2.0,"turns":1.0},{"damage":0.0,"enemies":"2 Louse","floor":5.0,"turns":1.0},{"damage":5.0,"enemies":"Large Slime","floor":13.0,"turns":4.0},{"damage":3.0,"enemies":"Looter","floor":14.0,"turns":3.0},{"damage":0.0,"enemies":"Slime Boss","floor":16.0,"turns":4.0},{"damage":22,"enemies":"3 Byrds","floor":18,"turns":4},{"damage":12,"enemies":"Spheric Guardian","floor":21,"turns":4},{"damage":48,"enemies":"Shelled Parasite and Fungi","floor":24,"turns":6}],"seed_played":"4754884264254937778","potions_obtained":[{"floor":5.0,"key":"PowerPotion"},{"floor":13.0,"key":"Weak Potion"}],"is_trial":false,"path_per_floor":["M","M","$","?","M","?","R","?","T","?","$","R","M","M","R","B",null,"M","?","?","M","$","R","M"],"character_chosen":"DEFECT","items_purchased":["Capacitor","Coolheaded"],"campfire_rested":0,"item_purchase_floors":[11,22],"current_hp_per_floor":[64,64,64,64,64,69,69,46,46,46,46,46,41,38,38,38,67,45,45,45,33,33,42,0],"gold":18,"neow_bonus":"THREE_ENEMY_KILL","is_prod":false,"is_daily":false,"chose_seed":false,"campfire_upgraded":4,"win_rate":0,"timestamp":1551740407,"path_taken":["M","?","$","?","M","?","R","?","T","?","?","R","M","M","R","BOSS","M","?","?","?","$","R","M"],"build_version":"2019-01-23","purchased_purges":2,"victory":false,"max_hp_per_floor":[71,71,71,71,71,76,76,76,76,76,76,76,76,76,76,76,76,76,76,76,76,76,76,76],"card_choices":[{"not_picked":["Redo","Auto Shields"],"picked":"Ball Lightning","floor":1.0},{"not_picked":["Stack","Hologram"],"picked":"Compile Driver","floor":2.0},{"not_picked":["Steam","Reprogram"],"picked":"Consume","floor":5.0},{"not_picked":["Sweeping Beam","Cold Snap","Reprogram"],"picked":"SKIP","floor":13.0},{"not_picked":["Compile Driver","Sunder"],"picked":"Loop","floor":14.0},{"not_picked":["Buffer","Creative AI"],"picked":"Core Surge","floor":16.0},{"not_picked":["Steam","Cold Snap"],"picked":"Skim","floor":18},{"not_picked":["Reprogram","Cold Snap"],"picked":"Redo","floor":21}],"player_experience":939554,"relics_obtained":[{"floor":9.0,"key":"Bag of Preparation"}],"event_choices":[{"damage_healed":0.0,"max_hp_gain":0.0,"max_hp_loss":0.0,"gold_gain":0.0,"event_name":"The Cleric","player_choice":"Leave","floor":4.0,"gold_loss":0.0,"damage_taken":0.0},{"damage_healed":0.0,"max_hp_gain":5.0,"max_hp_loss":0.0,"gold_gain":0.0,"event_name":"Big Fish","player_choice":"Donut","floor":6.0,"gold_loss":0.0,"damage_taken":0.0},{"damage_healed":0.0,"max_hp_gain":0.0,"max_hp_loss":0.0,"gold_gain":0.0,"event_name":"Shining Light","player_choice":"Entered Light","floor":8.0,"gold_loss":0.0,"damage_taken":23.0,"cards_upgraded":["Defend_B","Defend_B"]},{"damage_healed":0.0,"max_hp_gain":0.0,"max_hp_loss":0.0,"gold_gain":0.0,"event_name":"Liars Game","player_choice":"Ignored","floor":10.0,"gold_loss":0.0,"damage_taken":0.0},{"damage_healed":0,"gold_gain":0,"player_choice":"Ignored","damage_taken":0,"max_hp_gain":0,"max_hp_loss":0,"event_name":"Ghosts","floor":19,"gold_loss":0},{"cards_removed":["Strike_B"],"damage_healed":0,"gold_gain":0,"player_choice":"Purged","damage_taken":0,"max_hp_gain":0,"max_hp_loss":0,"event_name":"Purifier","floor":20,"gold_loss":0}],"is_beta":false,"boss_relics":[{"not_picked":["Runic Dome","Lizard Tail"],"picked":"Eternal Feather"}],"items_purged_floors":[3,22],"is_endless":false,"potions_floor_spawned":[5,13,14],"killed_by":"Shelled Parasite and Fungi","ascension_level":20}