{"gold_per_floor":[111,286,296,296,296,296,326,342,420,420,432,382,393,428,428,428],"floor_reached":16,"playtime":542,"items_purged":[],"score":121,"play_id":"235f1714-2935-415a-a72d-13bef3b0a5d1","local_time":"20190701214529","is_ascension_mode":true,"campfire_choices":[{"data":"Inflame","floor":6,"key":"SMITH"},{"data":"Flex","floor":10,"key":"SMITH"},{"data":"Flex","floor":15,"key":"SMITH"}],"neow_cost":"NONE","seed_source_timestamp":1570679163293188,"circlet_count":0,"master_deck":["Strike_R","Strike_R","Strike_R","Strike_R","Strike_R","Defend_R","Defend_R","Bash","Flex+1","Inflame+1","Flex+1","Pommel Strike+1","Impervious"],"relics":["Burning Blood","Orichalcum","Molten Egg 2","Tiny Chest","Juzu Bracelet"],"potions_floor_usage":[16],"damage_taken":[{"damage":1,"enemies":"Cultist","floor":1,"turns":3},{"damage":10,"enemies":"2 Louse","floor":3,"turns":2},{"damage":24,"enemies":"Lagavulin","floor":7,"turns":6},{"damage":6,"enemies":"Small Slimes","floor":8,"turns":3},{"damage":9,"enemies":"Exordium Thugs","floor":11,"turns":5},{"damage":7,"enemies":"3 Louse","floor":13,"turns":3},{"damage":30,"enemies":"3 Sentries","floor":14,"turns":7},{"damage":23,"enemies":"Hexaghost","floor":16,"turns":8}],"seed_played":"-594511136435534054","potions_obtained":[{"floor":3,"key":"Regen Potion"},{"floor":11,"key":"Dexterity Potion"},{"floor":13,"key":"Ancient Potion"}],"is_trial":false,"path_per_floor":["M","?","M","?","?","R","E","M","T","R","M","?","M","E","R","B"],"character_chosen":"IRONCLAD","items_purchased":[],"campfire_rested":0,"item_purchase_floors":[],"current_hp_per_floor":[80,80,76,69,69,69,51,51,51,51,48,48,47,23,23,0],"gold":428,"neow_bonus":"REMOVE_CARD","is_prod":false,"is_daily":false,"chose_seed":false,"campfire_upgraded":3,"win_rate":0,"timestamp":1562031929,"path_taken":["M","?","M","?","?","R","E","?","T","R","M","?","M","E","R","BOSS"],"build_version":"2019-07-01","purchased_purges":0,"victory":false,"max_hp_per_floor":[80,80,80,80,80,80,80,80,80,80,80,80,80,80,80,80],"card_choices":[{"not_picked":["Iron Wave","Shrug It Off"],"picked":"Flex","floor":1},{"not_picked":["Iron Wave","Power Through"],"picked":"Inflame","floor":3},{"not_picked":["Pommel Strike","Body Slam","Bloodletting"],"picked":"SKIP","floor":7},{"not_picked":["Metallicize","Wild Strike+1","Flame Barrier"],"picked":"SKIP","floor":8},{"not_picked":["Warcry","Shrug It Off"],"picked":"Flex","floor":11},{"not_picked":["Clash+1","Iron Wave+1"],"picked":"Pommel Strike+1","floor":13},{"not_picked":["Armaments","Thunderclap+1"],"picked":"Impervious","floor":14}],"player_experience":102808,"relics_obtained":[{"floor":7,"key":"Molten Egg 2"},{"floor":9,"key":"Tiny Chest"},{"floor":14,"key":"Juzu Bracelet"}],"event_choices":[{"damage_healed":0,"gold_gain":175,"player_choice":"AGREE","damage_taken":0,"max_hp_gain":0,"max_hp_loss":0,"event_name":"Liars Game","floor":2,"gold_loss":0,"cards_obtained":["Doubt"]},{"cards_removed":["Doubt"],"damage_healed":0,"gold_gain":0,"player_choice":"Card Removal","damage_taken":7,"max_hp_gain":0,"max_hp_loss":0,"event_name":"Golden Wing","floor":4,"gold_loss":0},{"damage_healed":0,"gold_gain":0,"player_choice":"Gave Potion","damage_taken":0,"relics_obtained":["Orichalcum"],"max_hp_gain":0,"max_hp_loss":0,"event_name":"WeMeetAgain","floor":5,"gold_loss":0},{"cards_removed":["Defend_R"],"damage_healed":0,"gold_gain":0,"player_choice":"Card Removal","damage_taken":0,"max_hp_gain":0,"max_hp_loss":0,"event_name":"The Cleric","floor":12,"gold_loss":50}],"is_beta":false,"boss_relics":[],"items_purged_floors":[],"is_endless":false,"potions_floor_spawned":[3,11,13],"killed_by":"Hexaghost","ascension_level":2}