{"gold_per_floor":[111,35,46,61,79,79,91,91,118,118,118,118,133,153,153,224,224,239,239,12,29,29,29,41,41,64,64],"floor_reached":27,"playtime":904,"items_purged":[],"score":410,"play_id":"0b736a68-252e-4b7c-b9b6-4ede0b02bd63","local_time":"20190225193557","is_ascension_mode":true,"campfire_choices":[{"data":"Armaments","floor":6.0,"key":"SMITH"},{"data":"Metallicize","floor":8.0,"key":"SMITH"},{"data":"Hemokinesis","floor":10.0,"key":"SMITH"},{"data":"Bash","floor":12.0,"key":"SMITH"},{"data":"Battle Trance","floor":15.0,"key":"SMITH"},{"data":"Panacea","floor":23.0,"key":"SMITH"},{"data":"Combust","floor":25,"key":"SMITH"}],"neow_cost":"TEN_PERCENT_HP_LOSS","seed_source_timestamp":1518568438403935,"circlet_count":0,"master_deck":["AscendersBane","Strike_R","Strike_R","Strike_R","Defend_R","Defend_R","Defend_R","Bash+1","Armaments+1","Metallicize+1","Thunderclap","Hemokinesis+1","Rampage","Battle Trance+1","Burning Pact","Panacea+1","Combust+1"],"special_seed":0,"relics":["Burning Blood","Bird Faced Urn","Bronze Scales","Empty Cage","Blood Vial","Regal Pillow"],"potions_floor_usage":[27],"damage_taken":[{"damage":6.0,"enemies":"Cultist","floor":1.0,"turns":3.0},{"damage":9.0,"enemies":"Jaw Worm","floor":3.0,"turns":5.0},{"damage":8.0,"enemies":"2 Louse","floor":4.0,"turns":4.0},{"damage":11.0,"enemies":"Looter","floor":5.0,"turns":4.0},{"damage":14.0,"enemies":"Large Slime","floor":7.0,"turns":5.0},{"damage":6.0,"enemies":"Blue Slaver","floor":13.0,"turns":3.0},{"damage":22.0,"enemies":"Exordium Wildlife","floor":14.0,"turns":4.0},{"damage":25.0,"enemies":"The Guardian","floor":16.0,"turns":13.0},{"damage":18.0,"enemies":"Chosen","floor":18.0,"turns":4.0},{"damage":21.0,"enemies":"3 Byrds","floor":21.0,"turns":2.0},{"damage":29.0,"enemies":"3 Cultists","floor":24.0,"turns":4.0},{"damage":42,"enemies":"Snake Plant","floor":27,"turns":2}],"seed_played":"7306069040939103110","potions_obtained":[{"floor":3.0,"key":"Ancient Potion"},{"floor":4.0,"key":"Fire Potion"},{"floor":7.0,"key":"PowerPotion"}],"is_trial":false,"path_per_floor":["M","$","M","M","M","R","M","R","T","R","?","R","M","M","R","B",null,"M","?","$","M","?","R","M","R","T","M"],"character_chosen":"IRONCLAD","items_purchased":["Metallicize","Burning Pact","Panacea","Combust"],"campfire_rested":0,"item_purchase_floors":[2,20,20,20],"current_hp_per_floor":[68,68,65,65,62,62,54,54,54,54,54,54,56,42,42,25,57,47,61,61,48,48,48,31,31,31,0],"gold":64,"neow_bonus":"ONE_RARE_RELIC","is_prod":false,"is_daily":false,"chose_seed":false,"campfire_upgraded":7,"win_rate":0,"timestamp":1551119757,"path_taken":["M","$","?","M","M","R","M","R","T","R","?","R","M","M","R","BOSS","M","?","$","M","?","R","M","R","T","M"],"build_version":"2019-01-23","purchased_purges":0,"victory":false,"max_hp_per_floor":[68,68,68,68,68,68,68,68,68,68,68,68,68,68,68,68,68,68,68,68,68,68,68,68,68,68,68],"card_choices":[{"not_picked":["Flex","Clothesline"],"picked":"Armaments","floor":1.0},{"not_picked":["Sword Boomerang","Wild Strike"],"picked":"Thunderclap","floor":3.0},{"not_picked":["Anger","Havoc"],"picked":"Hemokinesis","floor":4.0},{"not_picked":["Shrug It Off","Sword Boomerang"],"picked":"Iron Wave","floor":5.0},{"not_picked":["Armaments","Twin Strike"],"picked":"Rampage","floor":7.0},{"not_picked":["Whirlwind","Iron Wave","Hemokinesis"],"picked":"SKIP","floor":13.0},{"not_picked":["Whirlwind","Iron Wave","Hemokinesis"],"picked":"SKIP","floor":13.0},{"not_picked":["Seeing Red","Havoc"],"picked":"Battle Trance","floor":14.0},{"not_picked":["Body Slam","Shrug It Off","Flex"],"picked":"SKIP","floor":18.0},{"not_picked":["Havoc","Iron Wave","Rage"],"picked":"SKIP","floor":21.0},{"not_picked":["Sentinel","Rage","Dual Wield+1"],"picked":"SKIP","floor":24.0}],"player_experience":898755,"relics_obtained":[{"floor":9.0,"key":"Bronze Scales"},{"floor":26,"key":"Regal Pillow"}],"event_choices":[{"cards_removed":["Strike_R"],"damage_healed":0.0,"max_hp_gain":0.0,"max_hp_loss":0.0,"gold_gain":0.0,"event_name":"Bonfire Elementals","player_choice":"Offered Basic","floor":11.0,"gold_loss":0.0,"damage_taken":0.0},{"damage_healed":14.0,"max_hp_gain":0.0,"max_hp_loss":0.0,"gold_gain":0.0,"event_name":"The Library","player_choice":"Heal","floor":19.0,"gold_loss":0.0,"damage_taken":0.0},{"cards_removed":["Iron Wave"],"damage_healed":0.0,"max_hp_gain":0.0,"max_hp_loss":0.0,"gold_gain":0.0,"event_name":"WeMeetAgain","player_choice":"Gave Card","floor":22.0,"gold_loss":0.0,"damage_taken":0.0,"relics_obtained":["Blood Vial"]}],"is_beta":false,"boss_relics":[{"not_picked":["Cursed Key","Sozu"],"picked":"Empty Cage"}],"items_purged_floors":[],"is_endless":false,"potions_floor_spawned":[3,4,7,14,21],"killed_by":"Snake Plant","ascension_level":20}