{"gold_per_floor":[116,127,147,147,159,159,192,192,274,274,286,314,35,35,47,156,168,194,224,236,276,288,300,330,377,689,701,713],"floor_reached":28,"playtime":1066,"items_purged":["Strike_B"],"score":271,"play_id":"b594d3b1-86ec-4315-b765-d6e69bd885bf","local_time":"20190716220530","is_ascension_mode":true,"campfire_choices":[{"data":"Gash","floor":6,"key":"SMITH"},{"floor":8,"key":"REST"},{"floor":10,"key":"REST"},{"floor":15,"key":"REST"},{"floor":23,"key":"REST"}],"neow_cost":"NONE","seed_source_timestamp":444693783632425,"circlet_count":0,"master_deck":["Strike_B","Strike_B","Strike_B","Defend_B","Defend_B","Defend_B","Defend_B","Zap","Dualcast","Dramatic Entrance+1","Gash+1","BootSequence","Go for the Eyes","FTL","Buffer","Beam Cell","Turbo","Go for the Eyes","Go for the Eyes","Scrape"],"relics":["Cracked Core","Thread and Needle","Question Card","Smiling Mask","Toolbox","MawBank","Nuclear Battery","Red Mask","Shuriken","Vajra","Old Coin"],"potions_floor_usage":[5,12,21,25,25,25],"damage_taken":[{"damage":1,"enemies":"Cultist","floor":1,"turns":3},{"damage":0,"enemies":"Small Slimes","floor":2,"turns":1},{"damage":3,"enemies":"2 Louse","floor":3,"turns":2},{"damage":20,"enemies":"Exordium Thugs","floor":5,"turns":4},{"damage":50,"enemies":"Lagavulin","floor":7,"turns":6},{"damage":0,"enemies":"Looter","floor":11,"turns":2},{"damage":28,"enemies":"Gremlin Nob","floor":12,"turns":6},{"damage":20,"enemies":"The Guardian","floor":16,"turns":7},{"damage":7,"enemies":"Shell Parasite","floor":18,"turns":6},{"damage":12,"enemies":"Spheric Guardian","floor":19,"turns":4},{"damage":29,"enemies":"Masked Bandits","floor":21,"turns":5},{"damage":28,"enemies":"Shelled Parasite and Fungi","floor":24,"turns":8},{"damage":11,"enemies":"Book of Stabbing","floor":25,"turns":4},{"damage":0,"enemies":"Colosseum Slavers","floor":27,"turns":2},{"damage":11,"enemies":"Centurion and Healer","floor":28,"turns":4}],"seed_played":"1100723705364976496","potions_obtained":[{"floor":3,"key":"SteroidPotion"},{"floor":7,"key":"SpeedPotion"},{"floor":16,"key":"SteroidPotion"},{"floor":19,"key":"SteroidPotion"},{"floor":21,"key":"LiquidBronze"},{"floor":24,"key":"FearPotion"}],"is_trial":false,"path_per_floor":["M","M","M","?","M","R","E","R","T","R","M","E","$","?","R","B",null,"M","M","?","?","T","R","M","E","T","?","M"],"character_chosen":"DEFECT","items_purchased":["FTL","Toolbox"],"campfire_rested":4,"item_purchase_floors":[13,13],"current_hp_per_floor":[74,74,71,71,51,51,1,23,23,45,45,17,17,10,32,12,75,68,56,56,27,27,49,21,10,10,10,0],"gold":713,"neow_bonus":"RANDOM_COLORLESS","is_prod":false,"is_daily":false,"chose_seed":false,"campfire_upgraded":1,"win_rate":0,"timestamp":1563329130,"path_taken":["M","?","M","?","?","R","E","R","T","R","M","E","$","?","R","BOSS","M","M","?","?","?","R","M","E","T","?","?"],"build_version":"2019-07-05","purchased_purges":1,"victory":false,"max_hp_per_floor":[75,75,75,75,75,75,75,75,75,75,75,75,75,75,75,75,75,75,75,75,75,75,75,75,75,75,75,75],"card_choices":[{"not_picked":["Streamline","Cold Snap","Steam"],"picked":"SKIP","floor":1},{"not_picked":["Go for the Eyes","Storm"],"picked":"Gash","floor":2},{"not_picked":["Redo","Glacier","Reprogram"],"picked":"SKIP","floor":3},{"not_picked":["Leap","Fusion","Force Field"],"picked":"SKIP","floor":5},{"not_picked":["Go for the Eyes","Double Energy"],"picked":"BootSequence","floor":7},{"not_picked":["Reboot","Static Discharge","Doom and Gloom"],"picked":"Go for the Eyes","floor":11},{"not_picked":["Sweeping Beam","Hologram","Conserve Battery","Rebound"],"picked":"SKIP","floor":12},{"not_picked":["Reboot","Hyperbeam","Meteor Strike"],"picked":"Buffer","floor":16},{"not_picked":["Rebound","Barrage","Double Energy"],"picked":"Beam Cell","floor":18},{"not_picked":["Cold Snap","Streamline","Chill"],"picked":"Turbo","floor":19},{"not_picked":["Turbo","Coolheaded","BootSequence"],"picked":"Go for the Eyes","floor":21},{"not_picked":["Barrage","Heatsinks+1","Turbo"],"picked":"Go for the Eyes","floor":24},{"not_picked":["Beam Cell+1","Reprogram","Coolheaded"],"picked":"Scrape","floor":25}],"player_experience":178992,"relics_obtained":[{"floor":7,"key":"Thread and Needle"},{"floor":9,"key":"Question Card"},{"floor":12,"key":"Smiling Mask"},{"floor":21,"key":"Red Mask"},{"floor":22,"key":"Shuriken"},{"floor":25,"key":"Vajra"},{"floor":26,"key":"Old Coin"}],"event_choices":[{"damage_healed":0,"gold_gain":0,"player_choice":"Forge","damage_taken":0,"max_hp_gain":0,"max_hp_loss":0,"event_name":"Accursed Blacksmith","floor":4,"gold_loss":0,"cards_upgraded":["Dramatic Entrance"]},{"damage_healed":0,"gold_gain":0,"player_choice":"Success","damage_taken":7,"relics_obtained":["MawBank"],"max_hp_gain":0,"max_hp_loss":0,"event_name":"Scrap Ooze","floor":14,"gold_loss":0},{"damage_healed":0,"gold_gain":0,"player_choice":"Ignored","damage_taken":0,"max_hp_gain":0,"max_hp_loss":0,"event_name":"Vampires","floor":20,"gold_loss":0},{"damage_healed":0,"gold_gain":0,"player_choice":"Fought Bandits","damage_taken":0,"max_hp_gain":0,"max_hp_loss":0,"event_name":"Masked Bandits","floor":21,"gold_loss":0},{"damage_healed":0,"gold_gain":0,"player_choice":"Fight","damage_taken":0,"max_hp_gain":0,"max_hp_loss":0,"event_name":"Colosseum","floor":27,"gold_loss":0},{"damage_healed":0,"gold_gain":0,"player_choice":"Fled From Nobs","damage_taken":0,"max_hp_gain":0,"max_hp_loss":0,"event_name":"Colosseum","floor":27,"gold_loss":0}],"is_beta":false,"boss_relics":[{"not_picked":["Snecko Eye","Sozu"],"picked":"Nuclear Battery"}],"items_purged_floors":[13],"is_endless":false,"potions_floor_spawned":[3,7,16,19,21,24],"killed_by":"Centurion and Healer","ascension_level":2}