{"gold_per_floor":[112,112,112,37,50,50,67,92,174,184,184,214,234,245,245,350,350,365,55,55,55,55,55,85,85,131,143,155,155,6,25,25,25],"floor_reached":33,"playtime":1122,"items_purged":["Pain","Strike_G"],"score":330,"play_id":"4ca744b1-c01f-4788-bd5d-69ec1891ccb1","local_time":"20190729181202","is_ascension_mode":true,"campfire_choices":[{"data":"Noxious Fumes","floor":6,"key":"SMITH"},{"data":"Bouncing Flask","floor":11,"key":"SMITH"},{"data":"Crippling Poison","floor":15,"key":"SMITH"},{"data":"Burst","floor":23,"key":"SMITH"},{"data":"Poisoned Stab","floor":25,"key":"SMITH"},{"floor":29,"key":"RECALL"},{"floor":32,"key":"REST"}],"neow_cost":"CURSE","seed_source_timestamp":1553839855631690,"circlet_count":0,"master_deck":["Strike_G","Strike_G","Strike_G","Strike_G","Defend_G","Defend_G","Defend_G","Defend_G","Defend_G","Survivor","Neutralize","Noxious Fumes+1","Quick Slash","Glass Knife","Bouncing Flask+1","Footwork","Crippling Poison+1","Burst+1","Die Die Die","Poisoned Stab+1","Crippling Poison+1","Shame","Writhe","Poisoned Stab+1","Bouncing Flask","Noxious Fumes"],"relics":["Ring of the Snake","Anchor","Centennial Puzzle","Pear","Tiny Chest","TwistedFunnel","Tough Bandages","PreservedInsect","Nloth\u0027s Gift","Ginger"],"potions_floor_usage":[16,16,31,33,33],"damage_taken":[{"damage":10,"enemies":"Small Slimes","floor":1,"turns":5},{"damage":0,"enemies":"Jaw Worm","floor":5,"turns":5},{"damage":6,"enemies":"2 Louse","floor":7,"turns":3},{"damage":29,"enemies":"Gremlin Nob","floor":8,"turns":5},{"damage":4,"enemies":"2 Fungi Beasts","floor":10,"turns":3},{"damage":2,"enemies":"3 Louse","floor":13,"turns":2},{"damage":10,"enemies":"Gremlin Gang","floor":14,"turns":3},{"damage":6,"enemies":"The Guardian","floor":16,"turns":7},{"damage":9,"enemies":"3 Byrds","floor":18,"turns":4},{"damage":48,"enemies":"Book of Stabbing","floor":24,"turns":5},{"damage":4,"enemies":"Shell Parasite","floor":27,"turns":3},{"damage":13,"enemies":"Centurion and Healer","floor":28,"turns":4},{"damage":21,"enemies":"Snecko","floor":31,"turns":4},{"damage":36,"enemies":"Collector","floor":33,"turns":6}],"seed_played":"5739742573099830293","potions_obtained":[{"floor":5,"key":"Swift Potion"},{"floor":10,"key":"Ancient Potion"},{"floor":13,"key":"Poison Potion"},{"floor":14,"key":"AttackPotion"},{"floor":24,"key":"AttackPotion"},{"floor":28,"key":"Energy Potion"}],"is_trial":false,"path_per_floor":["M","?","T","$","M","R","M","E","T","M","R","T","M","M","R","B",null,"M","$","?","?","?","R","E","R","T","M","M","R","$","M","R","B"],"character_chosen":"THE_SILENT","items_purchased":["TwistedFunnel","Bouncing Flask","Noxious Fumes"],"campfire_rested":1,"item_purchase_floors":[19,30,30],"current_hp_per_floor":[74,79,79,79,79,79,73,44,54,50,50,50,48,38,38,32,99,90,90,90,90,90,90,42,42,42,38,25,25,25,4,33,0],"gold":25,"neow_bonus":"TWENTY_PERCENT_HP_BONUS","is_prod":false,"is_daily":false,"chose_seed":false,"campfire_upgraded":5,"win_rate":0,"timestamp":1564438322,"path_taken":["M","?","?","$","M","R","M","E","T","M","R","?","M","M","R","BOSS","M","$","?","?","?","R","E","R","T","M","M","R","$","?","R","BOSS"],"build_version":"2019-07-17","purchased_purges":2,"victory":false,"max_hp_per_floor":[84,89,89,89,89,89,89,89,99,99,99,99,99,99,99,99,99,99,99,99,99,99,99,99,99,99,99,99,99,99,99,99,99],"card_choices":[{"not_picked":["Outmaneuver","Reflex"],"picked":"Noxious Fumes","floor":1},{"not_picked":["Poisoned Stab","Blur"],"picked":"Quick Slash","floor":5},{"not_picked":["Tactician","Heel Hook","Bane"],"picked":"SKIP","floor":7},{"not_picked":["Prepared","Tactician"],"picked":"Glass Knife","floor":8},{"not_picked":["Escape Plan","Blade Dance"],"picked":"Bouncing Flask","floor":10},{"not_picked":["Dodge and Roll","Sucker Punch"],"picked":"Footwork","floor":13},{"not_picked":["Dodge and Roll","Blur"],"picked":"Crippling Poison","floor":14},{"not_picked":["Night Terror","Envenom"],"picked":"Burst","floor":16},{"not_picked":["Predator","Underhanded Strike"],"picked":"Die Die Die","floor":17},{"not_picked":["Deadly Poison","Leg Sweep"],"picked":"Poisoned Stab","floor":17},{"not_picked":["Cloak And Dagger","Sucker Punch"],"picked":"Crippling Poison+1","floor":18},{"not_picked":["Malaise","Calculated Gamble"],"picked":"Poisoned Stab+1","floor":24},{"not_picked":["Riddle With Holes","Tactician","Backstab"],"picked":"SKIP","floor":27},{"not_picked":["Riddle With Holes","Tactician","Backstab"],"picked":"SKIP","floor":27},{"not_picked":["Infinite Blades","Choke","All Out Attack"],"picked":"SKIP","floor":28},{"not_picked":["Terror","Dagger Throw","Quick Slash"],"picked":"SKIP","floor":31}],"player_experience":210722,"relics_obtained":[{"floor":3,"key":"Anchor"},{"floor":8,"key":"Centennial Puzzle"},{"floor":9,"key":"Pear"},{"floor":12,"key":"Tiny Chest"},{"floor":24,"key":"Ginger"}],"event_choices":[{"damage_healed":0,"gold_gain":0,"player_choice":"Donut","damage_taken":0,"max_hp_gain":5,"max_hp_loss":0,"event_name":"Big Fish","floor":2,"gold_loss":0},{"damage_healed":0,"gold_gain":0,"player_choice":"Stole Relic","damage_taken":0,"relics_obtained":["Tough Bandages"],"max_hp_gain":0,"max_hp_loss":0,"event_name":"Addict","floor":20,"gold_loss":0,"cards_obtained":["Shame"]},{"damage_healed":0,"gold_gain":0,"player_choice":"Opened","damage_taken":0,"relics_obtained":["PreservedInsect"],"max_hp_gain":0,"max_hp_loss":0,"event_name":"The Mausoleum","floor":21,"gold_loss":0,"cards_obtained":["Writhe"]},{"damage_healed":0,"gold_gain":0,"player_choice":"Traded Relic","damage_taken":0,"relics_obtained":["Nloth\u0027s Gift"],"max_hp_gain":0,"max_hp_loss":0,"event_name":"N\u0027loth","floor":22,"relics_lost":["Orrery"],"gold_loss":0}],"is_beta":false,"boss_relics":[{"not_picked":["Pandora\u0027s Box","Snecko Eye"],"picked":"Orrery"}],"items_purged_floors":[4,19],"is_endless":false,"potions_floor_spawned":[5,10,13,14,24,28],"killed_by":"Collector","ascension_level":3}