{"path_per_floor":["M","?","M","M","M","R","E","R","T","M","?","$","E","?","R","B",null,"M","$","M","M","?","R"],"character_chosen":"THE_SILENT","items_purchased":["Accuracy","Singing Bowl"],"gold_per_floor":[111,111,126,136,155,155,187,187,187,207,207,132,197,197,197,293,293,293,69,69,69,69,69],"floor_reached":24,"campfire_rested":0,"playtime":1040,"current_hp_per_floor":[58,58,58,58,58,64,32,38,38,38,24,24,26,49,55,1,53,53,53,55,36,36,42],"items_purged":["Defend_G"],"gold":69,"score":288,"play_id":"a2ba4684-6a38-416f-8095-7bfe2fcf6771","is_prod":false,"is_daily":false,"is_ascension_mode":true,"campfire_upgraded":4,"path_taken":["M","?","M","M","M","R","E","R","T","M","?","$","E","?","R","BOSS","M","$","M","M","?","R","E"],"build_version":"2018-02-15-PROD1","purchased_purges":1,"victory":false,"master_deck":["Defend_G","Defend_G+1","Defend_G","Defend_G","Strike_G+1","Strike_G","Strike_G","Strike_G","Survivor","Neutralize","Dagger Throw","Dagger Spray+1","Cloak And Dagger+1","Glass Knife+1","Backflip","Adrenaline","Accuracy+1"],"max_hp_per_floor":[70,70,70,70,70,70,70,70,70,70,70,70,70,70,70,70,70,70,70,72,74,74,74],"relics":["Eternal Feather","Pen Nib","Thread and Needle","Tiny Chest","Ectoplasm","Singing Bowl"],"card_choices":[{"not_picked":["Underhanded Strike","Poisoned Stab"],"picked":"Dagger Throw"},{"not_picked":["Outmaneuver","Burst"],"picked":"Dagger Spray"},{"not_picked":["Quick Slash","Poisoned Stab"],"picked":"Cloak And Dagger"},{"not_picked":["Masterful Stab","Deadly Poison"],"picked":"Glass Knife"},{"not_picked":["All Out Attack","Footwork"],"picked":"Backflip"},{"not_picked":["Doppelganger","Envenom"],"picked":"Adrenaline"}],"player_experience":321173,"potions_floor_usage":[7,13,13],"damage_taken":[{"damage":5,"enemies":"Jaw Worm","floor":1,"turns":5},{"damage":0,"enemies":"Cultist","floor":3,"turns":4},{"damage":0,"enemies":"Small Slimes","floor":4,"turns":2},{"damage":0,"enemies":"2 Fungi Beasts","floor":5,"turns":3},{"damage":32,"enemies":"Gremlin Nob","floor":7,"turns":5},{"damage":0,"enemies":"Large Slime","floor":10,"turns":3},{"damage":7,"enemies":"Lagavulin","floor":13,"turns":4},{"damage":54,"enemies":"The Guardian","floor":16,"turns":13},{"damage":0,"enemies":"Chosen","floor":18,"turns":4},{"damage":0,"enemies":"3 Byrds","floor":20,"turns":3},{"damage":21,"enemies":"Slaver and Parasite","floor":21,"turns":6},{"damage":44,"enemies":"Gremlin Leader","floor":24,"turns":6}],"event_choices":[{"event_name":"Liars Game","player_choice":"disagreed","floor":2,"damage_taken":0},{"event_name":"Shining Light","player_choice":"Entered Light","floor":11,"damage_taken":0},{"event_name":"Big Fish","player_choice":"Banana","floor":14,"damage_taken":0},{"event_name":"Back to Basics","player_choice":"Elegance","floor":22,"damage_taken":0}],"boss_relics":[{"not_picked":["Runic Dome","Snecko Eye"],"picked":"Ectoplasm"}],"potions_floor_spawned":[5,7,10,13],"seed_played":"138125270461718858","killed_by":"Gremlin Leader","ascension_level":8,"is_trial":false}