{"gold_per_floor":[115,115,115,129,144,144,155,155,155,174,174,174,188,199,199,274,274,288,143,143,43,61,61,81,81,104,104,104],"floor_reached":28,"playtime":881,"items_purged":["Defend_B","Writhe"],"score":368,"play_id":"06ebba93-bae2-4821-89c9-4e1ae94e787b","local_time":"20190112194304","is_ascension_mode":true,"campfire_choices":[{"data":"Zap","floor":6.0,"key":"SMITH"},{"data":"Coolheaded","floor":12.0,"key":"SMITH"},{"data":"Dualcast","floor":15,"key":"SMITH"},{"data":"Defragment","floor":23,"key":"SMITH"},{"floor":25,"key":"REST"},{"data":"Creative AI","floor":27,"key":"SMITH"}],"neow_cost":"NONE","seed_source_timestamp":467985996511583,"circlet_count":0,"master_deck":["AscendersBane","Strike_B","Strike_B","Defend_B+1","Defend_B+1","Defend_B","Zap+1","Dualcast+1","Coolheaded+1","FTL","Compile Driver","Ball Lightning","Compile Driver","Conserve Battery","Genetic Algorithm","Creative AI+1","Turbo","Defragment+1"],"special_seed":0,"relics":["Cracked Core","Torii","Pear","Inserter","Kunai","Smiling Mask"],"potions_floor_usage":[16,16],"damage_taken":[{"damage":12.0,"enemies":"Small Slimes","floor":1.0,"turns":4.0},{"damage":0.0,"enemies":"Jaw Worm","floor":4.0,"turns":4.0},{"damage":0.0,"enemies":"Cultist","floor":5.0,"turns":4.0},{"damage":2.0,"enemies":"Looter","floor":7.0,"turns":3.0},{"damage":0.0,"enemies":"Large Slime","floor":10.0,"turns":3.0},{"damage":1,"enemies":"Red Slaver","floor":13,"turns":3},{"damage":1,"enemies":"Exordium Thugs","floor":14,"turns":4},{"damage":7,"enemies":"Slime Boss","floor":16,"turns":8},{"damage":2,"enemies":"Chosen","floor":18,"turns":4},{"damage":23,"enemies":"Spheric Guardian","floor":22,"turns":5},{"damage":36,"enemies":"Snecko","floor":24,"turns":5},{"damage":34,"enemies":"3 Cultists","floor":28,"turns":4}],"seed_played":"-7319067496456639273","potions_obtained":[{"floor":4.0,"key":"Energy Potion"},{"floor":5.0,"key":"SmokeBomb"},{"floor":13,"key":"Energy Potion"},{"floor":18,"key":"Dexterity Potion"}],"is_trial":false,"path_per_floor":["M","?","?","M","M","R","M","?","T","M","?","R","M","M","R","B",null,"M","$","?","$","M","R","M","R","T","R","M"],"character_chosen":"DEFECT","items_purchased":["Defragment"],"campfire_rested":1,"item_purchase_floors":[19],"current_hp_per_floor":[52,31,31,31,31,31,29,18,28,28,28,28,27,26,26,19,66,64,64,64,64,41,41,5,29,29,29,0],"gold":104,"neow_bonus":"REMOVE_CARD","is_prod":false,"is_daily":false,"chose_seed":false,"campfire_upgraded":5,"win_rate":0,"timestamp":1547318584,"path_taken":["M","?","?","M","M","R","M","?","T","M","?","R","?","M","R","BOSS","M","$","?","$","M","R","M","R","T","R","M"],"build_version":"2019-01-10","purchased_purges":2,"victory":false,"max_hp_per_floor":[71,71,71,71,71,71,71,71,81,81,81,81,81,81,81,81,81,81,81,81,81,81,81,81,81,81,81,81],"card_choices":[{"not_picked":["Steam","Hello World"],"picked":"Coolheaded","floor":1.0},{"not_picked":["Go for the Eyes","Cold Snap"],"picked":"FTL","floor":4.0},{"not_picked":["Sweeping Beam","Stack"],"picked":"Compile Driver","floor":5.0},{"not_picked":["Blizzard","Meteor Strike"],"picked":"Ball Lightning","floor":7.0},{"not_picked":["Hologram","Meteor Strike"],"picked":"Compile Driver","floor":10.0},{"not_picked":["Beam Cell","Sweeping Beam"],"picked":"Conserve Battery","floor":13},{"not_picked":["Barrage","Sweeping Beam"],"picked":"Genetic Algorithm","floor":14},{"not_picked":["Amplify","Machine Learning"],"picked":"Creative AI","floor":16},{"not_picked":["Beam Cell","Force Field"],"picked":"Turbo","floor":18},{"not_picked":["Chaos","Auto Shields","Cold Snap"],"picked":"SKIP","floor":22},{"not_picked":["Fusion","Skim","Static Discharge"],"picked":"SKIP","floor":24}],"player_experience":712972,"relics_obtained":[{"floor":9.0,"key":"Pear"},{"floor":26,"key":"Smiling Mask"}],"event_choices":[{"damage_healed":0.0,"max_hp_gain":0.0,"max_hp_loss":0.0,"gold_gain":0.0,"event_name":"Shining Light","player_choice":"Entered Light","floor":2.0,"gold_loss":0.0,"damage_taken":21.0,"cards_upgraded":["Defend_B","Defend_B"]},{"damage_healed":0.0,"max_hp_gain":0.0,"max_hp_loss":0.0,"gold_gain":0.0,"event_name":"Liars Game","player_choice":"Ignored","floor":3.0,"gold_loss":0.0,"damage_taken":0.0},{"damage_healed":0.0,"max_hp_gain":0.0,"max_hp_loss":0.0,"gold_gain":0.0,"event_name":"Scrap Ooze","player_choice":"Success","floor":8.0,"gold_loss":0.0,"damage_taken":11.0,"relics_obtained":["Torii"]},{"cards_removed":["Strike_B"],"damage_healed":0.0,"max_hp_gain":0.0,"max_hp_loss":0.0,"gold_gain":0.0,"event_name":"Purifier","player_choice":"Purged","floor":11.0,"gold_loss":0.0,"damage_taken":0.0},{"damage_healed":0,"gold_gain":0,"player_choice":"Opened","damage_taken":0,"relics_obtained":["Kunai"],"max_hp_gain":0,"max_hp_loss":0,"event_name":"The Mausoleum","floor":20,"gold_loss":0,"cards_obtained":["Writhe"]}],"is_beta":false,"boss_relics":[{"not_picked":["Orrery","Pandora\u0027s Box"],"picked":"Inserter"}],"items_purged_floors":[19,21],"is_endless":false,"potions_floor_spawned":[4,5,13,14,18],"killed_by":"3 Cultists","ascension_level":15}