{"gold_per_floor":[111,127,127,141,141,158,158,32,32,42,72,72,83,117,117,117],"floor_reached":16,"playtime":500,"items_purged":["Strike_B"],"score":204,"play_id":"d6072ca4-67e3-47cb-b69e-f7578d6efe2c","local_time":"20190225232056","is_ascension_mode":true,"campfire_choices":[{"data":"Defragment","floor":7.0,"key":"SMITH"},{"floor":15,"key":"REST"}],"neow_cost":"TEN_PERCENT_HP_LOSS","seed_source_timestamp":1532509426381103,"circlet_count":0,"master_deck":["AscendersBane","Strike_B","Strike_B","Defend_B","Defend_B","Defend_B","Defend_B","Zap+1","Dualcast","Thunder Strike","Conserve Battery","Defragment+1","Coolheaded","Turbo"],"special_seed":0,"relics":["Cracked Core","Tiny Chest","Singing Bowl"],"potions_floor_usage":[14],"damage_taken":[{"damage":0.0,"enemies":"Small Slimes","floor":1.0,"turns":2.0},{"damage":1.0,"enemies":"Cultist","floor":2.0,"turns":3.0},{"damage":7.0,"enemies":"Jaw Worm","floor":4.0,"turns":3.0},{"damage":6.0,"enemies":"3 Louse","floor":6.0,"turns":4.0},{"damage":4.0,"enemies":"2 Fungi Beasts","floor":10.0,"turns":3.0},{"damage":17.0,"enemies":"Lots of Slimes","floor":13.0,"turns":4.0},{"damage":18,"enemies":"3 Sentries","floor":14,"turns":9},{"damage":29,"enemies":"Slime Boss","floor":16,"turns":8}],"seed_played":"-338335966916312972","potions_obtained":[{"floor":2.0,"key":"Dexterity Potion"},{"floor":4.0,"key":"SpeedPotion"},{"floor":5.0,"key":"Fire Potion"}],"is_trial":false,"path_per_floor":["M","M","?","M","?","M","R","$","T","M","T","?","M","E","R","B"],"character_chosen":"DEFECT","items_purchased":["Coolheaded"],"campfire_rested":1,"item_purchase_floors":[8],"current_hp_per_floor":[64,63,63,56,56,50,50,50,50,46,46,39,22,6,25,0],"gold":117,"neow_bonus":"THREE_RARE_CARDS","is_prod":false,"is_daily":false,"chose_seed":false,"campfire_upgraded":1,"win_rate":0,"timestamp":1551133256,"path_taken":["M","M","?","?","?","M","R","$","T","?","?","?","M","E","R","BOSS"],"build_version":"2019-01-23","purchased_purges":1,"victory":false,"max_hp_per_floor":[64,64,64,64,64,64,64,64,64,64,64,64,64,66,66,66],"card_choices":[{"not_picked":["Buffer","Seek"],"picked":"Thunder Strike","floor":0.0},{"not_picked":["Beam Cell","Coolheaded"],"picked":"Conserve Battery","floor":1.0},{"not_picked":["Stack","Multi-Cast","Steam Power"],"picked":"SKIP","floor":2.0},{"not_picked":["Rebound","Sunder","Beam Cell"],"picked":"SKIP","floor":4.0},{"not_picked":["Turbo","Rebound"],"picked":"Defragment","floor":6.0},{"not_picked":["Conserve Battery","Leap","Reinforced Body"],"picked":"SKIP","floor":10.0},{"not_picked":["Undo","Go for the Eyes"],"picked":"Turbo","floor":13.0},{"not_picked":["Barrage","Multi-Cast","Reprogram"],"picked":"Singing Bowl","floor":14}],"player_experience":902236,"relics_obtained":[{"floor":11.0,"key":"Tiny Chest"},{"floor":14,"key":"Singing Bowl"}],"event_choices":[{"damage_healed":0.0,"max_hp_gain":0.0,"max_hp_loss":0.0,"gold_gain":0.0,"event_name":"Upgrade Shrine","player_choice":"Upgraded","floor":3.0,"gold_loss":0.0,"damage_taken":0.0,"cards_upgraded":["Zap"]},{"damage_healed":0.0,"max_hp_gain":0.0,"max_hp_loss":0.0,"gold_gain":0.0,"event_name":"Lab","player_choice":"Got Potions","floor":5.0,"gold_loss":0.0,"damage_taken":0.0},{"cards_removed":["Strike_B"],"damage_healed":0.0,"max_hp_gain":0.0,"max_hp_loss":0.0,"gold_gain":0.0,"event_name":"Golden Wing","player_choice":"Card Removal","floor":12.0,"gold_loss":0.0,"damage_taken":7.0}],"is_beta":false,"boss_relics":[],"items_purged_floors":[8],"is_endless":false,"potions_floor_spawned":[2,4,6],"killed_by":"Slime Boss","ascension_level":20}