{"gold_per_floor":[362,287,267,284,301,301,319,319,319,319,330,330,362,388,388,388],"floor_reached":16,"playtime":478,"items_purged":["Strike_B"],"score":200,"play_id":"99cbef72-4c75-4b9b-95fa-bb210784ee7a","local_time":"20190304154429","is_ascension_mode":true,"campfire_choices":[{"data":"Zap","floor":6.0,"key":"SMITH"},{"floor":8.0,"key":"REST"},{"data":"Dualcast","floor":12.0,"key":"SMITH"},{"floor":15,"key":"REST"}],"neow_cost":"PERCENT_DAMAGE","seed_source_timestamp":258918509931119,"circlet_count":0,"master_deck":["AscendersBane","Strike_B","Strike_B","Strike_B","Defend_B","Defend_B","Defend_B","Defend_B","Zap+1","Dualcast+1","Genetic Algorithm","Ball Lightning","Barrage","Steam","Skim","Coolheaded"],"special_seed":0,"relics":["Cracked Core","Shuriken","Dodecahedron","Odd Mushroom"],"potions_floor_usage":[13,13,16],"damage_taken":[{"damage":9.0,"enemies":"Jaw Worm","floor":1.0,"turns":4.0},{"damage":1.0,"enemies":"Cultist","floor":4.0,"turns":3.0},{"damage":5.0,"enemies":"Small Slimes","floor":5.0,"turns":3.0},{"damage":11.0,"enemies":"Blue Slaver","floor":7.0,"turns":4.0},{"damage":1.0,"enemies":"2 Fungi Beasts","floor":11.0,"turns":3.0},{"damage":26,"enemies":"Lagavulin","floor":13,"turns":6},{"damage":15,"enemies":"The Mushroom Lair","floor":14,"turns":4},{"damage":37,"enemies":"Hexaghost","floor":16,"turns":9}],"seed_played":"-928389277885853345","potions_obtained":[{"floor":3.0,"key":"Regen Potion"},{"floor":4.0,"key":"Dexterity Potion"},{"floor":13,"key":"GamblersBrew"},{"floor":14,"key":"SteroidPotion"}],"is_trial":false,"path_per_floor":["M","$","?","M","M","R","M","R","T","?","M","R","E","?","R","B"],"character_chosen":"DEFECT","items_purchased":[],"campfire_rested":2,"item_purchase_floors":[],"current_hp_per_floor":[37,37,37,36,31,31,20,41,41,41,40,40,28,13,34,0],"gold":388,"neow_bonus":"TWO_FIFTY_GOLD","is_prod":false,"is_daily":false,"chose_seed":false,"campfire_upgraded":2,"win_rate":0,"timestamp":1551710669,"path_taken":["M","$","?","?","M","R","M","R","T","?","M","R","E","?","R","BOSS"],"build_version":"2019-01-23","purchased_purges":1,"victory":false,"max_hp_per_floor":[71,71,71,71,71,71,71,71,71,71,71,71,71,71,71,71],"card_choices":[{"not_picked":["Redo","Stack"],"picked":"Genetic Algorithm","floor":1.0},{"not_picked":["Auto Shields","Coolheaded"],"picked":"Ball Lightning","floor":4.0},{"not_picked":["Turbo","Storm"],"picked":"Barrage","floor":5.0},{"not_picked":["Recycle","Hologram"],"picked":"Steam","floor":7.0},{"not_picked":["Steam Power","Stack"],"picked":"Skim","floor":11.0},{"not_picked":["Self Repair","Multi-Cast"],"picked":"Coolheaded","floor":13}],"player_experience":936814,"relics_obtained":[{"floor":9.0,"key":"Shuriken"},{"floor":13,"key":"Dodecahedron"},{"floor":14,"key":"Odd Mushroom"}],"event_choices":[{"damage_healed":0.0,"max_hp_gain":0.0,"max_hp_loss":0.0,"gold_gain":0.0,"event_name":"The Woman in Blue","player_choice":"Bought 1 Potion","floor":3.0,"gold_loss":0.0,"damage_taken":0.0},{"damage_healed":0.0,"max_hp_gain":0.0,"max_hp_loss":0.0,"gold_gain":0.0,"event_name":"Liars Game","player_choice":"Ignored","floor":10.0,"gold_loss":0.0,"damage_taken":0.0},{"damage_healed":0,"gold_gain":0,"player_choice":"Fought Mushrooms","damage_taken":0,"max_hp_gain":0,"max_hp_loss":0,"event_name":"Mushrooms","floor":14,"gold_loss":0}],"is_beta":false,"boss_relics":[],"items_purged_floors":[2],"is_endless":false,"potions_floor_spawned":[4,11,13,14],"killed_by":"Hexaghost","ascension_level":20}