{"path_per_floor":["M","M","?","?","M","R","E","M","T","M","$","M","R","$","R","B",null,"M","$","M","?","M","R","M","?","T"],"character_chosen":"THE_SILENT","items_purchased":["After Image","Trip"],"gold_per_floor":[112,128,78,78,98,98,123,143,143,160,89,107,107,32,32,134,134,145,45,61,61,79,79,99,99,153],"floor_reached":27,"campfire_rested":3,"playtime":1429,"current_hp_per_floor":[55,54,54,47,42,42,21,2,12,12,12,12,35,35,58,33,66,66,66,59,77,24,47,28,28,28],"items_purged":["Strike_G"],"gold":153,"score":333,"play_id":"843f8a8d-abb3-4e3f-8cb1-21f4115f5f05","local_time":"20180317115815","is_prod":false,"is_daily":false,"is_ascension_mode":true,"campfire_upgraded":1,"timestamp":1521284295,"path_taken":["M","M","?","?","M","R","E","M","T","M","$","M","R","$","R","BOSS","M","$","M","?","M","R","M","?","T","E"],"build_version":"2018-03-15v2","purchased_purges":2,"victory":false,"master_deck":["Defend_G","Defend_G","Defend_G","Defend_G","Strike_G","Strike_G","Strike_G","Strike_G","Survivor","Neutralize","Envenom+1","Dash","Escape Plan","Dagger Throw","Accuracy","Quick Slash","After Image","Storm of Steel","Cloak And Dagger","Trip","Accuracy","After Image"],"max_hp_per_floor":[70,70,67,67,67,67,67,67,77,77,77,77,77,77,77,77,77,77,77,77,77,77,77,77,77,77],"relics":["Ring of the Snake","Paper Crane","Pear","Sozu","Snake Skull"],"card_choices":[{"not_picked":["Flying Knee","Bane"],"picked":"Dash"},{"not_picked":["Outmaneuver","Prepared"],"picked":"Escape Plan"},{"not_picked":["Dagger Spray","Flechettes"],"picked":"Dagger Throw"},{"not_picked":["Deadly Poison","Outmaneuver"],"picked":"Accuracy"},{"not_picked":["Flying Knee","Bane"],"picked":"Quick Slash"},{"not_picked":["Doppelganger","Tactician"],"picked":"Storm of Steel"},{"not_picked":["Deadly Poison","Bane"],"picked":"Cloak And Dagger"},{"not_picked":["Blur","Eviscerate"],"picked":"Accuracy"},{"not_picked":["Acrobatics","Escape Plan"],"picked":"After Image"}],"player_experience":402400,"potions_floor_usage":[22],"damage_taken":[{"damage":8.0,"enemies":"2 Louse","floor":1.0,"turns":4.0},{"damage":1.0,"enemies":"Jaw Worm","floor":2.0,"turns":5.0},{"damage":5.0,"enemies":"Cultist","floor":5.0,"turns":4.0},{"damage":21.0,"enemies":"3 Sentries","floor":7.0,"turns":9.0},{"damage":19.0,"enemies":"Large Slime","floor":8.0,"turns":6.0},{"damage":0.0,"enemies":"Exordium Thugs","floor":10.0,"turns":3.0},{"damage":0.0,"enemies":"3 Louse","floor":12.0,"turns":4.0},{"damage":25.0,"enemies":"Slime Boss","floor":16.0,"turns":14.0},{"damage":0.0,"enemies":"3 Byrds","floor":18.0,"turns":6.0},{"damage":7.0,"enemies":"Shell Parasite","floor":20.0,"turns":5.0},{"damage":53,"enemies":"Cultist and Chosen","floor":22,"turns":9},{"damage":19,"enemies":"Snake Plant","floor":24,"turns":6},{"damage":28,"enemies":"Book of Stabbing","floor":27,"turns":6}],"event_choices":[{"event_name":"The Cleric","player_choice":"Card Removal","floor":3.0,"damage_taken":0.0},{"event_name":"Golden Wing","player_choice":"Card Removal","floor":4.0,"damage_taken":0.0},{"event_name":"The Library","player_choice":"Heal","floor":21.0,"damage_taken":0.0},{"event_name":"Vampires","player_choice":"Ignored","floor":25,"damage_taken":0}],"boss_relics":[],"potions_floor_spawned":[2,5,8,10,22],"seed_played":"2221657683670585419","killed_by":"Book of Stabbing","ascension_level":11,"is_trial":false}