{"gold_per_floor":[114,129,129,145,157,157,168,168,168,186,212,212,231,256,256,352,352,372,42,42,52,52,52,52,69,96,106,119,119,149,164,164,266,266,279,5,24,34,34,34,66,86,86,111,124,124,134,134,134,134],"floor_reached":50,"playtime":2459,"items_purged":["Strike_B","Zap"],"score":568,"play_id":"6e7560d9-8788-47e7-bb49-942eb5026ba1","local_time":"20190712012650","is_ascension_mode":false,"campfire_choices":[{"data":"Self Repair","floor":6,"key":"SMITH"},{"data":"Reinforced Body","floor":8,"key":"SMITH"},{"data":"Chaos","floor":12,"key":"SMITH"},{"data":"Static Discharge","floor":15,"key":"SMITH"},{"floor":23,"key":"RECALL"},{"floor":29,"key":"REST"},{"floor":32,"key":"REST"},{"floor":40,"key":"REST"},{"floor":46,"key":"REST"},{"floor":49,"key":"REST"}],"neow_cost":"NONE","seed_source_timestamp":23372893193971,"circlet_count":0,"master_deck":["Strike_B+1","Strike_B+1","Strike_B+1","Defend_B+1","Defend_B+1","Defend_B+1","Defend_B+1","Dualcast","Capacitor+1","Chaos+1","Self Repair+1","Reinforced Body+1","Chaos+1","Static Discharge+1","Sweeping Beam","Machine Learning","Consume+1","Apotheosis","Static Discharge","Turbo+1","Double Energy","Defragment","Amplify","Loop","Capacitor","Self Repair+1","Defragment","Biased Cognition","Parasite","Sweeping Beam+1","Secret Technique","Tempest+1"],"relics":["Cracked Core","Ancient Tea Set","Regal Pillow","Cables","Fusion Hammer","Strawberry","Red Mask","Sozu","Membership Card","Dream Catcher","Nunchaku"],"potions_floor_usage":[11,14,14,30,33,44,50],"damage_taken":[{"damage":1,"enemies":"Cultist","floor":1,"turns":3},{"damage":5,"enemies":"2 Louse","floor":2,"turns":2},{"damage":6,"enemies":"Jaw Worm","floor":4,"turns":2},{"damage":10,"enemies":"Looter","floor":5,"turns":4},{"damage":5,"enemies":"Blue Slaver","floor":7,"turns":5},{"damage":4,"enemies":"3 Louse","floor":10,"turns":4},{"damage":7,"enemies":"Lagavulin","floor":11,"turns":7},{"damage":3,"enemies":"Looter","floor":13,"turns":2},{"damage":34,"enemies":"3 Sentries","floor":14,"turns":6},{"damage":12,"enemies":"Hexaghost","floor":16,"turns":7},{"damage":14,"enemies":"Chosen","floor":18,"turns":5},{"damage":39,"enemies":"2 Thieves","floor":21,"turns":4},{"damage":17,"enemies":"Shelled Parasite and Fungi","floor":25,"turns":5},{"damage":10,"enemies":"Snecko","floor":27,"turns":5},{"damage":24,"enemies":"Sentry and Sphere","floor":28,"turns":4},{"damage":41,"enemies":"Masked Bandits","floor":30,"turns":4},{"damage":32,"enemies":"Centurion and Healer","floor":31,"turns":5},{"damage":51,"enemies":"Collector","floor":33,"turns":8},{"damage":22,"enemies":"3 Darklings","floor":35,"turns":5},{"damage":14,"enemies":"Orb Walker","floor":37,"turns":3},{"damage":29,"enemies":"Transient","floor":38,"turns":5},{"damage":0,"enemies":"Giant Head","floor":41,"turns":9},{"damage":11,"enemies":"4 Shapes","floor":42,"turns":7},{"damage":57,"enemies":"Nemesis","floor":44,"turns":7},{"damage":16,"enemies":"Writhing Mass","floor":45,"turns":4},{"damage":23,"enemies":"Sphere and 2 Shapes","floor":47,"turns":4},{"damage":97,"enemies":"Awakened One","floor":50,"turns":4}],"seed_played":"-502815293080684817","potions_obtained":[{"floor":1,"key":"Fire Potion"},{"floor":2,"key":"SteroidPotion"},{"floor":10,"key":"Explosive Potion"},{"floor":11,"key":"Poison Potion"},{"floor":18,"key":"AttackPotion"},{"floor":27,"key":"Poison Potion"},{"floor":28,"key":"SkillPotion"},{"floor":30,"key":"Weak Potion"}],"is_trial":false,"path_per_floor":["M","M","?","M","M","R","M","R","T","M","E","R","M","E","R","B",null,"M","$","?","M","?","R","?","M","T","M","M","R","?","M","R","B",null,"M","$","M","M","?","R","E","M","T","E","M","R","M","?","R","B"],"character_chosen":"DEFECT","items_purchased":["Apotheosis","Static Discharge","Membership Card","Capacitor"],"campfire_rested":5,"item_purchase_floors":[19,19,36,36],"current_hp_per_floor":[81,76,60,54,44,44,49,49,49,55,58,58,55,31,31,19,82,78,78,78,49,76,76,76,69,76,76,62,89,58,36,77,36,89,87,87,83,74,74,85,85,85,85,58,52,85,72,72,85,0],"gold":134,"neow_bonus":"TEN_PERCENT_HP_BONUS","is_prod":false,"is_daily":false,"chose_seed":false,"campfire_upgraded":4,"win_rate":0,"timestamp":1562909210,"path_taken":["M","?","?","M","M","R","M","R","T","M","E","R","M","E","R","BOSS","M","$","?","M","?","R","?","M","T","M","M","R","?","M","R","BOSS","M","$","M","M","?","R","E","M","T","E","M","R","M","?","R","BOSS"],"build_version":"2019-07-05","purchased_purges":2,"victory":false,"max_hp_per_floor":[82,82,82,82,82,82,82,82,82,82,82,82,82,82,82,82,82,82,82,82,82,82,82,82,82,89,89,89,89,89,89,89,89,89,89,89,89,89,85,85,85,85,85,85,85,85,85,85,85,85],"card_choices":[{"not_picked":["Steam Power","Steam"],"picked":"Capacitor","floor":1},{"not_picked":["Compile Driver","Darkness"],"picked":"Chaos","floor":2},{"not_picked":["Coolheaded","Compile Driver","Beam Cell"],"picked":"SKIP","floor":4},{"not_picked":["Rip and Tear","Beam Cell"],"picked":"Self Repair","floor":5},{"not_picked":["Stack","Barrage"],"picked":"Reinforced Body","floor":7},{"not_picked":["Lockon","Rebound","Stack"],"picked":"SKIP","floor":10},{"not_picked":["Leap","Stack"],"picked":"Chaos","floor":11},{"not_picked":["Hello World","Reinforced Body"],"picked":"Static Discharge","floor":13},{"not_picked":["Fusion","Turbo"],"picked":"Sweeping Beam","floor":14},{"not_picked":["Hyperbeam","Creative AI"],"picked":"Machine Learning","floor":16},{"not_picked":["Capacitor","Hologram"],"picked":"Consume+1","floor":18},{"not_picked":["Turbo","Beam Cell","Gash"],"picked":"SKIP","floor":21},{"not_picked":["FTL","Hologram","Turbo"],"picked":"SKIP","floor":25},{"not_picked":["FTL","Hologram+1"],"picked":"Turbo+1","floor":27},{"not_picked":["Steam","Leap"],"picked":"Double Energy","floor":28},{"not_picked":["Amplify","Hello World"],"picked":"Defragment","floor":31},{"not_picked":["Creative AI","Seek"],"picked":"Amplify","floor":33},{"not_picked":["Barrage","Undo+1"],"picked":"Loop","floor":35},{"not_picked":["Scrape","Coolheaded+1"],"picked":"Self Repair+1","floor":37},{"not_picked":["Leap","Hologram+1","Chill+1"],"picked":"SKIP","floor":38},{"not_picked":["Ball Lightning+1","Sunder"],"picked":"Defragment","floor":41},{"not_picked":["Turbo+1","Streamline"],"picked":"Biased Cognition","floor":42},{"not_picked":["Stack","Hello World","Cold Snap"],"picked":"SKIP","floor":44},{"not_picked":["Coolheaded+1","Hologram"],"picked":"Sweeping Beam+1","floor":45},{"not_picked":["Hello World+1","Doom and Gloom+1","Ball Lightning"],"picked":"SKIP","floor":47},{"not_picked":["Mind Blast","Sadistic Nature"],"picked":"Secret Technique","floor":48},{"not_picked":["Redo","Coolheaded"],"picked":"Tempest+1","floor":49}],"player_experience":143195,"relics_obtained":[{"floor":9,"key":"Ancient Tea Set"},{"floor":11,"key":"Regal Pillow"},{"floor":14,"key":"Cables"},{"floor":26,"key":"Strawberry"},{"floor":30,"key":"Red Mask"},{"floor":41,"key":"Dream Catcher"},{"floor":44,"key":"Nunchaku"}],"event_choices":[{"damage_healed":0,"gold_gain":0,"player_choice":"Entered Light","damage_taken":16,"max_hp_gain":0,"max_hp_loss":0,"event_name":"Shining Light","floor":3,"gold_loss":0,"cards_upgraded":["Chaos","Capacitor"]},{"damage_healed":0,"gold_gain":0,"player_choice":"Simplicity","damage_taken":0,"max_hp_gain":0,"max_hp_loss":0,"event_name":"Back to Basics","floor":20,"gold_loss":0,"cards_upgraded":["Strike_B","Strike_B","Strike_B","Defend_B","Defend_B","Defend_B","Defend_B"]},{"damage_healed":27,"gold_gain":0,"player_choice":"Heal","damage_taken":0,"max_hp_gain":0,"max_hp_loss":0,"event_name":"The Library","floor":22,"gold_loss":0},{"damage_healed":0,"gold_gain":0,"player_choice":"Ignored","damage_taken":0,"max_hp_gain":0,"max_hp_loss":0,"event_name":"Ghosts","floor":24,"gold_loss":0},{"damage_healed":0,"gold_gain":0,"player_choice":"Fought Bandits","damage_taken":0,"max_hp_gain":0,"max_hp_loss":0,"event_name":"Masked Bandits","floor":30,"gold_loss":0},{"damage_healed":0,"gold_gain":0,"player_choice":"Max HP","damage_taken":0,"max_hp_gain":0,"max_hp_loss":4,"event_name":"Winding Halls","floor":39,"gold_loss":0},{"damage_healed":0,"gold_gain":0,"player_choice":"Memory 1","damage_taken":0,"max_hp_gain":0,"max_hp_loss":0,"event_name":"SensoryStone","floor":48,"gold_loss":0}],"is_beta":false,"boss_relics":[{"not_picked":["Philosopher\u0027s Stone","Pandora\u0027s Box"],"picked":"Fusion Hammer"},{"not_picked":["Empty Cage","Tiny House"],"picked":"Sozu"}],"items_purged_floors":[19,36],"is_endless":false,"potions_floor_spawned":[1,2,10,11,18,27,28,30,38,41,42,45,47],"killed_by":"Awakened One","ascension_level":0}