{"path_per_floor":["M","$","M","?","M","R","E","M","T","$","R","?","?","M","R"],"character_chosen":"DEFECT","items_purchased":["Coolheaded"],"gold_per_floor":[116,41,60,60,79,79,105,123,123,99,99,99,99,111,111,111],"floor_reached":16,"campfire_rested":1,"playtime":371,"item_purchase_floors":[],"current_hp_per_floor":[60,60,59,59,50,50,14,14,14,14,36,36,21,22,22,0],"items_purged":["Strike_B"],"gold":111,"score":150,"play_id":"7b5cdbc8-e0e8-437e-bd1a-debe581b6c97","local_time":"20180522232024","is_prod":false,"is_daily":false,"chose_seed":false,"is_ascension_mode":true,"campfire_upgraded":2,"timestamp":1527024024,"campfire_choices":[{"data":"Zap","floor":6.0,"key":"SMITH"},{"floor":11.0,"key":"REST"},{"data":"Coolheaded","floor":15,"key":"SMITH"}],"path_taken":["M","$","M","?","?","R","E","M","T","$","R","?","?","M","R","BOSS"],"build_version":"2018-05-21v2","seed_source_timestamp":275266338963025,"purchased_purges":1,"victory":false,"master_deck":["Strike_B","Strike_B","Defend_B","Defend_B","Defend_B","Defend_B+1","Zap+1","Dualcast","AscendersBane","Beam Cell","Sweeping Beam","Reprogram+1","Melter","Barrage","Coolheaded+1"],"max_hp_per_floor":[75,75,75,75,75,75,75,75,75,75,75,75,75,77,77,77],"relics":["Cracked Core","Omamori","Juzu Bracelet","Singing Bowl"],"card_choices":[{"not_picked":["Heatsinks","Self Repair"],"picked":"Beam Cell","floor":1.0},{"not_picked":["Scrape","Capacitor"],"picked":"Sweeping Beam","floor":3.0},{"not_picked":["Storm","Reinforced Body"],"picked":"Melter","floor":5.0},{"not_picked":["Capacitor","Stack","Tempest"],"picked":"SKIP","floor":7.0},{"not_picked":["Ball Lightning","Beam Cell"],"picked":"Barrage","floor":8.0},{"not_picked":["Streamline","Sweeping Beam","Steam"],"picked":"Singing Bowl","floor":14}],"player_experience":704556,"potions_floor_usage":[],"damage_taken":[{"damage":8.0,"enemies":"Jaw Worm","floor":1.0,"turns":5.0},{"damage":1.0,"enemies":"Cultist","floor":3.0,"turns":4.0},{"damage":9.0,"enemies":"2 Louse","floor":5.0,"turns":3.0},{"damage":36.0,"enemies":"Gremlin Nob","floor":7.0,"turns":4.0},{"damage":0.0,"enemies":"Lots of Slimes","floor":8.0,"turns":3.0},{"damage":1,"enemies":"Looter","floor":14,"turns":3},{"damage":26,"enemies":"Slime Boss","floor":16,"turns":3}],"relics_obtained":[{"floor":7.0,"key":"Juzu Bracelet"},{"floor":9.0,"key":"Singing Bowl"}],"event_choices":[{"event_name":"Transmorgrifier","player_choice":"Transform","floor":4.0,"damage_taken":0.0},{"event_name":"Dead Adventurer","player_choice":"Searched \u00270\u0027 times","floor":12,"damage_taken":0},{"event_name":"Shining Light","player_choice":"Entered Light","floor":13,"damage_taken":0}],"boss_relics":[],"items_purged_floors":[],"potions_floor_spawned":[1,3,7],"seed_played":"7707076711244736542","killed_by":"Slime Boss","ascension_level":10,"potions_obtained":[{"floor":1.0,"key":"Dexterity Potion"},{"floor":3.0,"key":"Swift Potion"},{"floor":7.0,"key":"Dexterity Potion"}],"is_trial":false}