{"gold_per_floor":[111,111,122,134,146,146,165,165,238,268,268,114,128,83,83,178,228,241,261,360,360,360,360,391,105,130,130,143,143,155,171,171,269,269,288,288,288,288,314,314,324,336,336,354,372,372,372,382,382,382],"floor_reached":50,"playtime":1844,"items_purged":["Strike_B","Defend_B"],"score":562,"play_id":"6fc9b37b-6e33-4323-a011-6e630aaa2a3c","local_time":"20190109174301","is_ascension_mode":true,"campfire_choices":[{"data":"Zap","floor":6.0,"key":"SMITH"},{"data":"Coolheaded","floor":8.0,"key":"SMITH"},{"data":"Coolheaded","floor":15.0,"key":"SMITH"},{"floor":23.0,"key":"RECALL"},{"data":"Seek","floor":27.0,"key":"SMITH"},{"floor":29.0,"key":"REST"},{"data":"Hologram","floor":32.0,"key":"SMITH"},{"data":"Scrape","floor":40,"key":"SMITH"},{"floor":47,"key":"REST"},{"floor":49,"key":"REST"}],"neow_cost":"NONE","seed_source_timestamp":244470753329437,"circlet_count":0,"master_deck":["Strike_B+1","Strike_B+1","Defend_B+1","Defend_B+1","Defend_B+1","Zap+1","Dualcast+1","Coolheaded+1","Coolheaded+1","Core Surge+1","Gash+1","Gash+1","Capacitor+1","Gash+1","Seek+1","Genetic Algorithm+1","Rebound+1","Gash+1","Scrape+1","Hologram+1","Coolheaded+1","Redo+1","Gash+1","Fusion+1","Gash+1"],"special_seed":0,"relics":["FrozenCore","Tiny House","MutagenicStrength","MawBank","HandDrill","Art of War","Oddly Smooth Stone","Mango","Mark of the Bloom"],"potions_floor_usage":[42],"damage_taken":[{"damage":3.0,"enemies":"Jaw Worm","floor":1.0,"turns":4.0},{"damage":0.0,"enemies":"Cultist","floor":3.0,"turns":4.0},{"damage":2.0,"enemies":"Small Slimes","floor":4.0,"turns":4.0},{"damage":6.0,"enemies":"Exordium Thugs","floor":5.0,"turns":5.0},{"damage":3.0,"enemies":"3 Louse","floor":7.0,"turns":3.0},{"damage":11.0,"enemies":"3 Sentries","floor":10.0,"turns":8.0},{"damage":14.0,"enemies":"Blue Slaver","floor":13.0,"turns":3.0},{"damage":22.0,"enemies":"Hexaghost","floor":16.0,"turns":8.0},{"damage":3.0,"enemies":"Spheric Guardian","floor":18.0,"turns":4.0},{"damage":1.0,"enemies":"Shell Parasite","floor":19.0,"turns":6.0},{"damage":51.0,"enemies":"Book of Stabbing","floor":24.0,"turns":4.0},{"damage":11.0,"enemies":"Snake Plant","floor":28.0,"turns":3.0},{"damage":11.0,"enemies":"Chosen and Byrds","floor":30.0,"turns":4.0},{"damage":0.0,"enemies":"Sentry and Sphere","floor":31.0,"turns":3.0},{"damage":40.0,"enemies":"Automaton","floor":33.0,"turns":9.0},{"damage":2.0,"enemies":"3 Shapes","floor":35.0,"turns":6.0},{"damage":0,"enemies":"3 Darklings","floor":41,"turns":3},{"damage":8,"enemies":"Jaw Worm Horde","floor":42,"turns":3},{"damage":55,"enemies":"Maw","floor":44,"turns":7},{"damage":0,"enemies":"Sphere and 2 Shapes","floor":45,"turns":4},{"damage":9,"enemies":"3 Darklings","floor":48,"turns":5},{"damage":34,"enemies":"Time Eater","floor":50,"turns":5}],"seed_played":"4652911444729408017","potions_obtained":[{"floor":1.0,"key":"SpeedPotion"},{"floor":2.0,"key":"Weak Potion"},{"floor":2.0,"key":"PowerPotion"},{"floor":3.0,"key":"Fire Potion"},{"floor":10.0,"key":"Regen Potion"},{"floor":17.0,"key":"Fruit Juice"},{"floor":19.0,"key":"Poison Potion"},{"floor":30.0,"key":"Dexterity Potion"},{"floor":33.0,"key":"SpeedPotion"},{"floor":35.0,"key":"PowerPotion"},{"floor":42,"key":"SpeedPotion"}],"is_trial":false,"path_per_floor":["M","?","M","M","M","R","M","R","T","E","?","$","M","$","R","B",null,"M","M","?","?","?","R","E","$","T","R","M","R","M","M","R","B",null,"M","?","?","?","T","R","M","M","T","M","M","?","R","M","R","B"],"character_chosen":"DEFECT","items_purchased":["Capacitor","Gash","HandDrill"],"campfire_rested":3,"item_purchase_floors":[12,14,25],"current_hp_per_floor":[79,79,79,77,71,71,68,68,68,57,57,57,43,43,43,21,92,89,88,88,88,88,88,42,42,42,42,31,58,47,47,47,7,92,90,87,87,87,87,87,87,79,93,38,38,38,38,29,29,0],"gold":382,"neow_bonus":"TEN_PERCENT_HP_BONUS","is_prod":false,"is_daily":false,"chose_seed":false,"campfire_upgraded":6,"win_rate":0,"timestamp":1547052181,"path_taken":["M","?","M","M","M","R","?","R","T","E","?","?","M","$","R","BOSS","M","M","?","?","?","R","E","$","T","R","?","R","?","M","R","BOSS","M","?","?","?","?","R","M","M","T","?","M","?","R","M","R","BOSS"],"build_version":"2019-01-03v4","purchased_purges":2,"victory":false,"max_hp_per_floor":[82,82,82,82,82,82,82,82,82,82,82,82,82,82,82,82,92,92,92,92,92,92,92,92,92,92,92,92,92,92,92,92,92,92,92,87,87,87,87,87,87,87,101,101,101,101,101,101,101,101],"card_choices":[{"not_picked":["Redo","Ball Lightning"],"picked":"Coolheaded","floor":1.0},{"not_picked":["Static Discharge","Heatsinks"],"picked":"Coolheaded","floor":3.0},{"not_picked":["Leap","Gash"],"picked":"Core Surge","floor":4.0},{"not_picked":["Streamline","Lockon","Undo"],"picked":"SKIP","floor":5.0},{"not_picked":["Undo","Coolheaded"],"picked":"Gash","floor":7.0},{"not_picked":["Aggregate","FTL"],"picked":"Gash","floor":10.0},{"not_picked":["Reprogram","Double Energy","Go for the Eyes"],"picked":"SKIP","floor":13.0},{"not_picked":["Buffer","Reboot"],"picked":"Seek","floor":16.0},{"not_picked":["Streamline","Redo+1","Chaos"],"picked":"SKIP","floor":18.0},{"not_picked":["Sweeping Beam","Barrage"],"picked":"Genetic Algorithm","floor":19.0},{"not_picked":["Ball Lightning","Barrage+1"],"picked":"Gash","floor":24.0},{"not_picked":["Loop+1","Doom and Gloom"],"picked":"Scrape","floor":28.0},{"not_picked":["Barrage","Thunder Strike"],"picked":"Hologram","floor":30.0},{"not_picked":["Chaos+1","Fusion"],"picked":"Coolheaded","floor":31.0},{"not_picked":["Sweeping Beam+1","Chill+1"],"picked":"Redo+1","floor":35.0},{"not_picked":["Melter","Glacier"],"picked":"Gash","floor":41},{"not_picked":["Streamline","Rip and Tear"],"picked":"Fusion","floor":42},{"not_picked":["Barrage+1","Beam Cell"],"picked":"Gash+1","floor":44},{"not_picked":["Doom and Gloom","Double Energy+1","Static Discharge+1"],"picked":"SKIP","floor":45},{"not_picked":["Chill+1","Stack","Cold Snap"],"picked":"SKIP","floor":48}],"player_experience":645299,"relics_obtained":[{"floor":24.0,"key":"MawBank"},{"floor":26.0,"key":"Art of War"},{"floor":39,"key":"Oddly Smooth Stone"},{"floor":43,"key":"Mango"}],"event_choices":[{"damage_healed":0.0,"max_hp_gain":0.0,"max_hp_loss":0.0,"gold_gain":0.0,"event_name":"Lab","player_choice":"Got Potions","floor":2.0,"gold_loss":0.0,"damage_taken":0.0},{"cards_removed":["Strike_B"],"damage_healed":0.0,"max_hp_gain":0.0,"max_hp_loss":0.0,"gold_gain":0.0,"event_name":"Purifier","player_choice":"Purged","floor":11.0,"gold_loss":0.0,"damage_taken":0.0},{"damage_healed":0.0,"max_hp_gain":0.0,"max_hp_loss":0.0,"gold_gain":99.0,"event_name":"Nest","player_choice":"Stole From Cult","floor":20.0,"gold_loss":0.0,"damage_taken":0.0},{"damage_healed":0.0,"max_hp_gain":0.0,"max_hp_loss":0.0,"gold_gain":0.0,"event_name":"The Library","player_choice":"Read","floor":21.0,"gold_loss":0.0,"damage_taken":0.0,"cards_obtained":["Rebound"]},{"damage_healed":0.0,"max_hp_gain":0.0,"max_hp_loss":0.0,"gold_gain":0.0,"event_name":"Drug Dealer","player_choice":"Inject Mutagens","floor":22.0,"gold_loss":0.0,"damage_taken":0.0,"relics_obtained":["MutagenicStrength"]},{"damage_healed":0.0,"max_hp_gain":0.0,"max_hp_loss":5.0,"gold_gain":0.0,"event_name":"Winding Halls","player_choice":"Max HP","floor":36.0,"gold_loss":0.0,"damage_taken":0.0},{"damage_healed":0.0,"max_hp_gain":0.0,"max_hp_loss":0.0,"gold_gain":0.0,"event_name":"SensoryStone","player_choice":"Memory 1","floor":37.0,"gold_loss":0.0,"damage_taken":0.0},{"damage_healed":0,"gold_gain":0,"player_choice":"Ignored","damage_taken":0,"max_hp_gain":0,"max_hp_loss":0,"event_name":"Mysterious Sphere","floor":38,"gold_loss":0},{"damage_healed":0,"gold_gain":0,"player_choice":"Upgrade","damage_taken":0,"relics_obtained":["Mark of the Bloom"],"max_hp_gain":0,"max_hp_loss":0,"event_name":"MindBloom","floor":46,"gold_loss":0,"cards_upgraded":["Strike_B","Strike_B","Defend_B","Defend_B","Dualcast","Core Surge","Gash","Gash","Capacitor","Gash","Genetic Algorithm","Rebound","Gash","Coolheaded","Gash","Fusion"]}],"is_beta":false,"boss_relics":[{"not_picked":["Philosopher\u0027s Stone","Fusion Hammer"],"picked":"Tiny House"},{"not_picked":["Busted Crown","Runic Pyramid"],"picked":"FrozenCore"}],"items_purged_floors":[12,25],"is_endless":false,"potions_floor_spawned":[1,3,5,10,19,30,33,35,41,42,45],"killed_by":"Time Eater","ascension_level":1}