{"gold_per_floor":[20,20,31,31,46,46,59,75,75,0,15,15,41,57,57,131,131,148,163,27,52,0,0,0,35,35,35],"floor_reached":27,"playtime":735,"items_purged":["Strike_R"],"score":516,"play_id":"119dc16d-fbed-4e22-92a7-9eac569c6c8e","local_time":"20190307121158","is_ascension_mode":true,"campfire_choices":[{"data":"Bash","floor":6.0,"key":"SMITH"},{"data":"Heavy Blade","floor":12.0,"key":"SMITH"},{"data":"Spot Weakness","floor":15.0,"key":"SMITH"},{"floor":23,"key":"REST"}],"neow_cost":"NO_GOLD","seed_source_timestamp":154947341901507,"circlet_count":0,"master_deck":["AscendersBane","Strike_R","Strike_R","Strike_R","Defend_R","Defend_R","Defend_R","Bash+1","Spot Weakness+1","Heavy Blade+1","Shrug It Off","Iron Wave+1","Offering","Battle Trance","Headbutt+1"],"special_seed":0,"relics":["Burning Blood","Vajra","Frozen Egg 2","Letter Opener","Molten Egg 2","Sozu","Blood Vial","Darkstone Periapt","Pantograph"],"potions_floor_usage":[16,27],"damage_taken":[{"damage":2.0,"enemies":"Jaw Worm","floor":1.0,"turns":5.0},{"damage":1.0,"enemies":"Cultist","floor":3.0,"turns":3.0},{"damage":7.0,"enemies":"Small Slimes","floor":5.0,"turns":3.0},{"damage":27.0,"enemies":"Exordium Wildlife","floor":7.0,"turns":3.0},{"damage":9.0,"enemies":"Lots of Slimes","floor":8.0,"turns":4.0},{"damage":4.0,"enemies":"Looter","floor":11.0,"turns":3.0},{"damage":32.0,"enemies":"Lagavulin","floor":13.0,"turns":6.0},{"damage":5.0,"enemies":"3 Louse","floor":14.0,"turns":3.0},{"damage":23,"enemies":"Slime Boss","floor":16,"turns":8},{"damage":24,"enemies":"Shell Parasite","floor":18,"turns":5},{"damage":20,"enemies":"Spheric Guardian","floor":19,"turns":4},{"damage":47,"enemies":"Book of Stabbing","floor":25,"turns":4},{"damage":12,"enemies":"Cultist and Chosen","floor":27,"turns":2}],"seed_played":"-8098544084251572557","potions_obtained":[{"floor":5.0,"key":"Ancient Potion"},{"floor":7.0,"key":"Energy Potion"},{"floor":11.0,"key":"SpeedPotion"}],"is_trial":false,"path_per_floor":["M","?","M","T","M","R","M","M","T","$","M","R","E","M","R","B",null,"M","M","$","T","?","R","$","E","T","M"],"character_chosen":"IRONCLAD","items_purchased":["Battle Trance","Headbutt+1"],"campfire_rested":1,"item_purchase_floors":[20,20],"current_hp_per_floor":[72,67,72,72,71,71,50,47,47,47,49,49,23,24,24,7,58,40,26,26,26,26,48,48,9,9,0],"gold":35,"neow_bonus":"REMOVE_TWO","is_prod":false,"is_daily":false,"chose_seed":false,"campfire_upgraded":3,"win_rate":0,"timestamp":1551957118,"path_taken":["M","?","M","?","M","R","M","M","T","?","M","R","E","M","R","BOSS","M","?","$","?","?","R","?","E","T","M"],"build_version":"2019-01-23","purchased_purges":1,"victory":false,"max_hp_per_floor":[75,75,75,75,75,75,75,75,75,75,75,75,75,75,75,75,75,75,75,75,75,75,75,75,75,75,75],"card_choices":[{"not_picked":["Heavy Blade","Clash"],"picked":"Spot Weakness","floor":1.0},{"not_picked":["Clash","Anger"],"picked":"Heavy Blade","floor":3.0},{"not_picked":["Anger","Fire Breathing+1","Body Slam"],"picked":"SKIP","floor":5.0},{"not_picked":["Anger","Clash","Twin Strike"],"picked":"SKIP","floor":7.0},{"not_picked":["Hemokinesis","Pommel Strike"],"picked":"Shrug It Off","floor":8.0},{"not_picked":["Shrug It Off","Warcry","Brutality+1"],"picked":"SKIP","floor":11.0},{"not_picked":["Blood for Blood","Dual Wield"],"picked":"Iron Wave","floor":13.0},{"not_picked":["Shrug It Off","Clothesline+1","Havoc"],"picked":"SKIP","floor":14.0},{"not_picked":["Shrug It Off","Clothesline+1","Havoc"],"picked":"SKIP","floor":14.0},{"not_picked":["Demon Form+1","Impervious"],"picked":"Offering","floor":16},{"not_picked":["Anger+1","Flex","Armaments"],"picked":"SKIP","floor":18},{"not_picked":["Body Slam+1","Flex","Power Through+1"],"picked":"SKIP","floor":19},{"not_picked":["Feel No Pain+1","Burning Pact","Clash+1"],"picked":"SKIP","floor":25}],"player_experience":951698,"relics_obtained":[{"floor":4.0,"key":"Frozen Egg 2"},{"floor":9.0,"key":"Letter Opener"},{"floor":13.0,"key":"Molten Egg 2"},{"floor":21,"key":"Blood Vial"},{"floor":25,"key":"Darkstone Periapt"},{"floor":26,"key":"Pantograph"}],"event_choices":[{"damage_healed":0.0,"max_hp_gain":0.0,"max_hp_loss":0.0,"gold_gain":0.0,"event_name":"Scrap Ooze","player_choice":"Success","floor":2.0,"gold_loss":0.0,"damage_taken":5.0,"relics_obtained":["Vajra"]},{"damage_healed":0,"gold_gain":0,"player_choice":"Paid Fearfully","damage_taken":0,"max_hp_gain":0,"max_hp_loss":0,"event_name":"Masked Bandits","floor":22,"gold_loss":52}],"is_beta":false,"boss_relics":[{"not_picked":["Lizard Tail","White Beast Statue"],"picked":"Sozu"}],"items_purged_floors":[10],"is_endless":false,"potions_floor_spawned":[5,7,11,18,19],"killed_by":"Cultist and Chosen","ascension_level":20}