{"gold_per_floor":[117,136,149,149,168,168,226,226,251,264,284,311,324,338,338,417,417,427,192,92,140,159,159,194,207,233,5,21,21],"floor_reached":29,"playtime":1292,"items_purged":["Strike_G","Strike_G","Shame"],"score":518,"play_id":"2243fbd4-0597-4297-84b0-ee6bc83099ce","local_time":"20190728155627","is_ascension_mode":true,"campfire_choices":[{"data":"Bouncing Flask","floor":6.0,"key":"SMITH"},{"data":"Setup","floor":8.0,"key":"SMITH"},{"floor":15.0,"key":"REST"},{"data":"Calculated Gamble","floor":23,"key":"SMITH"}],"neow_cost":"NONE","seed_source_timestamp":558007627190852,"circlet_count":0,"master_deck":["AscendersBane","Strike_G","Strike_G","Defend_G","Defend_G","Defend_G","Defend_G","Defend_G","Survivor","Neutralize","Slice","Bouncing Flask+1","Dagger Throw","After Image","Setup+1","Outmaneuver","Backflip+1","Adrenaline","Calculated Gamble+1","Acrobatics+1","Glass Knife","Caltrops","Injury","Footwork","Bane","Deadly Poison"],"special_seed":0,"relics":["Ring of the Snake","Tiny Chest","Dream Catcher","Strawberry","Cursed Key","Vajra","Boot","War Paint","PreservedInsect"],"potions_floor_usage":[18,24],"damage_taken":[{"damage":2.0,"enemies":"Cultist","floor":1.0,"turns":5.0},{"damage":0.0,"enemies":"2 Louse","floor":2.0,"turns":4.0},{"damage":0.0,"enemies":"Jaw Worm","floor":3.0,"turns":3.0},{"damage":6.0,"enemies":"Looter","floor":5.0,"turns":4.0},{"damage":25.0,"enemies":"Gremlin Nob","floor":7.0,"turns":4.0},{"damage":1.0,"enemies":"Red Slaver","floor":10.0,"turns":3.0},{"damage":11.0,"enemies":"3 Louse","floor":11.0,"turns":4.0},{"damage":21.0,"enemies":"3 Sentries","floor":12.0,"turns":13.0},{"damage":6.0,"enemies":"Exordium Wildlife","floor":13.0,"turns":4.0},{"damage":7.0,"enemies":"2 Fungi Beasts","floor":14.0,"turns":4.0},{"damage":6.0,"enemies":"Hexaghost","floor":16.0,"turns":9.0},{"damage":5,"enemies":"2 Thieves","floor":18,"turns":4},{"damage":6,"enemies":"Spheric Guardian","floor":22,"turns":5},{"damage":13,"enemies":"Gremlin Leader","floor":24,"turns":7},{"damage":0,"enemies":"Snecko","floor":25,"turns":5},{"damage":34,"enemies":"Cultist and Chosen","floor":28,"turns":9},{"damage":7,"enemies":"Snake Plant","floor":29,"turns":2}],"seed_played":"6731666813646686126","potions_obtained":[{"floor":1.0,"key":"Regen Potion"},{"floor":5.0,"key":"Poison Potion"},{"floor":7.0,"key":"Strength Potion"},{"floor":12.0,"key":"GamblersBrew"},{"floor":13.0,"key":"Strength Potion"},{"floor":18,"key":"AttackPotion"}],"is_trial":false,"path_per_floor":["M","M","M","?","M","R","E","R","T","M","M","E","M","M","R","B",null,"M","$","$","T","M","R","E","M","T","$","M","M"],"character_chosen":"THE_SILENT","items_purchased":["Vajra","Footwork","Bane"],"campfire_rested":1,"item_purchase_floors":[19,27,27],"current_hp_per_floor":[63,63,63,63,57,57,32,32,32,31,34,20,14,7,30,24,65,60,60,60,60,54,54,41,41,41,41,7,0],"gold":21,"neow_bonus":"TEN_PERCENT_HP_BONUS","is_prod":false,"is_daily":false,"chose_seed":false,"campfire_upgraded":3,"win_rate":0,"timestamp":1564296987,"path_taken":["M","M","M","?","M","R","E","R","T","M","?","E","M","M","R","BOSS","M","?","$","?","M","R","E","?","T","$","M","M"],"build_version":"2019-07-17","purchased_purges":3,"victory":false,"max_hp_per_floor":[72,72,72,72,72,72,72,72,72,72,72,79,79,79,79,79,79,79,79,79,79,79,79,79,79,79,79,79,79],"card_choices":[{"not_picked":["Reflex","Dodge and Roll"],"picked":"Slice","floor":1.0},{"not_picked":["Blade Dance","Underhanded Strike"],"picked":"Bouncing Flask","floor":2.0},{"not_picked":["Bouncing Flask","Accuracy"],"picked":"Dagger Throw","floor":3.0},{"not_picked":["Underhanded Strike","Sucker Punch"],"picked":"Setup","floor":5.0},{"not_picked":["Dagger Throw","Finisher"],"picked":"Outmaneuver","floor":7.0},{"not_picked":["Noxious Fumes","Bane"],"picked":"Backflip","floor":10.0},{"not_picked":["Outmaneuver","Infinite Blades","All Out Attack"],"picked":"SKIP","floor":11.0},{"not_picked":["Skewer","Flying Knee"],"picked":"Adrenaline","floor":12.0},{"not_picked":["Leg Sweep","PiercingWail"],"picked":"Calculated Gamble","floor":13.0},{"not_picked":["Cloak And Dagger","Dodge and Roll","Quick Slash"],"picked":"SKIP","floor":14.0},{"not_picked":["Deflect","Heel Hook"],"picked":"Acrobatics","floor":15.0},{"not_picked":["Bullet Time","Unload"],"picked":"Glass Knife","floor":16.0},{"not_picked":["Quick Slash","Dodge and Roll"],"picked":"Caltrops","floor":18},{"not_picked":["Slice","Sucker Punch","Dagger Throw"],"picked":"SKIP","floor":22},{"not_picked":["Slice","Sucker Punch","Dagger Throw"],"picked":"SKIP","floor":22},{"not_picked":["Dagger Throw","Outmaneuver","Phantasmal Killer"],"picked":"SKIP","floor":24},{"not_picked":["Blade Dance+1","Quick Slash","Calculated Gamble"],"picked":"SKIP","floor":25},{"not_picked":["Prepared","All Out Attack"],"picked":"Deadly Poison","floor":28}],"player_experience":1040848,"relics_obtained":[{"floor":7.0,"key":"Tiny Chest"},{"floor":9.0,"key":"Dream Catcher"},{"floor":12.0,"key":"Strawberry"},{"floor":21,"key":"Boot"},{"floor":24,"key":"War Paint"},{"floor":26,"key":"PreservedInsect"}],"event_choices":[{"damage_healed":0.0,"max_hp_gain":0.0,"max_hp_loss":0.0,"gold_gain":0.0,"cards_transformed":["Strike_G"],"event_name":"Transmorgrifier","player_choice":"Transformed","floor":4.0,"gold_loss":0.0,"damage_taken":0.0,"cards_obtained":["After Image"]}],"is_beta":false,"boss_relics":[{"not_picked":["White Beast Statue","Coffee Dripper"],"picked":"Cursed Key"}],"items_purged_floors":[19,20,27],"is_endless":false,"potions_floor_spawned":[1,5,7,12,13,18],"killed_by":"Snake Plant","ascension_level":20}