{"gold_per_floor":[110,120,131,131,131,131,158,158,184,231,87,87,87,162,162,265,265,281,281,281,191,208,238,251,251,277,82,109,34,64,91,91,192,192,204,204,219,236,252,281,281],"floor_reached":41,"playtime":1419,"items_purged":["Strike_R"],"score":565,"play_id":"f2fb1660-f203-45a0-847e-95b0d6d1b9dc","local_time":"20190109200643","is_ascension_mode":true,"campfire_choices":[{"data":"Bash","floor":6.0,"key":"SMITH"},{"data":"Inflame","floor":12.0,"key":"SMITH"},{"data":"Flex","floor":15,"key":"SMITH"},{"data":"Offering","floor":25,"key":"SMITH"},{"floor":32,"key":"RECALL"}],"neow_cost":"NONE","seed_source_timestamp":253640553544998,"circlet_count":0,"master_deck":["Strike_R","Defend_R","Defend_R","Defend_R","Bash+1","Flex+1","Twin Strike","Shrug It Off","Inflame+1","Offering+1","Cleave+1","Bloodletting+1","Corruption+1","Battle Trance+1","Shrug It Off+1","Headbutt+1","Feed","Demon Form","Pain","Ghostly Armor+1","Berserk"],"special_seed":0,"relics":["Burning Blood","NeowsBlessing","PreservedInsect","Ancient Tea Set","MawBank","Potion Belt","Astrolabe","Nilry\u0027s Codex","Calipers","Strawberry","Bag of Marbles","OrangePellets","Red Mask","Blue Candle","Pen Nib","Eternal Feather","WarpedTongs","Regal Pillow"],"potions_floor_usage":[30,33,33,38,41],"damage_taken":[{"damage":0.0,"enemies":"Cultist","floor":1.0,"turns":1.0},{"damage":0.0,"enemies":"2 Louse","floor":2.0,"turns":1.0},{"damage":0.0,"enemies":"Small Slimes","floor":3.0,"turns":1.0},{"damage":18.0,"enemies":"Lagavulin","floor":7.0,"turns":3.0},{"damage":16.0,"enemies":"Gremlin Nob","floor":10.0,"turns":3.0},{"damage":51,"enemies":"The Guardian","floor":16,"turns":13},{"damage":6,"enemies":"Chosen","floor":18,"turns":3},{"damage":11,"enemies":"3 Byrds","floor":22,"turns":4},{"damage":9,"enemies":"Gremlin Leader","floor":23,"turns":5},{"damage":6,"enemies":"Snake Plant","floor":24,"turns":2},{"damage":3,"enemies":"Masked Bandits","floor":28,"turns":2},{"damage":5,"enemies":"Slavers","floor":30,"turns":2},{"damage":29,"enemies":"Collector","floor":33,"turns":3},{"damage":40,"enemies":"3 Darklings","floor":35,"turns":4},{"damage":26,"enemies":"3 Shapes","floor":37,"turns":4},{"damage":17,"enemies":"Writhing Mass","floor":38,"turns":4},{"damage":7,"enemies":"Jaw Worm Horde","floor":39,"turns":3},{"damage":12,"enemies":"Giant Head","floor":40,"turns":6}],"seed_played":"1428816728043644470","potions_obtained":[{"floor":3.0,"key":"Poison Potion"},{"floor":7.0,"key":"Explosive Potion"},{"floor":16,"key":"Weak Potion"},{"floor":18,"key":"PowerPotion"},{"floor":22,"key":"Dexterity Potion"},{"floor":24,"key":"GamblersBrew"},{"floor":35,"key":"Swift Potion"},{"floor":40,"key":"Energy Potion"}],"is_trial":false,"path_per_floor":["M","M","M","?","?","R","E","?","T","E","$","R","?","T","R","B",null,"M","?","?","?","M","E","M","R","T","$","?","?","E","T","R","B",null,"M","?","M","M","M","E","M"],"character_chosen":"IRONCLAD","items_purchased":["Inflame","OrangePellets"],"campfire_rested":0,"item_purchase_floors":[11,27],"current_hp_per_floor":[80,80,80,77,82,82,70,70,70,60,60,60,60,60,60,15,85,85,69,69,69,64,68,68,68,68,68,71,71,72,72,72,49,92,58,58,42,31,30,24,0],"gold":281,"neow_bonus":"THREE_ENEMY_KILL","is_prod":false,"is_daily":false,"chose_seed":false,"campfire_upgraded":4,"win_rate":0,"timestamp":1547060803,"path_taken":["M","?","M","?","?","R","E","?","T","E","$","R","?","?","R","BOSS","M","?","?","?","?","E","M","R","T","$","?","?","E","?","R","BOSS","M","?","?","M","M","E","M"],"build_version":"2019-01-03v4","purchased_purges":1,"victory":false,"max_hp_per_floor":[80,80,80,80,85,85,85,85,85,85,85,85,85,85,85,85,85,85,85,85,85,85,92,92,92,92,92,92,92,92,92,92,92,92,92,92,96,96,96,96,100],"card_choices":[{"not_picked":["Uppercut","Fire Breathing"],"picked":"Flex","floor":1.0},{"not_picked":["Searing Blow","Sever Soul","Clash"],"picked":"SKIP","floor":2.0},{"not_picked":["Flex","Reckless Charge"],"picked":"Twin Strike","floor":3.0},{"not_picked":["Clash","Twin Strike"],"picked":"Shrug It Off","floor":7.0},{"not_picked":["Havoc","Second Wind","Shockwave"],"picked":"SKIP","floor":10.0},{"not_picked":["Bludgeon","Berserk"],"picked":"Offering","floor":16},{"not_picked":["Havoc","Rampage+1"],"picked":"Battle Trance","floor":18},{"not_picked":["Pommel Strike","Anger","Rupture"],"picked":"SKIP","floor":22},{"not_picked":["Pommel Strike","Anger","Rupture"],"picked":"SKIP","floor":22},{"not_picked":["Carnage+1","Searing Blow"],"picked":"Shrug It Off+1","floor":23},{"not_picked":["Uppercut","Anger+1","Sever Soul+1"],"picked":"SKIP","floor":24},{"not_picked":["Second Wind","True Grit+1"],"picked":"Headbutt+1","floor":28},{"not_picked":["Perfected Strike","Clash"],"picked":"Feed","floor":30},{"not_picked":["Immolate","Juggernaut"],"picked":"Demon Form","floor":33},{"not_picked":["Rampage","Body Slam+1","Sword Boomerang"],"picked":"SKIP","floor":35},{"not_picked":["Thunderclap","Sentinel+1","Havoc"],"picked":"SKIP","floor":37},{"not_picked":["Iron Wave+1","Dual Wield+1","Twin Strike+1"],"picked":"SKIP","floor":38},{"not_picked":["Sentinel+1","Reckless Charge"],"picked":"Ghostly Armor+1","floor":39},{"not_picked":["Power Through","Sever Soul"],"picked":"Berserk","floor":40}],"player_experience":652396,"relics_obtained":[{"floor":7.0,"key":"Ancient Tea Set"},{"floor":9.0,"key":"MawBank"},{"floor":10.0,"key":"Potion Belt"},{"floor":19,"key":"Nilry\u0027s Codex"},{"floor":23,"key":"Strawberry"},{"floor":26,"key":"Bag of Marbles"},{"floor":28,"key":"Red Mask"},{"floor":30,"key":"Blue Candle"},{"floor":31,"key":"Pen Nib"},{"floor":40,"key":"Regal Pillow"}],"event_choices":[{"damage_healed":0.0,"max_hp_gain":0.0,"max_hp_loss":0.0,"gold_gain":0.0,"event_name":"Scrap Ooze","player_choice":"Success","floor":4.0,"gold_loss":0.0,"damage_taken":3.0,"relics_obtained":["PreservedInsect"]},{"damage_healed":0.0,"max_hp_gain":5.0,"max_hp_loss":0.0,"gold_gain":0.0,"event_name":"Big Fish","player_choice":"Donut","floor":5.0,"gold_loss":0.0,"damage_taken":0.0},{"damage_healed":0.0,"max_hp_gain":0.0,"max_hp_loss":0.0,"gold_gain":0.0,"event_name":"Liars Game","player_choice":"Ignored","floor":8.0,"gold_loss":0.0,"damage_taken":0.0},{"damage_healed":0,"gold_gain":0,"player_choice":"Ignored","damage_taken":0,"max_hp_gain":0,"max_hp_loss":0,"event_name":"Shining Light","floor":13,"gold_loss":0},{"damage_healed":0,"gold_gain":0,"player_choice":"Obtained Book","damage_taken":16,"max_hp_gain":0,"max_hp_loss":0,"event_name":"Cursed Tome","floor":19,"gold_loss":0},{"damage_healed":0,"gold_gain":0,"player_choice":"Opened","damage_taken":0,"relics_obtained":["Calipers"],"max_hp_gain":0,"max_hp_loss":0,"event_name":"The Mausoleum","floor":20,"gold_loss":0,"cards_obtained":["Writhe"]},{"cards_removed":["Writhe"],"damage_healed":0,"gold_gain":0,"player_choice":"Upgrade and Remove","damage_taken":0,"max_hp_gain":0,"max_hp_loss":0,"event_name":"Designer","floor":21,"gold_loss":90,"cards_upgraded":["Battle Trance"]},{"damage_healed":0,"gold_gain":0,"player_choice":"Fought Bandits","damage_taken":0,"max_hp_gain":0,"max_hp_loss":0,"event_name":"Masked Bandits","floor":28,"gold_loss":0},{"cards_removed":["Strike_R"],"damage_healed":0,"gold_gain":0,"player_choice":"Gave Gold","damage_taken":0,"max_hp_gain":0,"max_hp_loss":0,"event_name":"Beggar","floor":29,"gold_loss":75},{"damage_healed":0,"gold_gain":0,"player_choice":"Rummage","damage_taken":0,"relics_obtained":["WarpedTongs"],"max_hp_gain":0,"max_hp_loss":0,"event_name":"Accursed Blacksmith","floor":36,"gold_loss":0,"cards_obtained":["Pain"]}],"is_beta":false,"boss_relics":[{"not_picked":["Black Star","White Beast Statue"],"picked":"Astrolabe"},{"not_picked":["Runic Dome","Calling Bell"],"picked":"Eternal Feather"}],"items_purged_floors":[11],"is_endless":false,"potions_floor_spawned":[3,7,16,18,22,24,35,40],"killed_by":"Sphere and 2 Shapes","ascension_level":1}