{"gold_per_floor":[118,43,62,78,30,30,46,66,116,142,167,182,198,198,198,198],"floor_reached":16,"playtime":547,"items_purged":["Strike_R"],"score":104,"play_id":"eddff28b-be80-4edd-9be0-c020641c57a6","local_time":"20190310135956","is_ascension_mode":false,"campfire_choices":[{"data":"Bash","floor":6,"key":"SMITH"},{"data":"Shrug It Off","floor":15,"key":"SMITH"}],"neow_cost":"TEN_PERCENT_HP_LOSS","seed_source_timestamp":95793761105837,"circlet_count":0,"master_deck":["Strike_R","Strike_R","Strike_R","Defend_R","Defend_R","Bash+1","Shrug It Off+1"],"relics":["Burning Blood","Omamori","Odd Mushroom","Mercury Hourglass"],"potions_floor_usage":[13,16,16],"damage_taken":[{"damage":6,"enemies":"Cultist","floor":1,"turns":3},{"damage":8,"enemies":"Jaw Worm","floor":3,"turns":4},{"damage":2,"enemies":"2 Louse","floor":4,"turns":3},{"damage":7,"enemies":"Looter","floor":7,"turns":3},{"damage":8,"enemies":"Exordium Wildlife","floor":8,"turns":5},{"damage":25,"enemies":"The Mushroom Lair","floor":10,"turns":7},{"damage":23,"enemies":"Gremlin Nob","floor":11,"turns":4},{"damage":2,"enemies":"2 Fungi Beasts","floor":12,"turns":3},{"damage":6,"enemies":"Exordium Thugs","floor":13,"turns":4},{"damage":40,"enemies":"Slime Boss","floor":16,"turns":6}],"seed_played":"7959297231267502065","potions_obtained":[{"floor":7,"key":"FearPotion"},{"floor":8,"key":"Swift Potion"},{"floor":11,"key":"Fire Potion"},{"floor":12,"key":"LiquidBronze"},{"floor":13,"key":"BloodPotion"}],"is_trial":false,"path_per_floor":["M","$","M","M","$","R","M","M","T","?","E","M","M","?","R","B"],"character_chosen":"IRONCLAD","items_purchased":["Shrug It Off"],"campfire_rested":0,"item_purchase_floors":[5],"current_hp_per_floor":[72,72,70,72,72,72,71,69,69,50,33,37,37,30,30,0],"gold":198,"neow_bonus":"REMOVE_TWO","is_prod":false,"is_daily":false,"chose_seed":false,"campfire_upgraded":2,"win_rate":0,"timestamp":1552222796,"path_taken":["M","?","?","M","?","R","M","M","T","?","E","?","M","?","R","BOSS"],"build_version":"2019-01-23","purchased_purges":1,"victory":false,"max_hp_per_floor":[72,72,72,72,72,72,72,72,72,72,72,72,72,72,72,72],"card_choices":[{"not_picked":["Havoc","Carnage","Pommel Strike"],"picked":"SKIP","floor":1},{"not_picked":["Twin Strike","Carnage","Combust"],"picked":"SKIP","floor":3},{"not_picked":["Heavy Blade","True Grit","Sword Boomerang"],"picked":"SKIP","floor":4},{"not_picked":["Warcry","Bloodletting","Thunderclap"],"picked":"SKIP","floor":7},{"not_picked":["Warcry","Bloodletting","Thunderclap"],"picked":"SKIP","floor":7},{"not_picked":["Anger","Body Slam","Warcry"],"picked":"SKIP","floor":8},{"not_picked":["Sword Boomerang","Thunderclap","Wild Strike"],"picked":"SKIP","floor":11},{"not_picked":["Warcry","Armaments","Reaper"],"picked":"SKIP","floor":12},{"not_picked":["Anger","Iron Wave","Bloodletting"],"picked":"SKIP","floor":13}],"player_experience":971115,"relics_obtained":[{"floor":9,"key":"Omamori"},{"floor":10,"key":"Odd Mushroom"},{"floor":11,"key":"Mercury Hourglass"}],"event_choices":[{"damage_healed":0,"gold_gain":0,"player_choice":"Fought Mushrooms","damage_taken":0,"max_hp_gain":0,"max_hp_loss":0,"event_name":"Mushrooms","floor":10,"gold_loss":0},{"cards_removed":["Defend_R"],"damage_healed":0,"gold_gain":0,"player_choice":"Card Removal","damage_taken":7,"max_hp_gain":0,"max_hp_loss":0,"event_name":"Golden Wing","floor":14,"gold_loss":0}],"is_beta":false,"boss_relics":[],"items_purged_floors":[2],"is_endless":false,"potions_floor_spawned":[7,8,11,12,13],"killed_by":"Slime Boss","ascension_level":0}