{"gold_per_floor":[110,121,121,138,153,153,186,186,186,111,129,146,65,79,79,79],"floor_reached":16,"playtime":389,"items_purged":[],"score":208,"play_id":"17129732-1588-4ec6-b886-9dee0390221f","local_time":"20190714143758","is_ascension_mode":true,"campfire_choices":[{"data":"Gash","floor":6.0,"key":"SMITH"},{"floor":8.0,"key":"REST"},{"data":"Hologram","floor":15,"key":"SMITH"}],"neow_cost":"NONE","seed_source_timestamp":476434811062127,"circlet_count":0,"master_deck":["AscendersBane","Strike_B","Strike_B","Strike_B","Defend_B","Defend_B","Defend_B","Defend_B","Zap+1","Dualcast","Sweeping Beam","Conserve Battery","Gash","Gash+1","Hologram+1","Rebound","Scrape"],"special_seed":0,"relics":["Cracked Core","Matryoshka","Question Card","Strawberry"],"potions_floor_usage":[16,16],"damage_taken":[{"damage":7.0,"enemies":"Jaw Worm","floor":1.0,"turns":3.0},{"damage":1.0,"enemies":"Cultist","floor":2.0,"turns":3.0},{"damage":2.0,"enemies":"Small Slimes","floor":4.0,"turns":3.0},{"damage":11.0,"enemies":"Red Slaver","floor":5.0,"turns":3.0},{"damage":35.0,"enemies":"Lagavulin","floor":7.0,"turns":8.0},{"damage":6.0,"enemies":"Looter","floor":11.0,"turns":3.0},{"damage":6,"enemies":"Exordium Thugs","floor":12,"turns":4},{"damage":4,"enemies":"Exordium Wildlife","floor":14,"turns":3},{"damage":22,"enemies":"The Guardian","floor":16,"turns":5}],"seed_played":"-6510224314744563036","potions_obtained":[{"floor":5.0,"key":"FairyPotion"},{"floor":11.0,"key":"Energy Potion"},{"floor":12,"key":"Poison Potion"}],"is_trial":false,"path_per_floor":["M","M","?","M","M","R","E","R","T","?","M","M","$","M","R","B"],"character_chosen":"DEFECT","items_purchased":["Scrape"],"campfire_rested":1,"item_purchase_floors":[13],"current_hp_per_floor":[57,56,56,54,43,43,8,29,36,36,30,24,24,20,20,0],"gold":79,"neow_bonus":"UPGRADE_CARD","is_prod":false,"is_daily":false,"chose_seed":false,"campfire_upgraded":2,"win_rate":0,"timestamp":1563082678,"path_taken":["M","M","?","M","M","R","E","R","T","?","M","?","$","M","R","BOSS"],"build_version":"2019-07-05","purchased_purges":0,"victory":false,"max_hp_per_floor":[71,71,71,71,71,71,71,71,78,78,78,78,78,78,78,78],"card_choices":[{"not_picked":["Redo","Streamline"],"picked":"Sweeping Beam","floor":1.0},{"not_picked":["Double Energy","Leap"],"picked":"Conserve Battery","floor":2.0},{"not_picked":["Steam","Compile Driver"],"picked":"Gash","floor":4.0},{"not_picked":["Beam Cell","Cold Snap"],"picked":"Gash","floor":5.0},{"not_picked":["Compile Driver","Sweeping Beam","Thunder Strike"],"picked":"SKIP","floor":7.0},{"not_picked":["Compile Driver","Redo","Stack"],"picked":"Hologram","floor":11.0},{"not_picked":["Sweeping Beam","Conserve Battery","Lockon"],"picked":"Rebound","floor":12},{"not_picked":["Ball Lightning","Conserve Battery","Buffer","Compile Driver"],"picked":"SKIP","floor":14}],"player_experience":987961,"relics_obtained":[{"floor":7.0,"key":"Matryoshka"},{"floor":9.0,"key":"Question Card"},{"floor":9.0,"key":"Strawberry"}],"event_choices":[{"damage_healed":0.0,"max_hp_gain":0.0,"max_hp_loss":0.0,"gold_gain":0.0,"event_name":"Liars Game","player_choice":"Ignored","floor":3.0,"gold_loss":0.0,"damage_taken":0.0},{"cards_removed":["Strike_B"],"damage_healed":0.0,"max_hp_gain":0.0,"max_hp_loss":0.0,"gold_gain":0.0,"event_name":"The Cleric","player_choice":"Card Removal","floor":10.0,"gold_loss":75.0,"damage_taken":0.0}],"is_beta":false,"boss_relics":[],"items_purged_floors":[],"is_endless":false,"potions_floor_spawned":[5,11,12],"killed_by":"The Guardian","ascension_level":20}