{"gold_per_floor":[112,37,53,73,83,83,83,103,103,120,20,32,57,72,72,147,147,167,183,195,0,0,0,17,17,17,67,82,82,108,108,108,187,187,200,200,216,216],"floor_reached":38,"playtime":1568,"items_purged":["Strike_R","Strike_R"],"score":703,"play_id":"abe3e4a8-a06b-4fb2-99b7-88fc66bd8a68","local_time":"20190727200458","is_ascension_mode":true,"campfire_choices":[{"data":"Whirlwind","floor":6.0,"key":"SMITH"},{"data":"Bash","floor":15.0,"key":"SMITH"},{"data":"Berserk","floor":23.0,"key":"SMITH"},{"data":"Uppercut","floor":25.0,"key":"SMITH"},{"floor":29.0,"key":"REST"},{"floor":32.0,"key":"REST"}],"neow_cost":"NONE","seed_source_timestamp":863603477218056,"circlet_count":0,"master_deck":["AscendersBane","Strike_R","Strike_R","Defend_R","Defend_R","Defend_R","Defend_R","Bash+1","Inflame","Cleave","Pommel Strike","Whirlwind+1","Flex","Iron Wave","Ghostly Armor","Uppercut+1","Berserk+1","True Grit","Demon Form","Battle Trance","Battle Trance","Reaper"],"special_seed":0,"relics":["Burning Blood","Meat on the Bone","Kunai","Sozu","Singing Bowl","Omamori","Letter Opener","Mark of Pain"],"potions_floor_usage":[],"damage_taken":[{"damage":6.0,"enemies":"Cultist","floor":1.0,"turns":3.0},{"damage":7.0,"enemies":"Jaw Worm","floor":3.0,"turns":3.0},{"damage":0.0,"enemies":"Small Slimes","floor":4.0,"turns":2.0},{"damage":24.0,"enemies":"Blue Slaver","floor":5.0,"turns":4.0},{"damage":26.0,"enemies":"Exordium Thugs","floor":8.0,"turns":5.0},{"damage":8.0,"enemies":"3 Louse","floor":10.0,"turns":2.0},{"damage":11.0,"enemies":"Gremlin Gang","floor":12.0,"turns":4.0},{"damage":20.0,"enemies":"3 Sentries","floor":13.0,"turns":6.0},{"damage":5.0,"enemies":"Exordium Wildlife","floor":14.0,"turns":2.0},{"damage":43.0,"enemies":"Hexaghost","floor":16.0,"turns":8.0},{"damage":21.0,"enemies":"Chosen","floor":18.0,"turns":5.0},{"damage":28.0,"enemies":"3 Byrds","floor":19.0,"turns":4.0},{"damage":13.0,"enemies":"3 Cultists","floor":20.0,"turns":4.0},{"damage":22.0,"enemies":"Sentry and Sphere","floor":24.0,"turns":4.0},{"damage":31.0,"enemies":"Snake Plant","floor":28.0,"turns":3.0},{"damage":55.0,"enemies":"Champ","floor":33.0,"turns":9.0},{"damage":44.0,"enemies":"3 Shapes","floor":35.0,"turns":5.0},{"damage":13.0,"enemies":"3 Darklings","floor":37.0,"turns":3.0},{"damage":104,"enemies":"Transient","floor":38,"turns":6}],"seed_played":"-2103364732216207738","potions_obtained":[{"floor":3.0,"key":"SpeedPotion"},{"floor":4.0,"key":"Poison Potion"},{"floor":13.0,"key":"Strength Potion"}],"is_trial":false,"path_per_floor":["M","$","M","M","M","R","?","M","T","M","$","M","E","M","R","B",null,"M","M","M","?","?","R","M","R","T","?","M","R","T","T","R","B",null,"M","?","M","M"],"character_chosen":"IRONCLAD","items_purchased":[],"campfire_rested":2,"item_purchase_floors":[],"current_hp_per_floor":[68,68,67,73,55,55,60,40,40,50,50,57,55,56,56,31,68,53,43,48,48,48,48,44,44,44,36,25,49,49,49,73,36,71,65,65,60,0],"gold":216,"neow_bonus":"THREE_CARDS","is_prod":false,"is_daily":false,"chose_seed":false,"campfire_upgraded":4,"win_rate":0,"timestamp":1564283098,"path_taken":["M","$","M","?","M","R","?","M","T","M","$","M","E","M","R","BOSS","M","M","M","?","?","R","?","R","T","?","?","R","?","?","R","BOSS","M","?","M","?"],"build_version":"2019-07-18","purchased_purges":2,"victory":false,"max_hp_per_floor":[75,75,75,75,75,75,80,80,80,80,80,80,80,80,80,80,80,80,80,80,80,80,80,80,80,80,80,82,82,82,82,82,82,82,84,84,86,86],"card_choices":[{"not_picked":["Warcry","Pommel Strike"],"picked":"Inflame","floor":0.0},{"not_picked":["Intimidate","Clothesline"],"picked":"Cleave","floor":1.0},{"not_picked":["Bloodletting","Fire Breathing"],"picked":"Pommel Strike","floor":3.0},{"not_picked":["Heavy Blade","Headbutt"],"picked":"Whirlwind","floor":4.0},{"not_picked":["Heavy Blade","Carnage"],"picked":"Flex","floor":5.0},{"not_picked":["Pummel","Wild Strike"],"picked":"Iron Wave","floor":8.0},{"not_picked":["Anger","Intimidate"],"picked":"Ghostly Armor","floor":10.0},{"not_picked":["Headbutt","Sentinel"],"picked":"Uppercut","floor":12.0},{"not_picked":["Searing Blow","Pummel"],"picked":"Berserk","floor":13.0},{"not_picked":["Clash","Headbutt"],"picked":"True Grit","floor":14.0},{"not_picked":["Exhume","Fiend Fire"],"picked":"Demon Form","floor":16.0},{"not_picked":["Spot Weakness","Bloodletting"],"picked":"Battle Trance","floor":18.0},{"not_picked":["Combust","Intimidate","Warcry"],"picked":"SKIP","floor":19.0},{"not_picked":["Headbutt","Flex","Anger"],"picked":"SKIP","floor":20.0},{"not_picked":["Thunderclap","Flex","Sword Boomerang"],"picked":"SKIP","floor":24.0},{"not_picked":["True Grit","Havoc","Seeing Red"],"picked":"Singing Bowl","floor":28.0},{"not_picked":["Brutality","Demon Form"],"picked":"Reaper","floor":33.0},{"not_picked":["Thunderclap","Warcry","Heavy Blade"],"picked":"Singing Bowl","floor":35.0},{"not_picked":["Combust","Headbutt+1","Clothesline"],"picked":"Singing Bowl","floor":37.0}],"player_experience":236769,"relics_obtained":[{"floor":9.0,"key":"Meat on the Bone"},{"floor":13.0,"key":"Kunai"},{"floor":26.0,"key":"Singing Bowl"},{"floor":30.0,"key":"Omamori"},{"floor":31.0,"key":"Letter Opener"}],"event_choices":[{"damage_healed":0.0,"max_hp_gain":5.0,"max_hp_loss":0.0,"gold_gain":0.0,"event_name":"Big Fish","player_choice":"Donut","floor":7.0,"gold_loss":0.0,"damage_taken":0.0},{"damage_healed":0.0,"max_hp_gain":0.0,"max_hp_loss":0.0,"gold_gain":0.0,"event_name":"Masked Bandits","player_choice":"Paid Fearfully","floor":21.0,"gold_loss":195.0,"damage_taken":0.0},{"damage_healed":0.0,"max_hp_gain":0.0,"max_hp_loss":0.0,"gold_gain":0.0,"event_name":"Duplicator","player_choice":"Copied","floor":22.0,"gold_loss":0.0,"damage_taken":0.0,"cards_obtained":["Battle Trance"]},{"damage_healed":0.0,"max_hp_gain":0.0,"max_hp_loss":0.0,"gold_gain":50.0,"event_name":"FaceTrader","player_choice":"Touch","floor":27.0,"gold_loss":0.0,"damage_taken":8.0},{"cards_removed":["Strike_R"],"damage_healed":0.0,"max_hp_gain":0.0,"max_hp_loss":0.0,"gold_gain":0.0,"event_name":"Purifier","player_choice":"Purged","floor":36.0,"gold_loss":0.0,"damage_taken":0.0}],"is_beta":true,"boss_relics":[{"not_picked":["Empty Cage","Ectoplasm"],"picked":"Sozu"},{"not_picked":["Runic Dome","Coffee Dripper"],"picked":"Mark of Pain"}],"items_purged_floors":[2,11],"is_endless":false,"potions_floor_spawned":[3,4,12,13,19,24,28,35,37],"killed_by":"Transient","ascension_level":17}