{"path_per_floor":["M","$","M","M","M","R","E","R","T","M","E","$","R","M","R","B",null],"character_chosen":"THE_SILENT","items_purchased":["Backflip","Deflect","Strawberry"],"gold_per_floor":[116,71,82,98,109,109,166,166,166,184,212,39,39,54,54,132,132,132],"floor_reached":18,"campfire_rested":2,"playtime":1304,"current_hp_per_floor":[58,58,58,57,44,44,17,36,36,36,32,39,39,39,60,2,55,0],"items_purged":[],"gold":132,"score":292,"play_id":"5960d0e9-e74c-42de-923a-0b5ad469ca6a","local_time":"20180401155514","is_prod":false,"is_daily":false,"is_ascension_mode":true,"campfire_upgraded":2,"timestamp":1522590914,"path_taken":["M","$","M","M","M","R","E","R","T","M","E","$","R","M","R","BOSS","M"],"build_version":"2018-03-29v2","purchased_purges":0,"victory":false,"master_deck":["Defend_G","Defend_G","Defend_G","Defend_G+1","Defend_G","Strike_G","Strike_G","Strike_G","Strike_G","Survivor","Neutralize","AscendersBane","Glass Knife+1","Dagger Throw","Backflip","Cloak And Dagger+1","Footwork+1","Acrobatics","PiercingWail","Deflect","Burst"],"max_hp_per_floor":[66,66,66,66,66,66,66,66,66,66,66,73,73,73,73,73,73,73],"relics":["Ring of the Snake","Tiny Chest","Anchor","War Paint","Strawberry","Black Star"],"card_choices":[{"not_picked":["Quick Slash","Outmaneuver"],"picked":"Dagger Throw","floor":1},{"not_picked":["Caltrops","Acrobatics"],"picked":"Cloak And Dagger","floor":3},{"not_picked":["Grand Finale","Quick Slash"],"picked":"Footwork","floor":4},{"not_picked":["Cloak And Dagger","Blade Dance"],"picked":"Acrobatics","floor":5},{"not_picked":["Deadly Poison","Acrobatics"],"picked":"PiercingWail","floor":10},{"not_picked":["Tools of the Trade","Envenom"],"picked":"Burst","floor":16}],"player_experience":498881,"potions_floor_usage":[7,16,16],"damage_taken":[{"damage":1,"enemies":"Small Slimes","floor":1,"turns":3},{"damage":0,"enemies":"2 Louse","floor":3,"turns":2},{"damage":1,"enemies":"Cultist","floor":4,"turns":3},{"damage":13,"enemies":"Exordium Wildlife","floor":5,"turns":7},{"damage":27,"enemies":"Lagavulin","floor":7,"turns":9},{"damage":0,"enemies":"3 Louse","floor":10,"turns":2},{"damage":4,"enemies":"3 Sentries","floor":11,"turns":12},{"damage":0,"enemies":"Looter","floor":14,"turns":2},{"damage":58,"enemies":"Slime Boss","floor":16,"turns":18},{"damage":56,"enemies":"Chosen","floor":18,"turns":7}],"event_choices":[],"boss_relics":[{"not_picked":["Runic Dome","Velvet Choker"],"picked":"Black Star"}],"potions_floor_spawned":[4,7,10],"seed_played":"1211963491840620721","killed_by":"Chosen","ascension_level":14,"is_trial":false}