{"gold_per_floor":[113,131,131,131,155,155,196,210,210,38,15,15,55,80,80,203,203,217,142,142,165,165,165,201,201,246,267,281,296,332,332],"floor_reached":31,"playtime":1399,"items_purged":["Strike_B"],"score":353,"play_id":"533483b3-e1d0-424e-938e-1e9a949516a3","local_time":"20190731165019","is_ascension_mode":true,"campfire_choices":[{"data":"Zap","floor":6,"key":"SMITH"},{"floor":15,"key":"REST"},{"data":"Dualcast","floor":23,"key":"SMITH"},{"data":"Barrage","floor":25,"key":"SMITH"}],"neow_cost":"NONE","seed_source_timestamp":52273558655700,"circlet_count":0,"master_deck":["Defend_B","Defend_B","Defend_B","Zap+1","Dualcast+1","Electrodynamics","Compile Driver","Self Repair","Reprogram","Rebound","Glacier","Capacitor","Ball Lightning","Chill+1","Undo+1","Seek+1","Hologram+1","Heatsinks+1","Defragment+1","Sweeping Beam","Bite","Bite","Bite","Bite","Bite","Barrage+1","Capacitor","Chaos+1","Skim+1","Chaos+1"],"relics":["Cracked Core","Mercury Hourglass","Golden Idol","Bag of Preparation","Toxic Egg 2","Astrolabe","Bag of Marbles","Matryoshka","Darkstone Periapt","Centennial Puzzle","Dream Catcher"],"potions_floor_usage":[13,18,27],"damage_taken":[{"damage":4,"enemies":"Jaw Worm","floor":1,"turns":5},{"damage":0,"enemies":"Small Slimes","floor":2,"turns":3},{"damage":0,"enemies":"2 Louse","floor":5,"turns":1},{"damage":25,"enemies":"3 Sentries","floor":7,"turns":5},{"damage":15,"enemies":"Exordium Thugs","floor":8,"turns":4},{"damage":9,"enemies":"Lagavulin","floor":13,"turns":5},{"damage":3,"enemies":"2 Fungi Beasts","floor":14,"turns":2},{"damage":39,"enemies":"Hexaghost","floor":16,"turns":13},{"damage":25,"enemies":"2 Thieves","floor":18,"turns":4},{"damage":15,"enemies":"Chosen","floor":21,"turns":5},{"damage":31,"enemies":"Slavers","floor":24,"turns":6},{"damage":1,"enemies":"Snecko","floor":27,"turns":5},{"damage":0,"enemies":"Cultist and Chosen","floor":28,"turns":5},{"damage":15,"enemies":"Centurion and Healer","floor":29,"turns":6},{"damage":46,"enemies":"Gremlin Leader","floor":30,"turns":5},{"damage":17,"enemies":"Snake Plant","floor":31,"turns":1}],"seed_played":"484552868465583407","potions_obtained":[{"floor":1,"key":"Dexterity Potion"},{"floor":8,"key":"Block Potion"},{"floor":16,"key":"FearPotion"},{"floor":24,"key":"SpeedPotion"},{"floor":27,"key":"Strength Potion"},{"floor":29,"key":"SteroidPotion"}],"is_trial":false,"path_per_floor":["M","M","?","?","M","R","E","M","T","$","?","$","E","M","R","B",null,"M","?","T","M","?","R","E","R","T","M","M","M","E","M"],"character_chosen":"DEFECT","items_purchased":["Capacitor","Ball Lightning"],"campfire_rested":1,"item_purchase_floors":[10,10],"current_hp_per_floor":[71,71,68,50,50,50,32,24,24,24,24,24,22,21,43,13,75,57,57,57,51,51,51,33,33,33,45,54,56,14,0],"gold":332,"neow_bonus":"ONE_RANDOM_RARE_CARD","is_prod":false,"is_daily":false,"chose_seed":false,"campfire_upgraded":3,"win_rate":0,"timestamp":1564609819,"path_taken":["M","M","?","?","M","R","E","M","T","?","?","$","E","M","R","BOSS","M","?","?","M","?","R","E","R","T","M","M","M","E","M"],"build_version":"2019-07-17","purchased_purges":1,"victory":false,"max_hp_per_floor":[75,75,75,75,75,75,75,75,75,75,75,75,75,75,75,75,75,75,75,75,75,75,75,75,75,75,75,75,75,75,75],"card_choices":[{"not_picked":["Conserve Battery","Streamline"],"picked":"Compile Driver","floor":1},{"not_picked":["Conserve Battery","Streamline"],"picked":"Self Repair","floor":2},{"not_picked":["Cold Snap","Heatsinks"],"picked":"Reprogram","floor":5},{"not_picked":["Aggregate","Conserve Battery"],"picked":"Rebound","floor":7},{"not_picked":["Sweeping Beam","Leap"],"picked":"Glacier","floor":8},{"not_picked":["Leap+1","Melter"],"picked":"Chill+1","floor":13},{"not_picked":["Cold Snap","Gash"],"picked":"Undo+1","floor":14},{"not_picked":["Echo Form","Rainbow+1"],"picked":"Seek+1","floor":16},{"not_picked":["Capacitor","Ball Lightning+1","Recycle+1"],"picked":"SKIP","floor":18},{"not_picked":["Ball Lightning","Streamline"],"picked":"Sweeping Beam","floor":21},{"not_picked":["Hello World","Rebound+1"],"picked":"Barrage","floor":24},{"not_picked":["Streamline","Sweeping Beam"],"picked":"Capacitor","floor":27},{"not_picked":["Steam+1","Multi-Cast+1"],"picked":"Chaos+1","floor":28},{"not_picked":["Ball Lightning","Gash"],"picked":"Skim+1","floor":29},{"not_picked":["Beam Cell","Force Field+1"],"picked":"Chaos+1","floor":30}],"player_experience":166060,"relics_obtained":[{"floor":7,"key":"Bag of Preparation"},{"floor":9,"key":"Toxic Egg 2"},{"floor":13,"key":"Blood Vial"},{"floor":20,"key":"Bag of Marbles"},{"floor":24,"key":"Matryoshka"},{"floor":26,"key":"Darkstone Periapt"},{"floor":26,"key":"Centennial Puzzle"},{"floor":30,"key":"Dream Catcher"}],"event_choices":[{"damage_healed":0,"gold_gain":0,"player_choice":"Success","damage_taken":3,"relics_obtained":["Mercury Hourglass"],"max_hp_gain":0,"max_hp_loss":0,"event_name":"Scrap Ooze","floor":3,"gold_loss":0},{"damage_healed":0,"gold_gain":0,"player_choice":"Take Damage","damage_taken":18,"relics_obtained":["Golden Idol"],"max_hp_gain":0,"max_hp_loss":0,"event_name":"Golden Idol","floor":4,"gold_loss":0},{"damage_healed":0,"gold_gain":0,"player_choice":"Left Gold","damage_taken":0,"max_hp_gain":0,"max_hp_loss":0,"event_name":"World of Goop","floor":11,"gold_loss":23},{"cards_removed":["Defend_B"],"damage_healed":0,"gold_gain":0,"player_choice":"Gave Gold","damage_taken":0,"max_hp_gain":0,"max_hp_loss":0,"event_name":"Beggar","floor":19,"gold_loss":75},{"damage_healed":0,"gold_gain":0,"player_choice":"Became a vampire (Vial)","damage_taken":0,"max_hp_gain":0,"max_hp_loss":0,"event_name":"Vampires","floor":22,"relics_lost":["Blood Vial"],"gold_loss":0,"cards_obtained":["Bite","Bite","Bite","Bite","Bite"]}],"is_beta":false,"boss_relics":[{"not_picked":["Orrery","White Beast Statue"],"picked":"Astrolabe"}],"items_purged_floors":[10],"is_endless":false,"potions_floor_spawned":[1,8,16,24,27,29,30],"killed_by":"Snake Plant","ascension_level":3}