{"gold_per_floor":[114,114,127,77,95,126,126,460,534,534,534,809,435,446,446,549,549,560,485,485,537,550,550,450,465,465,172,172,182,182,182,182,285,285,304,110,110,110,129,129,139,139,139,139,159,159,159,159,159,159],"floor_reached":51,"playtime":2153,"items_purged":["Regret","Bash"],"score":849,"play_id":"aadf16ff-c841-4313-8a91-64d552ff5527","local_time":"20190721130657","is_ascension_mode":true,"campfire_choices":[{"data":"Pommel Strike","floor":7,"key":"SMITH"},{"data":"Whirlwind","floor":10,"key":"SMITH"},{"floor":11,"key":"REST"},{"floor":15,"key":"REST"},{"floor":23,"key":"REST"},{"data":"Double Tap","floor":28,"key":"SMITH"},{"data":"True Grit","floor":30,"key":"SMITH"},{"data":"Shrug It Off","floor":32,"key":"SMITH"},{"data":"Flex","floor":40,"key":"SMITH"},{"data":"Double Tap","floor":42,"key":"SMITH"},{"floor":46,"key":"REST"},{"floor":47,"key":"REST"},{"data":"Impervious","floor":49,"key":"SMITH"}],"neow_cost":"NONE","seed_source_timestamp":319934094256295,"circlet_count":0,"master_deck":["Strike_R+1","Strike_R+1","Strike_R+1","Defend_R+1","Defend_R+1","Defend_R+1","Defend_R+1","Pommel Strike+1","Uppercut+1","Anger+1","True Grit+1","Whirlwind+1","Double Tap+1","Impervious+1","Shrug It Off+1","Double Tap+1","Limit Break+1","Spot Weakness+1","Flex+1","Pommel Strike+1"],"relics":["Burning Blood","NeowsBlessing","WingedGreaves","Lantern","Old Coin","Question Card","Busted Crown","Centennial Puzzle","Bottled Lightning","Ginger","MutagenicStrength","Velvet Choker","Whetstone","Singing Bowl"],"potions_floor_usage":[8,33,33,45],"damage_taken":[{"damage":0,"enemies":"Small Slimes","floor":1,"turns":2},{"damage":0,"enemies":"Cultist","floor":3,"turns":1},{"damage":0,"enemies":"2 Louse","floor":5,"turns":1},{"damage":28,"enemies":"Gremlin Nob","floor":6,"turns":4},{"damage":26,"enemies":"3 Sentries","floor":8,"turns":12},{"damage":7,"enemies":"Blue Slaver","floor":14,"turns":4},{"damage":14,"enemies":"Slime Boss","floor":16,"turns":8},{"damage":8,"enemies":"3 Byrds","floor":18,"turns":4},{"damage":2,"enemies":"Shell Parasite","floor":22,"turns":2},{"damage":0,"enemies":"3 Cultists","floor":25,"turns":1},{"damage":12,"enemies":"Centurion and Healer","floor":29,"turns":3},{"damage":32,"enemies":"Automaton","floor":33,"turns":5},{"damage":20,"enemies":"3 Shapes","floor":35,"turns":1},{"damage":1,"enemies":"Orb Walker","floor":39,"turns":3},{"damage":20,"enemies":"4 Shapes","floor":41,"turns":3},{"damage":27,"enemies":"3 Darklings","floor":45,"turns":2},{"damage":48,"enemies":"Donu and Deca","floor":50,"turns":4}],"seed_played":"-3722914975358287916","potions_obtained":[{"floor":1,"key":"Energy Potion"},{"floor":5,"key":"EssenceOfSteel"},{"floor":6,"key":"Energy Potion"},{"floor":16,"key":"FearPotion"},{"floor":18,"key":"Energy Potion"},{"floor":25,"key":"Strength Potion"}],"is_trial":false,"path_per_floor":["M","?","M","?","M","E","R","E","T","R","R","?","$","M","R","B",null,"M","?","?","T","M","R","$","M","T","$","R","M","R","?","R","B",null,"M","$","?","$","M","R","M","R","T","$","M","R","R","?","R","B",null],"character_chosen":"IRONCLAD","items_purchased":["Double Tap","Impervious","Ginger","Flex","Whetstone"],"campfire_rested":5,"item_purchase_floors":[13,13,27,36,36],"current_hp_per_floor":[80,80,80,80,80,58,58,38,38,38,62,62,62,61,80,72,78,76,76,76,76,80,80,80,80,80,80,80,74,74,74,74,48,72,58,58,58,58,63,63,49,49,49,49,30,54,78,78,78,36],"gold":159,"neow_bonus":"THREE_ENEMY_KILL","is_prod":false,"is_daily":false,"chose_seed":false,"campfire_upgraded":8,"win_rate":0,"timestamp":1563739617,"path_taken":["M","?","?","?","M","E","R","E","T","R","R","?","$","?","R","BOSS","M","?","?","?","?","R","$","M","T","?","R","?","R","?","R","BOSS","M","$","?","$","M","R","M","R","T","?","M","R","R","?","R","BOSS"],"build_version":"2019-07-05","purchased_purges":2,"victory":true,"max_hp_per_floor":[80,80,80,80,80,80,80,80,80,80,80,80,80,80,80,80,80,80,80,80,80,80,80,80,80,80,80,80,80,80,80,80,80,80,80,80,80,80,80,80,80,80,80,80,82,82,82,82,82,82],"card_choices":[{"not_picked":["Intimidate","Clash"],"picked":"Pommel Strike","floor":1},{"not_picked":["Clash","Pommel Strike"],"picked":"Uppercut","floor":3},{"not_picked":["Spot Weakness","Pommel Strike"],"picked":"Anger","floor":5},{"not_picked":["Intimidate","Infernal Blade"],"picked":"True Grit","floor":6},{"not_picked":["Inflame","Heavy Blade"],"picked":"Whirlwind","floor":8},{"not_picked":["Clothesline","Rampage","Body Slam"],"picked":"Shrug It Off","floor":14},{"not_picked":["Juggernaut","Barricade","Feed"],"picked":"Double Tap","floor":16},{"not_picked":["Warcry","Second Wind"],"picked":"SKIP","floor":18},{"not_picked":["Wild Strike","Sword Boomerang"],"picked":"SKIP","floor":22},{"not_picked":["Carnage+1","Headbutt"],"picked":"SKIP","floor":25},{"not_picked":["Burning Pact+1","Clothesline"],"picked":"SKIP","floor":29},{"not_picked":["Dark Embrace"],"picked":"Limit Break","floor":33},{"not_picked":["Hemokinesis+1"],"picked":"Spot Weakness+1","floor":35},{"not_picked":["Havoc+1"],"picked":"Pommel Strike+1","floor":39},{"not_picked":["Thunderclap","Rage"],"picked":"SKIP","floor":41},{"not_picked":["Anger","Clothesline"],"picked":"Singing Bowl","floor":45}],"player_experience":73911,"relics_obtained":[{"floor":6,"key":"Lantern"},{"floor":8,"key":"Old Coin"},{"floor":9,"key":"Question Card"},{"floor":21,"key":"Centennial Puzzle"},{"floor":26,"key":"Bottled Lightning"},{"floor":43,"key":"Singing Bowl"}],"event_choices":[{"damage_healed":0,"gold_gain":0,"player_choice":"Gave Potion","damage_taken":0,"relics_obtained":["WingedGreaves"],"max_hp_gain":0,"max_hp_loss":0,"event_name":"WeMeetAgain","floor":2,"gold_loss":0},{"cards_removed":["Strike_R"],"damage_healed":0,"gold_gain":0,"player_choice":"Card Removal","damage_taken":0,"max_hp_gain":0,"max_hp_loss":0,"event_name":"The Cleric","floor":4,"gold_loss":50},{"damage_healed":0,"gold_gain":275,"player_choice":"Desecrate","damage_taken":0,"max_hp_gain":0,"max_hp_loss":0,"event_name":"Golden Shrine","floor":12,"gold_loss":0,"cards_obtained":["Regret"]},{"cards_removed":["Strike_R"],"damage_healed":0,"gold_gain":0,"player_choice":"Gave Gold","damage_taken":0,"max_hp_gain":0,"max_hp_loss":0,"event_name":"Beggar","floor":19,"gold_loss":75},{"damage_healed":0,"gold_gain":0,"player_choice":"Simplicity","damage_taken":0,"max_hp_gain":0,"max_hp_loss":0,"event_name":"Back to Basics","floor":20,"gold_loss":0,"cards_upgraded":["Strike_R","Strike_R","Strike_R","Defend_R","Defend_R","Defend_R","Defend_R"]},{"damage_healed":0,"gold_gain":0,"player_choice":"Inject Mutagens","damage_taken":0,"relics_obtained":["MutagenicStrength"],"max_hp_gain":0,"max_hp_loss":0,"event_name":"Drug Dealer","floor":31,"gold_loss":0},{"damage_healed":0,"gold_gain":0,"player_choice":"Forge","damage_taken":0,"max_hp_gain":0,"max_hp_loss":0,"event_name":"Accursed Blacksmith","floor":37,"gold_loss":0,"cards_upgraded":["Limit Break"]},{"damage_healed":0,"gold_gain":0,"player_choice":"Ignored","damage_taken":0,"max_hp_gain":0,"max_hp_loss":0,"event_name":"Mysterious Sphere","floor":48,"gold_loss":0}],"is_beta":false,"boss_relics":[{"not_picked":["Mark of Pain","Runic Dome"],"picked":"Busted Crown"},{"not_picked":["Eternal Feather","Runic Pyramid"],"picked":"Velvet Choker"}],"items_purged_floors":[13,24],"is_endless":false,"potions_floor_spawned":[1,5,6,16,18,25],"ascension_level":5}