{"gold_per_floor":[311,311,24,37,37,37,37,37,37,52,52,52,68,96,96,167,167,181,181,161,32,0,0,27,27,27,39,51],"floor_reached":28,"playtime":796,"items_purged":["Strike_B"],"score":460,"play_id":"cb0dc032-0fd0-4dc8-a420-989da6576634","local_time":"20190714113642","is_ascension_mode":true,"campfire_choices":[{"data":"Dualcast","floor":6.0,"key":"SMITH"},{"data":"Genetic Algorithm","floor":12.0,"key":"SMITH"},{"data":"Go for the Eyes","floor":15.0,"key":"SMITH"},{"data":"Beam Cell","floor":23.0,"key":"SMITH"},{"floor":25,"key":"REST"},{"data":"Coolheaded","floor":27,"key":"SMITH"}],"neow_cost":"NO_GOLD","seed_source_timestamp":465071057878115,"circlet_count":0,"master_deck":["AscendersBane","Strike_B","Strike_B","Defend_B","Defend_B","Defend_B","Defend_B","Zap","Dualcast+1","Ball Lightning","Genetic Algorithm+1","Steam","Go for the Eyes+1","Beam Cell+1","Coolheaded+1","Barrage"],"special_seed":0,"relics":["Cracked Core","Old Coin","Kunai","Darkstone Periapt","PreservedInsect","Singing Bowl","Nuclear Battery","Frozen Egg 2","MawBank"],"potions_floor_usage":[24,24,24,24],"damage_taken":[{"damage":0.0,"enemies":"Cultist","floor":1.0,"turns":3.0},{"damage":8.0,"enemies":"Small Slimes","floor":4.0,"turns":3.0},{"damage":1.0,"enemies":"2 Louse","floor":10.0,"turns":3.0},{"damage":6.0,"enemies":"2 Fungi Beasts","floor":13.0,"turns":4.0},{"damage":4.0,"enemies":"Gremlin Nob","floor":14.0,"turns":3.0},{"damage":30.0,"enemies":"The Guardian","floor":16.0,"turns":13.0},{"damage":19.0,"enemies":"Spheric Guardian","floor":18.0,"turns":6.0},{"damage":9.0,"enemies":"2 Thieves","floor":22.0,"turns":4.0},{"damage":18,"enemies":"Book of Stabbing","floor":24,"turns":4},{"damage":31,"enemies":"Sentry and Sphere","floor":28,"turns":6}],"seed_played":"-2197009677926316995","potions_obtained":[{"floor":10.0,"key":"Dexterity Potion"},{"floor":13.0,"key":"Weak Potion"},{"floor":14.0,"key":"Explosive Potion"},{"floor":18.0,"key":"Explosive Potion"},{"floor":20.0,"key":"EntropicBrew"}],"is_trial":false,"path_per_floor":["M","?","$","M","?","R","?","T","T","M","?","R","M","E","R","B",null,"M","?","?","$","M","R","E","R","T","R","M"],"character_chosen":"DEFECT","items_purchased":["Kunai","Coolheaded"],"campfire_rested":1,"item_purchase_floors":[3,21],"current_hp_per_floor":[64,64,64,56,56,56,56,56,56,55,55,55,49,47,47,19,61,42,42,42,42,35,35,17,40,40,40,9],"gold":51,"neow_bonus":"ONE_RARE_RELIC","is_prod":false,"is_daily":false,"chose_seed":false,"campfire_upgraded":5,"win_rate":0,"timestamp":1563071802,"path_taken":["M","?","$","M","?","R","?","?","T","M","?","R","M","E","R","BOSS","M","?","?","$","M","R","E","R","T","R","?"],"build_version":"2019-07-05","purchased_purges":1,"victory":false,"max_hp_per_floor":[71,71,71,71,71,71,71,71,71,71,71,71,71,73,73,75,75,75,75,75,75,77,77,77,77,77,77,77],"card_choices":[{"not_picked":["Compile Driver","Redo"],"picked":"Ball Lightning","floor":1.0},{"not_picked":["Static Discharge","Auto Shields"],"picked":"Genetic Algorithm","floor":4.0},{"not_picked":["Capacitor","Chaos"],"picked":"Steam","floor":10.0},{"not_picked":["Barrage","Storm"],"picked":"Go for the Eyes","floor":13.0},{"not_picked":["Turbo","Redo","BootSequence"],"picked":"Singing Bowl","floor":14.0},{"not_picked":["Meteor Strike","Reboot","Multi-Cast"],"picked":"Singing Bowl","floor":16.0},{"not_picked":["Hologram","Coolheaded"],"picked":"Beam Cell","floor":18.0},{"not_picked":["Barrage","Stack","Glacier"],"picked":"Singing Bowl","floor":22.0},{"not_picked":["Ball Lightning","Tempest"],"picked":"Barrage","floor":24}],"player_experience":984249,"relics_obtained":[{"floor":8.0,"key":"Darkstone Periapt"},{"floor":9.0,"key":"PreservedInsect"},{"floor":14.0,"key":"Singing Bowl"},{"floor":24,"key":"Frozen Egg 2"},{"floor":26,"key":"MawBank"}],"event_choices":[{"damage_healed":0.0,"max_hp_gain":0.0,"max_hp_loss":0.0,"gold_gain":0.0,"event_name":"Shining Light","player_choice":"Ignored","floor":2.0,"gold_loss":0.0,"damage_taken":0.0},{"damage_healed":0.0,"max_hp_gain":0.0,"max_hp_loss":0.0,"gold_gain":0.0,"event_name":"Liars Game","player_choice":"Ignored","floor":5.0,"gold_loss":0.0,"damage_taken":0.0},{"damage_healed":0.0,"max_hp_gain":0.0,"max_hp_loss":0.0,"gold_gain":0.0,"event_name":"The Cleric","player_choice":"Leave","floor":7.0,"gold_loss":0.0,"damage_taken":0.0},{"cards_removed":["Strike_B"],"damage_healed":0.0,"max_hp_gain":0.0,"max_hp_loss":0.0,"gold_gain":0.0,"event_name":"Purifier","player_choice":"Purged","floor":11.0,"gold_loss":0.0,"damage_taken":0.0},{"damage_healed":0.0,"max_hp_gain":0.0,"max_hp_loss":0.0,"gold_gain":0.0,"event_name":"Ghosts","player_choice":"Ignored","floor":19.0,"gold_loss":0.0,"damage_taken":0.0},{"damage_healed":0.0,"max_hp_gain":0.0,"max_hp_loss":0.0,"gold_gain":0.0,"event_name":"The Woman in Blue","player_choice":"Bought 1 Potion","floor":20.0,"gold_loss":0.0,"damage_taken":0.0}],"is_beta":false,"boss_relics":[{"not_picked":["Runic Dome","Philosopher\u0027s Stone"],"picked":"Nuclear Battery"}],"items_purged_floors":[21],"is_endless":false,"potions_floor_spawned":[10,13,14,18],"killed_by":"Sentry and Sphere","ascension_level":20}