{"gold_per_floor":[110,110,121,139,153,153,173,198,244,273,334,369,369,294,294,370,370,386,398,298,317,111,111,129,129,129,149,164,164,14,114,114,191,191,211,211,228,51,51,51,63,83,83,83,97,112,130,141,141,141],"floor_reached":51,"playtime":3432,"items_purged":["Strike_R","Strike_R","Strike_R","Writhe"],"score":1203,"play_id":"b49fd560-c9e5-42ed-8a37-1868e70bdc0a","local_time":"20190727153056","is_ascension_mode":true,"campfire_choices":[{"data":"Whirlwind","floor":6.0,"key":"SMITH"},{"data":"Pommel Strike","floor":13.0,"key":"SMITH"},{"floor":15.0,"key":"REST"},{"data":"Barricade","floor":23.0,"key":"SMITH"},{"data":"Shrug It Off","floor":25.0,"key":"SMITH"},{"floor":32.0,"key":"REST"},{"data":"Limit Break","floor":40,"key":"SMITH"},{"data":"Strike_R","floor":44,"key":"PURGE"},{"floor":49,"key":"REST"}],"neow_cost":"NONE","seed_source_timestamp":845424994262667,"circlet_count":0,"master_deck":["AscendersBane","Strike_R","Defend_R","Defend_R","Defend_R","Defend_R","Bash","Pommel Strike+1","Whirlwind+1","Shrug It Off+1","Inflame","Armaments","Iron Wave","Feed","Ghostly Armor","Exhume","Flame Barrier+1","Flex","Thunderclap","Barricade+1","Juggernaut","Body Slam+1","Feel No Pain","Limit Break+1","Body Slam+1","Body Slam+1","Double Tap","Shrug It Off","Impervious","Body Slam+1","Inflame+1","Burning Pact","Offering"],"special_seed":0,"relics":["Burning Blood","NeowsBlessing","Red Skull","Gremlin Horn","Vajra","Odd Mushroom","Oddly Smooth Stone","Pear","Sozu","Pen Nib","Dead Branch","Ginger","Molten Egg 2","Mark of Pain","Peace Pipe"],"potions_floor_usage":[48],"damage_taken":[{"damage":0.0,"enemies":"Cultist","floor":1.0,"turns":1.0},{"damage":0.0,"enemies":"Small Slimes","floor":3.0,"turns":1.0},{"damage":0.0,"enemies":"2 Louse","floor":4.0,"turns":1.0},{"damage":41.0,"enemies":"Large Slime","floor":5.0,"turns":10.0},{"damage":11.0,"enemies":"Looter","floor":7.0,"turns":2.0},{"damage":12.0,"enemies":"Gremlin Nob","floor":8.0,"turns":3.0},{"damage":20.0,"enemies":"The Mushroom Lair","floor":10.0,"turns":3.0},{"damage":16.0,"enemies":"Gremlin Nob","floor":11.0,"turns":3.0},{"damage":10.0,"enemies":"3 Sentries","floor":12.0,"turns":5.0},{"damage":38.0,"enemies":"Slime Boss","floor":16.0,"turns":6.0},{"damage":10.0,"enemies":"Spheric Guardian","floor":18.0,"turns":4.0},{"damage":7.0,"enemies":"Shell Parasite","floor":19.0,"turns":6.0},{"damage":23.0,"enemies":"Snake Plant","floor":21.0,"turns":5.0},{"damage":10.0,"enemies":"Shelled Parasite and Fungi","floor":24.0,"turns":9.0},{"damage":18.0,"enemies":"Chosen and Byrds","floor":27.0,"turns":5.0},{"damage":30.0,"enemies":"Snake Plant","floor":28.0,"turns":4.0},{"damage":16.0,"enemies":"Colosseum Slavers","floor":31.0,"turns":3.0},{"damage":0.0,"enemies":"Colosseum Nobs","floor":31.0,"turns":1.0},{"damage":29.0,"enemies":"Collector","floor":33.0,"turns":6.0},{"damage":34.0,"enemies":"3 Darklings","floor":35.0,"turns":4.0},{"damage":0,"enemies":"3 Shapes","floor":37,"turns":2},{"damage":26,"enemies":"Maw","floor":41,"turns":7},{"damage":0,"enemies":"Jaw Worm Horde","floor":42,"turns":1},{"damage":0,"enemies":"Sphere and 2 Shapes","floor":45,"turns":4},{"damage":34,"enemies":"4 Shapes","floor":46,"turns":3},{"damage":0,"enemies":"Writhing Mass","floor":47,"turns":3},{"damage":57,"enemies":"Transient","floor":48,"turns":5},{"damage":38,"enemies":"Awakened One","floor":50,"turns":9}],"seed_played":"9188371204318406182","potions_obtained":[{"floor":3.0,"key":"BloodPotion"},{"floor":4.0,"key":"Weak Potion"},{"floor":10.0,"key":"BloodPotion"}],"is_trial":false,"path_per_floor":["M","?","M","M","M","R","M","E","T","?","?","E","R","$","R","B",null,"M","M","$","M","$","R","M","R","T","M","M","?","$","?","R","B",null,"M","?","M","$","$","R","M","M","T","R","M","M","M","M","R","B",null],"character_chosen":"IRONCLAD","items_purchased":["Barricade","Impervious"],"campfire_rested":3,"item_purchase_floors":[22,38],"current_hp_per_floor":[74,63,69,75,40,40,35,29,29,33,23,32,32,32,58,29,76,72,71,71,57,57,57,56,56,56,50,26,26,26,25,56,33,88,60,60,66,66,66,66,46,52,52,52,61,36,42,19,52,20],"gold":141,"neow_bonus":"THREE_ENEMY_KILL","is_prod":false,"is_daily":false,"chose_seed":false,"campfire_upgraded":5,"win_rate":0,"timestamp":1564266656,"path_taken":["M","?","M","M","M","R","M","E","T","?","?","E","R","$","R","BOSS","M","M","$","M","$","R","M","R","T","M","M","?","$","?","R","BOSS","M","?","?","?","$","R","M","?","T","R","M","M","?","M","R","BOSS"],"build_version":"2019-07-18","purchased_purges":4,"victory":true,"max_hp_per_floor":[75,75,75,75,75,75,75,75,75,75,75,88,88,88,88,91,91,91,91,91,94,94,94,97,97,97,103,103,103,103,106,106,106,106,106,106,106,106,106,106,106,106,106,106,109,112,112,112,112,112],"card_choices":[{"not_picked":["Perfected Strike","Shrug It Off"],"picked":"Pommel Strike","floor":1.0},{"not_picked":["Clash","Infernal Blade","Blood for Blood"],"picked":"SKIP","floor":3.0},{"not_picked":["Heavy Blade","Wild Strike"],"picked":"Whirlwind","floor":4.0},{"not_picked":["Whirlwind","Headbutt"],"picked":"Shrug It Off","floor":5.0},{"not_picked":["Iron Wave","Shrug It Off"],"picked":"Inflame","floor":7.0},{"not_picked":["Burning Pact","Wild Strike"],"picked":"Armaments","floor":8.0},{"not_picked":["Twin Strike","Heavy Blade"],"picked":"Iron Wave","floor":10.0},{"not_picked":["Dual Wield","Whirlwind"],"picked":"Feed","floor":11.0},{"not_picked":["Whirlwind","Clash"],"picked":"Ghostly Armor","floor":12.0},{"not_picked":["Brutality","Berserk"],"picked":"Exhume","floor":16.0},{"not_picked":["Cleave","Twin Strike"],"picked":"Flame Barrier+1","floor":18.0},{"not_picked":["Armaments","Iron Wave"],"picked":"Flex","floor":19.0},{"not_picked":["Body Slam","Wild Strike"],"picked":"Thunderclap","floor":21.0},{"not_picked":["Twin Strike","Anger"],"picked":"Juggernaut","floor":24.0},{"not_picked":["Twin Strike","Wild Strike","Intimidate"],"picked":"SKIP","floor":27.0},{"not_picked":["Fire Breathing","Flex"],"picked":"Body Slam+1","floor":28.0},{"not_picked":["Disarm","Wild Strike"],"picked":"Feel No Pain","floor":31.0},{"not_picked":["Reaper+1","Immolate+1"],"picked":"Limit Break","floor":33.0},{"not_picked":["Headbutt+1","Warcry+1"],"picked":"Body Slam+1","floor":35.0},{"not_picked":["True Grit","Perfected Strike+1"],"picked":"Shrug It Off","floor":37},{"not_picked":["Warcry","Clash+1","Iron Wave+1"],"picked":"SKIP","floor":41},{"not_picked":["Cleave+1","Wild Strike+1"],"picked":"Body Slam+1","floor":42},{"not_picked":["Clothesline+1","Cleave+1"],"picked":"Inflame+1","floor":45},{"not_picked":["Twin Strike+1","Wild Strike+1"],"picked":"Burning Pact","floor":46},{"not_picked":["Pummel+1","Warcry+1"],"picked":"Offering","floor":47},{"not_picked":["Whirlwind+1","Pommel Strike+1","Thunderclap+1"],"picked":"SKIP","floor":48}],"player_experience":226391,"relics_obtained":[{"floor":8.0,"key":"Gremlin Horn"},{"floor":9.0,"key":"Vajra"},{"floor":10.0,"key":"Odd Mushroom"},{"floor":11.0,"key":"Oddly Smooth Stone"},{"floor":12.0,"key":"Pear"},{"floor":26.0,"key":"Pen Nib"},{"floor":31.0,"key":"Ginger"},{"floor":31.0,"key":"Molten Egg 2"},{"floor":43,"key":"Peace Pipe"}],"event_choices":[{"damage_healed":0.0,"max_hp_gain":0.0,"max_hp_loss":0.0,"gold_gain":0.0,"event_name":"Scrap Ooze","player_choice":"Success","floor":2.0,"gold_loss":0.0,"damage_taken":11.0,"relics_obtained":["Red Skull"]},{"damage_healed":0.0,"max_hp_gain":0.0,"max_hp_loss":0.0,"gold_gain":0.0,"event_name":"Mushrooms","player_choice":"Fought Mushrooms","floor":10.0,"gold_loss":0.0,"damage_taken":0.0},{"damage_healed":0.0,"max_hp_gain":0.0,"max_hp_loss":0.0,"gold_gain":0.0,"event_name":"Dead Adventurer","player_choice":"Searched \u00271\u0027 times","floor":11.0,"gold_loss":0.0,"damage_taken":0.0},{"damage_healed":0.0,"max_hp_gain":0.0,"max_hp_loss":0.0,"gold_gain":0.0,"event_name":"The Mausoleum","player_choice":"Opened","floor":29.0,"gold_loss":0.0,"damage_taken":0.0,"relics_obtained":["Dead Branch"],"cards_obtained":["Writhe"]},{"damage_healed":0.0,"max_hp_gain":0.0,"max_hp_loss":0.0,"gold_gain":0.0,"event_name":"Colosseum","player_choice":"Fight","floor":31.0,"gold_loss":0.0,"damage_taken":0.0},{"damage_healed":0.0,"max_hp_gain":0.0,"max_hp_loss":0.0,"gold_gain":0.0,"event_name":"Colosseum","player_choice":"Fought Nobs","floor":31.0,"gold_loss":0.0,"damage_taken":0.0},{"damage_healed":0,"gold_gain":0,"player_choice":"2 cards matched","damage_taken":0,"max_hp_gain":0,"max_hp_loss":0,"event_name":"Match and Keep!","floor":36,"gold_loss":0,"cards_obtained":["Body Slam","Double Tap"]}],"is_beta":true,"boss_relics":[{"not_picked":["Pandora\u0027s Box","Calling Bell"],"picked":"Sozu"},{"not_picked":["Astrolabe","Coffee Dripper"],"picked":"Mark of Pain"}],"items_purged_floors":[14,20,22,30],"is_endless":false,"potions_floor_spawned":[3,4,7,10,19,24,31,31,35,37,46,47,48],"ascension_level":16}