{"gold_per_floor":[115,30,105,118,43,43,78,78,78,103,103,28,45,56,56,56],"floor_reached":16,"playtime":397,"items_purged":["Strike_B"],"score":259,"play_id":"4234f18b-6223-4d9d-98fd-a56d0272aead","local_time":"20190222221246","is_ascension_mode":true,"campfire_choices":[{"data":"Zap","floor":6.0,"key":"SMITH"},{"data":"Dualcast","floor":11,"key":"SMITH"},{"data":"Genetic Algorithm","floor":15,"key":"SMITH"}],"neow_cost":"NONE","seed_source_timestamp":1351905039500221,"circlet_count":0,"master_deck":["AscendersBane","Strike_B","Strike_B","Defend_B","Defend_B","Defend_B","Defend_B","Zap+1","Dualcast+1","Ball Lightning","Self Repair","Conserve Battery","Genetic Algorithm+1"],"special_seed":0,"relics":["Cracked Core","NeowsBlessing","Vajra","Letter Opener"],"potions_floor_usage":[],"damage_taken":[{"damage":0.0,"enemies":"Small Slimes","floor":1.0,"turns":1.0},{"damage":0.0,"enemies":"2 Louse","floor":4.0,"turns":1.0},{"damage":0.0,"enemies":"Lagavulin","floor":7.0,"turns":1.0},{"damage":35,"enemies":"3 Sentries","floor":10,"turns":7},{"damage":0,"enemies":"Cultist","floor":13,"turns":3},{"damage":3,"enemies":"Large Slime","floor":14,"turns":5},{"damage":37,"enemies":"Hexaghost","floor":16,"turns":7}],"seed_played":"6138857630320090273","potions_obtained":[{"floor":7.0,"key":"SmokeBomb"},{"floor":10,"key":"Explosive Potion"}],"is_trial":false,"path_per_floor":["M","$","?","M","?","R","E","?","T","E","R","$","M","M","R","B"],"character_chosen":"DEFECT","items_purchased":["Self Repair"],"campfire_rested":0,"item_purchase_floors":[2],"current_hp_per_floor":[64,64,53,53,53,53,53,53,53,25,25,25,32,36,36,0],"gold":56,"neow_bonus":"THREE_ENEMY_KILL","is_prod":false,"is_daily":false,"chose_seed":false,"campfire_upgraded":3,"win_rate":0,"timestamp":1550869966,"path_taken":["M","$","?","M","?","R","E","?","T","E","R","$","M","M","R","BOSS"],"build_version":"2019-01-23","purchased_purges":1,"victory":false,"max_hp_per_floor":[71,71,71,71,71,71,71,71,71,71,71,71,71,71,71,71],"card_choices":[{"not_picked":["Heatsinks","Steam"],"picked":"Ball Lightning","floor":1.0},{"not_picked":["Chaos","Cold Snap"],"picked":"Conserve Battery","floor":4.0},{"not_picked":["Undo","Cold Snap","Consume"],"picked":"SKIP","floor":7.0},{"not_picked":["Hologram","Storm","Go for the Eyes"],"picked":"SKIP","floor":10},{"not_picked":["Go for the Eyes","Rip and Tear"],"picked":"Genetic Algorithm","floor":13},{"not_picked":["Genetic Algorithm","Streamline","Rebound"],"picked":"SKIP","floor":14}],"player_experience":868572,"relics_obtained":[{"floor":7.0,"key":"Vajra"},{"floor":10,"key":"Letter Opener"}],"event_choices":[{"damage_healed":0.0,"max_hp_gain":0.0,"max_hp_loss":0.0,"gold_gain":75.0,"event_name":"World of Goop","player_choice":"Gather Gold","floor":3.0,"gold_loss":0.0,"damage_taken":11.0},{"cards_removed":["Strike_B"],"damage_healed":0.0,"max_hp_gain":0.0,"max_hp_loss":0.0,"gold_gain":0.0,"event_name":"The Cleric","player_choice":"Card Removal","floor":5.0,"gold_loss":75.0,"damage_taken":0.0},{"damage_healed":0,"gold_gain":0,"player_choice":"Fled","damage_taken":0,"max_hp_gain":0,"max_hp_loss":0,"event_name":"Scrap Ooze","floor":8,"gold_loss":0}],"is_beta":false,"boss_relics":[],"items_purged_floors":[12],"is_endless":false,"potions_floor_spawned":[7,10],"killed_by":"Hexaghost","ascension_level":19}