{"gold_per_floor":[118,136,146,160,177,177,177,194,194,228,239,239,251,33,33,138,138,157,57,156,71,71,71,71,71,71,88,107,119,119,139,139,139],"floor_reached":33,"playtime":1498,"items_purged":["Strike_R","Strike_R"],"score":276,"play_id":"7fb0cd57-d406-47f5-a439-e4bb2bcef6d3","local_time":"20190413181357","is_ascension_mode":false,"campfire_choices":[{"data":"Body Slam","floor":6,"key":"SMITH"},{"data":"Seeing Red","floor":12,"key":"SMITH"},{"data":"Entrench","floor":15,"key":"SMITH"},{"floor":23,"key":"RECALL"},{"data":"Juggernaut","floor":25,"key":"SMITH"},{"data":"Body Slam","floor":32,"key":"SMITH"}],"neow_cost":"TEN_PERCENT_HP_LOSS","seed_source_timestamp":254219311159574,"circlet_count":0,"master_deck":["Strike_R","Strike_R","Strike_R","Defend_R","Defend_R+1","Defend_R","Defend_R","Bash","Headbutt","Warcry","Body Slam+1","Inflame","Cleave","Deep Breath+1","Seeing Red+1","Entrench+1","Blind","Juggernaut+1","Armaments+1","J.A.X.","Necronomicurse","Dual Wield","Warcry+1","Entrench","Writhe","Body Slam+1"],"relics":["Burning Blood","Mango","Matryoshka","War Paint","Runic Pyramid","Meat on the Bone","Necronomicon","Mercury Hourglass","FossilizedHelix","Smiling Mask"],"potions_floor_usage":[10,10,16,16,33,33],"damage_taken":[{"damage":5,"enemies":"Small Slimes","floor":1,"turns":3},{"damage":6,"enemies":"Cultist","floor":2,"turns":3},{"damage":10,"enemies":"2 Louse","floor":3,"turns":3},{"damage":19,"enemies":"Large Slime","floor":4,"turns":6},{"damage":0,"enemies":"Exordium Wildlife","floor":5,"turns":5},{"damage":14,"enemies":"2 Fungi Beasts","floor":8,"turns":3},{"damage":0,"enemies":"Lagavulin","floor":10,"turns":3},{"damage":24,"enemies":"3 Louse","floor":11,"turns":3},{"damage":5,"enemies":"Looter","floor":13,"turns":3},{"damage":55,"enemies":"The Guardian","floor":16,"turns":15},{"damage":10,"enemies":"Chosen","floor":18,"turns":5},{"damage":23,"enemies":"3 Byrds","floor":27,"turns":5},{"damage":14,"enemies":"Centurion and Healer","floor":28,"turns":6},{"damage":0,"enemies":"Snecko","floor":29,"turns":4},{"damage":15,"enemies":"Cultist and Chosen","floor":31,"turns":6},{"damage":63,"enemies":"Collector","floor":33,"turns":5}],"seed_played":"5668121812839929960","potions_obtained":[{"floor":2,"key":"Weak Potion"},{"floor":3,"key":"AttackPotion"},{"floor":5,"key":"LiquidBronze"},{"floor":8,"key":"SkillPotion"},{"floor":28,"key":"LiquidBronze"},{"floor":31,"key":"PowerPotion"}],"is_trial":false,"path_per_floor":["M","M","M","M","M","R","?","M","T","E","M","R","M","$","R","B",null,"M","$","?","?","?","R","?","R","T","M","M","M","?","M","R","B"],"character_chosen":"IRONCLAD","items_purchased":["PowerPotion","Blind"],"campfire_rested":0,"item_purchase_floors":[14,14],"current_hp_per_floor":[86,86,82,69,75,75,75,67,67,73,55,55,56,56,56,7,86,82,82,82,82,82,82,66,66,66,61,53,59,59,50,50,0],"gold":139,"neow_bonus":"ONE_RARE_RELIC","is_prod":false,"is_daily":false,"chose_seed":false,"campfire_upgraded":5,"win_rate":0,"timestamp":1555197237,"path_taken":["M","M","M","M","M","R","?","M","T","E","M","R","?","$","R","BOSS","M","$","?","?","?","R","?","R","T","?","M","M","?","M","R","BOSS"],"build_version":"2019-01-23","purchased_purges":2,"victory":false,"max_hp_per_floor":[86,86,86,86,86,86,86,86,86,86,86,86,86,86,86,86,86,86,86,86,86,86,86,86,86,86,86,86,86,86,86,86,86],"card_choices":[{"not_picked":["Perfected Strike","Clothesline"],"picked":"Headbutt","floor":1},{"not_picked":["Pommel Strike","Twin Strike"],"picked":"Warcry","floor":2},{"not_picked":["Disarm","Twin Strike"],"picked":"Body Slam","floor":3},{"not_picked":["Thunderclap","Iron Wave"],"picked":"Inflame","floor":4},{"not_picked":["Feel No Pain","Wild Strike"],"picked":"Cleave","floor":5},{"not_picked":["Iron Wave","Disarm","Sword Boomerang"],"picked":"SKIP","floor":8},{"not_picked":["Anger","Immolate"],"picked":"Seeing Red","floor":10},{"not_picked":["Flame Barrier","Heavy Blade","Twin Strike"],"picked":"SKIP","floor":11},{"not_picked":["Sword Boomerang","Heavy Blade"],"picked":"Entrench","floor":13},{"not_picked":["Limit Break","Berserk"],"picked":"Juggernaut","floor":16},{"not_picked":["Heavy Blade","Warcry"],"picked":"Armaments+1","floor":18},{"not_picked":["Cleave","True Grit+1"],"picked":"Dual Wield","floor":27},{"not_picked":["Battle Trance","Uppercut"],"picked":"Warcry+1","floor":28},{"not_picked":["Wild Strike+1","Metallicize"],"picked":"Entrench","floor":29},{"not_picked":["Headbutt","Perfected Strike+1"],"picked":"Body Slam","floor":31}],"player_experience":757005,"relics_obtained":[{"floor":9,"key":"Matryoshka"},{"floor":10,"key":"War Paint"},{"floor":24,"key":"Necronomicon"},{"floor":26,"key":"Mercury Hourglass"},{"floor":26,"key":"FossilizedHelix"}],"event_choices":[{"damage_healed":0,"gold_gain":0,"player_choice":"1 cards matched","damage_taken":0,"max_hp_gain":0,"max_hp_loss":0,"event_name":"Match and Keep!","floor":7,"gold_loss":0,"cards_obtained":["Deep Breath"]},{"damage_healed":0,"gold_gain":99,"player_choice":"Stole From Cult","damage_taken":0,"max_hp_gain":0,"max_hp_loss":0,"event_name":"Nest","floor":20,"gold_loss":0},{"damage_healed":0,"gold_gain":0,"player_choice":"Obtained Relic","damage_taken":0,"relics_obtained":["Meat on the Bone"],"max_hp_gain":0,"max_hp_loss":0,"event_name":"Addict","floor":21,"gold_loss":85},{"damage_healed":0,"gold_gain":0,"player_choice":"Obtain J.A.X.","damage_taken":0,"max_hp_gain":0,"max_hp_loss":0,"event_name":"Drug Dealer","floor":22,"gold_loss":0,"cards_obtained":["J.A.X."]},{"damage_healed":0,"gold_gain":0,"player_choice":"Obtained Book","damage_taken":16,"max_hp_gain":0,"max_hp_loss":0,"event_name":"Cursed Tome","floor":24,"gold_loss":0},{"damage_healed":0,"gold_gain":0,"player_choice":"Opened","damage_taken":0,"relics_obtained":["Smiling Mask"],"max_hp_gain":0,"max_hp_loss":0,"event_name":"The Mausoleum","floor":30,"gold_loss":0,"cards_obtained":["Writhe"]}],"is_beta":false,"boss_relics":[{"not_picked":["Fusion Hammer","Mark of Pain"],"picked":"Runic Pyramid"}],"items_purged_floors":[14,19],"is_endless":false,"potions_floor_spawned":[2,3,5,8,28,31],"killed_by":"Collector","ascension_level":0}