{"gold_per_floor":[116,129,143,143,158,158,158,187,187,213,60,60,77,2,2,104,104,122,136,36,36,36,36,64,64,89,123,123,123,136,153,153,249,299,313,331,331,345,345,357,390,612,612,629,703,26,26,46,46,46,46,46,46,79,79],"floor_reached":55,"playtime":1727,"items_purged":["Strike_B","Strike_B"],"score":788,"play_id":"e60c506f-6b9a-48aa-a2e1-5b9b9042da07","local_time":"20190725170657","is_ascension_mode":true,"campfire_choices":[{"data":"Zap","floor":6,"key":"SMITH"},{"data":"Beam Cell","floor":12,"key":"SMITH"},{"data":"Defragment","floor":15,"key":"SMITH"},{"data":"Dualcast","floor":23,"key":"SMITH"},{"data":"Go for the Eyes","floor":25,"key":"SMITH"},{"data":"Defragment","floor":28,"key":"SMITH"},{"floor":32,"key":"REST"},{"data":"Biased Cognition","floor":47,"key":"SMITH"},{"floor":49,"key":"RECALL"},{"data":"Defragment","floor":52,"key":"SMITH"}],"neow_cost":"NONE","seed_source_timestamp":95093073441988,"circlet_count":0,"master_deck":["Strike_B+1","Defend_B+1","Defend_B+1","Defend_B+1","Defend_B+1","Zap+1","Dualcast+1","Coolheaded","Defragment+1","Go for the Eyes+1","Sweeping Beam+1","Beam Cell+1","Defragment+1","Go for the Eyes+1","Electrodynamics+1","Streamline+1","Gash+1","Gash+1","Streamline+1","Darkness","Cold Snap+1","Biased Cognition+1","Doom and Gloom+1","Defragment+1","Hologram+1","Lockon+1","All For One+1","FTL+1","Gash+1","Storm"],"relics":["Nuclear Battery","Kunai","Molten Egg 2","Ornamental Fan","Oddly Smooth Stone","Philosopher\u0027s Stone","Ancient Tea Set","Whetstone","Red Mask","Tiny House","Potion Belt","Bottled Flame","Vajra","Pantograph","Medical Kit","Orichalcum"],"potions_floor_usage":[10,31,31,50,50,54,55],"damage_taken":[{"damage":0,"enemies":"Cultist","floor":1,"turns":4},{"damage":3,"enemies":"Jaw Worm","floor":2,"turns":4},{"damage":6,"enemies":"2 Louse","floor":3,"turns":3},{"damage":2,"enemies":"Blue Slaver","floor":5,"turns":5},{"damage":0,"enemies":"Lagavulin","floor":8,"turns":5},{"damage":16,"enemies":"3 Sentries","floor":10,"turns":7},{"damage":7,"enemies":"Exordium Wildlife","floor":13,"turns":5},{"damage":3,"enemies":"Hexaghost","floor":16,"turns":11},{"damage":9,"enemies":"3 Byrds","floor":18,"turns":2},{"damage":7,"enemies":"Spheric Guardian","floor":19,"turns":4},{"damage":26,"enemies":"Gremlin Leader","floor":24,"turns":5},{"damage":10,"enemies":"Masked Bandits","floor":27,"turns":3},{"damage":20,"enemies":"Snake Plant","floor":30,"turns":4},{"damage":6,"enemies":"Centurion and Healer","floor":31,"turns":5},{"damage":0,"enemies":"Champ","floor":33,"turns":9},{"damage":0,"enemies":"Orb Walker","floor":35,"turns":3},{"damage":11,"enemies":"3 Darklings","floor":36,"turns":3},{"damage":6,"enemies":"Transient","floor":38,"turns":5},{"damage":8,"enemies":"Jaw Worm Horde","floor":40,"turns":5},{"damage":9,"enemies":"Reptomancer","floor":41,"turns":5},{"damage":8,"enemies":"3 Darklings","floor":44,"turns":3},{"damage":0,"enemies":"Spire Growth","floor":48,"turns":2},{"damage":63,"enemies":"Time Eater","floor":50,"turns":10},{"damage":41,"enemies":"Shield and Spear","floor":54,"turns":4},{"damage":76,"enemies":"The Heart","floor":55,"turns":3}],"seed_played":"-1100974967978422082","potions_obtained":[{"floor":3,"key":"Fire Potion"},{"floor":10,"key":"PowerPotion"},{"floor":18,"key":"Ancient Potion"},{"floor":24,"key":"Explosive Potion"},{"floor":33,"key":"LiquidBronze"},{"floor":34,"key":"LiquidBronze"},{"floor":36,"key":"Fire Potion"},{"floor":41,"key":"FearPotion"}],"is_trial":false,"path_per_floor":["M","M","M","?","M","R","?","E","T","E","$","R","M","$","R","B",null,"M","M","$","?","?","R","E","R","T","?","R","?","M","M","R","B",null,"M","M","?","M","?","M","E","?","T","M","T","$","R","M","R","B",null,"R","$","E","B"],"character_chosen":"DEFECT","items_purchased":["Oddly Smooth Stone","Vajra","Pantograph","Medical Kit","FTL+1"],"campfire_rested":1,"item_purchase_floors":[11,46,46,46,46],"current_hp_per_floor":[75,72,66,71,69,69,53,53,53,37,37,37,30,30,30,27,80,71,64,64,64,64,64,38,38,38,28,28,28,8,2,26,26,85,85,74,74,68,68,60,51,51,51,43,43,43,43,43,43,5,81,81,81,40,0],"gold":79,"neow_bonus":"BOSS_RELIC","is_prod":false,"is_daily":false,"chose_seed":false,"campfire_upgraded":8,"win_rate":0,"timestamp":1564092417,"path_taken":["M","M","?","?","M","R","?","E","T","E","$","R","M","?","R","BOSS","M","M","$","?","?","R","E","R","T","?","R","?","M","M","R","BOSS","M","?","?","M","?","?","E","?","T","M","?","$","R","M","R","BOSS","R","$","E","BOSS"],"build_version":"2019-07-17","purchased_purges":2,"victory":false,"max_hp_per_floor":[75,75,75,80,80,80,80,80,80,80,80,80,80,80,80,80,80,80,80,80,80,80,80,80,80,80,80,80,80,80,80,80,80,85,85,85,81,81,81,81,81,81,81,81,81,81,81,81,81,81,81,81,81,81,81],"card_choices":[{"not_picked":["Stack","Static Discharge"],"picked":"Coolheaded","floor":1},{"not_picked":["Barrage","BootSequence"],"picked":"Defragment","floor":2},{"not_picked":["Gash","Steam"],"picked":"Go for the Eyes","floor":3},{"not_picked":["Gash","Beam Cell"],"picked":"Sweeping Beam","floor":5},{"not_picked":["Turbo","Rip and Tear"],"picked":"Beam Cell","floor":8},{"not_picked":["Undo","Coolheaded"],"picked":"Defragment","floor":10},{"not_picked":["Turbo","Static Discharge"],"picked":"Go for the Eyes+1","floor":13},{"not_picked":["Amplify","Hyperbeam+1"],"picked":"Electrodynamics","floor":16},{"not_picked":["Rip and Tear+1","Ball Lightning+1"],"picked":"Streamline+1","floor":18},{"not_picked":["Turbo","Doom and Gloom+1"],"picked":"Gash+1","floor":19},{"not_picked":["Stack","Barrage+1"],"picked":"Machine Learning","floor":24},{"not_picked":["Fission","Undo"],"picked":"Streamline+1","floor":27},{"not_picked":["Conserve Battery","Streamline+1"],"picked":"Darkness","floor":30},{"not_picked":["Storm","Chaos+1"],"picked":"Cold Snap+1","floor":31},{"not_picked":["Fission","Hyperbeam+1"],"picked":"Biased Cognition","floor":33},{"not_picked":["Recycle","Go for the Eyes+1"],"picked":"Doom and Gloom+1","floor":34},{"not_picked":["Compile Driver+1","Melter+1","Steam+1"],"picked":"SKIP","floor":35},{"not_picked":["Redo+1","Auto Shields+1"],"picked":"Defragment","floor":36},{"not_picked":["Turbo","Force Field+1","Doom and Gloom+1"],"picked":"SKIP","floor":38},{"not_picked":["Hello World","Sweeping Beam+1"],"picked":"Hologram+1","floor":40},{"not_picked":["Doom and Gloom+1","Coolheaded+1"],"picked":"Lockon+1","floor":41},{"not_picked":["Doom and Gloom+1","Steam"],"picked":"All For One+1","floor":44},{"not_picked":["Stack","Conserve Battery"],"picked":"Gash+1","floor":48},{"not_picked":["Rebound+1","Go for the Eyes+1"],"picked":"Storm","floor":54}],"player_experience":130020,"relics_obtained":[{"floor":8,"key":"Kunai"},{"floor":9,"key":"Molten Egg 2"},{"floor":10,"key":"Ornamental Fan"},{"floor":24,"key":"Ancient Tea Set"},{"floor":26,"key":"Whetstone"},{"floor":27,"key":"Red Mask"},{"floor":41,"key":"Potion Belt"},{"floor":45,"key":"Bottled Flame"},{"floor":54,"key":"Orichalcum"}],"event_choices":[{"damage_healed":0,"gold_gain":0,"player_choice":"Donut","damage_taken":0,"max_hp_gain":5,"max_hp_loss":0,"event_name":"Big Fish","floor":4,"gold_loss":0},{"damage_healed":0,"gold_gain":0,"player_choice":"Entered Light","damage_taken":16,"max_hp_gain":0,"max_hp_loss":0,"event_name":"Shining Light","floor":7,"gold_loss":0,"cards_upgraded":["Strike_B","Strike_B"]},{"damage_healed":0,"gold_gain":0,"player_choice":"Read","damage_taken":0,"max_hp_gain":0,"max_hp_loss":0,"event_name":"The Library","floor":21,"gold_loss":0,"cards_obtained":["Gash"]},{"damage_healed":0,"gold_gain":0,"player_choice":"Simplicity","damage_taken":0,"max_hp_gain":0,"max_hp_loss":0,"event_name":"Back to Basics","floor":22,"gold_loss":0,"cards_upgraded":["Defend_B","Defend_B","Defend_B","Defend_B"]},{"damage_healed":0,"gold_gain":0,"player_choice":"Fought Bandits","damage_taken":0,"max_hp_gain":0,"max_hp_loss":0,"event_name":"Masked Bandits","floor":27,"gold_loss":0},{"cards_removed":["Strike_B"],"damage_healed":0,"gold_gain":0,"player_choice":"Purged","damage_taken":0,"max_hp_gain":0,"max_hp_loss":0,"event_name":"Purifier","floor":29,"gold_loss":0},{"damage_healed":0,"gold_gain":0,"player_choice":"Max HP","damage_taken":0,"max_hp_gain":0,"max_hp_loss":4,"event_name":"Winding Halls","floor":37,"gold_loss":0},{"cards_removed":["Machine Learning"],"damage_healed":0,"gold_gain":0,"player_choice":"Removed Power","damage_taken":0,"max_hp_gain":0,"max_hp_loss":0,"event_name":"Falling","floor":39,"gold_loss":0},{"damage_healed":0,"gold_gain":222,"player_choice":"Wore Mask","damage_taken":0,"max_hp_gain":0,"max_hp_loss":0,"event_name":"Tomb of Lord Red Mask","floor":42,"gold_loss":0}],"is_beta":false,"boss_relics":[{"not_picked":["Eternal Feather","Runic Pyramid"],"picked":"Philosopher\u0027s Stone"},{"not_picked":["Calling Bell","Runic Dome"],"picked":"Tiny House"}],"items_purged_floors":[14,20],"is_endless":false,"potions_floor_spawned":[3,10,18,24,30,33,35,36,41],"killed_by":"The Heart","ascension_level":1}