{"path_per_floor":["M","?","?","M","$","R","E","M","T","R","M","?","?","M","R","B",null,"M","M","?"],"character_chosen":"DEFECT","items_purchased":["Art of War"],"gold_per_floor":[115,215,215,228,7,7,39,50,103,103,120,120,120,137,137,238,238,238,238,238,238],"floor_reached":21,"campfire_rested":0,"playtime":971,"current_hp_per_floor":[66,66,59,58,58,58,30,23,23,23,14,14,39,27,27,6,75,66,60,33,0],"items_purged":["Defend_B"],"gold":238,"score":197,"play_id":"01b24e87-142b-4abc-b5b7-6d61dcc13142","local_time":"20180503090510","is_prod":false,"is_daily":false,"chose_seed":false,"is_ascension_mode":true,"campfire_upgraded":3,"timestamp":1525331110,"path_taken":["M","?","?","M","$","R","E","M","T","R","?","?","?","M","R","BOSS","M","?","?","M"],"build_version":"2018-05-01v2","seed_source_timestamp":617010562143978,"purchased_purges":2,"victory":false,"master_deck":["Strike_B","Strike_B","Strike_B","Defend_B","Defend_B","Defend_B","Zap+1","Dualcast+1","Amplify","Coolheaded","Recycle","Loop+1","Beam Cell","Ball Lightning","Cold Snap","Prime","Defragment+1","Capacitor"],"max_hp_per_floor":[75,75,75,75,75,75,75,75,75,75,75,75,75,75,75,75,75,75,77,77,77],"relics":["Cracked Core","Art of War","Bag of Marbles","Singing Bowl","Ectoplasm","Red Mask"],"card_choices":[{"not_picked":["Melter","Ball Lightning"],"picked":"Coolheaded","floor":1.0},{"not_picked":["Skim","Turbo"],"picked":"Recycle","floor":4.0},{"not_picked":["Melter","Stack"],"picked":"Loop","floor":7.0},{"not_picked":["Stack","Blizzard"],"picked":"Beam Cell","floor":8.0},{"not_picked":["Rebound","Recycle"],"picked":"Ball Lightning","floor":11.0},{"not_picked":["Reboot","Streamline"],"picked":"Cold Snap","floor":14.0},{"not_picked":["All For One","Fission"],"picked":"Prime","floor":16.0},{"not_picked":["Melter","Sweeping Beam"],"picked":"Defragment","floor":18.0},{"not_picked":["Loop","Streamline"],"picked":"Capacitor","floor":20}],"player_experience":584147,"potions_floor_usage":[],"damage_taken":[{"damage":9.0,"enemies":"2 Louse","floor":1.0,"turns":3.0},{"damage":1.0,"enemies":"Cultist","floor":4.0,"turns":3.0},{"damage":28.0,"enemies":"3 Sentries","floor":7.0,"turns":9.0},{"damage":7.0,"enemies":"Small Slimes","floor":8.0,"turns":3.0},{"damage":9.0,"enemies":"2 Fungi Beasts","floor":11.0,"turns":4.0},{"damage":12.0,"enemies":"Looter","floor":14.0,"turns":3.0},{"damage":21.0,"enemies":"The Guardian","floor":16.0,"turns":11.0},{"damage":9.0,"enemies":"Shell Parasite","floor":18.0,"turns":5.0},{"damage":8.0,"enemies":"Chosen","floor":19.0,"turns":4.0},{"damage":27,"enemies":"Masked Bandits","floor":20,"turns":4},{"damage":33,"enemies":"Centurion and Healer","floor":21,"turns":5}],"event_choices":[{"event_name":"Wheel of Change","player_choice":"Gold","floor":2.0,"damage_taken":0.0},{"event_name":"Golden Wing","player_choice":"Card Removal","floor":3.0,"damage_taken":0.0},{"event_name":"Scrap Ooze","player_choice":"unsuccessful","floor":12.0,"damage_taken":0.0},{"event_name":"Big Fish","player_choice":"Banana","floor":13.0,"damage_taken":0.0}],"boss_relics":[],"potions_floor_spawned":[1,7,11,16,20],"seed_played":"7528899257289492842","killed_by":"Centurion and Healer","ascension_level":2,"is_trial":false}