{"gold_per_floor":[118,193,368,385,16,43,43],"floor_reached":7,"playtime":567,"items_purged":["Normality"],"score":49,"play_id":"adc3d5a1-f04b-4f1c-b706-89064b974832","local_time":"20190629231125","is_ascension_mode":false,"campfire_choices":[],"neow_cost":"CURSE","seed_source_timestamp":1403008309226467,"circlet_count":0,"master_deck":["Strike_B","Strike_B","Strike_B","Strike_B","Defend_B","Defend_B","Defend_B","Defend_B","Zap","Dualcast","Forethought","Bandage Up","Double Energy","Doubt","Streamline","Capacitor","Panache","Gash","Thunder Strike"],"relics":["Cracked Core","Pocketwatch"],"potions_floor_usage":[6],"damage_taken":[{"damage":7,"enemies":"Small Slimes","floor":1,"turns":3},{"damage":7,"enemies":"2 Louse","floor":4,"turns":2},{"damage":37,"enemies":"3 Sentries","floor":6,"turns":9},{"damage":39,"enemies":"The Mushroom Lair","floor":7,"turns":4}],"seed_played":"2307679438712217727","potions_obtained":[{"floor":4,"key":"EssenceOfSteel"}],"is_trial":false,"path_per_floor":["M","?","?","M","$","E","?"],"character_chosen":"DEFECT","items_purchased":["Capacitor","Panache","Gash"],"campfire_rested":0,"item_purchase_floors":[5,5,5],"current_hp_per_floor":[72,61,61,58,58,25,0],"gold":43,"neow_bonus":"RANDOM_COLORLESS_2","is_prod":false,"is_daily":false,"chose_seed":false,"campfire_upgraded":0,"win_rate":0.0,"timestamp":1561864285,"path_taken":["M","?","?","M","$","E","?"],"build_version":"2019-01-23","purchased_purges":1,"victory":false,"max_hp_per_floor":[75,75,75,75,75,75,75],"card_choices":[{"not_picked":["Conserve Battery","Streamline"],"picked":"Double Energy","floor":1},{"not_picked":["Gash","Stack"],"picked":"Streamline","floor":4},{"not_picked":["Coolheaded","Conserve Battery"],"picked":"Thunder Strike","floor":6}],"player_experience":25171,"relics_obtained":[{"floor":6,"key":"Pocketwatch"}],"event_choices":[{"damage_healed":0,"gold_gain":75,"player_choice":"Gather Gold","damage_taken":11,"max_hp_gain":0,"max_hp_loss":0,"event_name":"World of Goop","floor":2,"gold_loss":0},{"damage_healed":0,"gold_gain":175,"player_choice":"AGREE","damage_taken":0,"max_hp_gain":0,"max_hp_loss":0,"event_name":"Liars Game","floor":3,"gold_loss":0,"cards_obtained":["Doubt"]},{"damage_healed":0,"gold_gain":0,"player_choice":"Fought Mushrooms","damage_taken":0,"max_hp_gain":0,"max_hp_loss":0,"event_name":"Mushrooms","floor":7,"gold_loss":0}],"is_beta":false,"boss_relics":[],"items_purged_floors":[5],"is_endless":false,"potions_floor_spawned":[4],"killed_by":"The Mushroom Lair","ascension_level":0}