{"gold_per_floor":[118,134,209,259,276,276,292,292,346,95,120,120,120,120,120,120],"floor_reached":16,"playtime":351,"items_purged":["Strike_G"],"score":262,"play_id":"ae0f51d2-2d5b-4046-9d3a-758b87591ceb","local_time":"20190219082020","is_ascension_mode":true,"campfire_choices":[{"data":"Neutralize","floor":6.0,"key":"SMITH"},{"data":"Slice","floor":8.0,"key":"SMITH"},{"data":"Footwork","floor":12,"key":"SMITH"},{"data":"Bandage Up","floor":15,"key":"SMITH"}],"neow_cost":"TEN_PERCENT_HP_LOSS","seed_source_timestamp":1138464772843806,"circlet_count":0,"master_deck":["AscendersBane","Defend_G","Defend_G","Defend_G","Defend_G","Defend_G","Strike_G","Strike_G","Strike_G","Strike_G","Survivor","Neutralize+1","Flying Knee","Dash","Slice+1","Footwork+1","Bandage Up+1"],"special_seed":0,"relics":["Ring of the Snake","Turnip","Art of War","Bag of Preparation"],"potions_floor_usage":[16],"damage_taken":[{"damage":6.0,"enemies":"Cultist","floor":1.0,"turns":5.0},{"damage":4.0,"enemies":"Jaw Worm","floor":2.0,"turns":6.0},{"damage":0.0,"enemies":"Small Slimes","floor":5.0,"turns":5.0},{"damage":30.0,"enemies":"Exordium Thugs","floor":7.0,"turns":5.0},{"damage":40,"enemies":"Slime Boss","floor":16,"turns":8}],"seed_played":"8021886791839618033","potions_obtained":[{"floor":1.0,"key":"Regen Potion"},{"floor":5.0,"key":"Fruit Juice"},{"floor":7.0,"key":"Dexterity Potion"}],"is_trial":false,"path_per_floor":["M","M","?","?","M","R","M","R","T","$","T","R","?","?","R","B"],"character_chosen":"THE_SILENT","items_purchased":["Footwork","Bandage Up"],"campfire_rested":0,"item_purchase_floors":[10,10],"current_hp_per_floor":[53,49,38,38,43,43,13,13,13,13,13,13,34,34,34,0],"gold":120,"neow_bonus":"ONE_RARE_RELIC","is_prod":false,"is_daily":false,"chose_seed":false,"campfire_upgraded":4,"win_rate":0,"timestamp":1550560820,"path_taken":["M","M","?","?","?","R","M","R","T","?","?","R","?","?","R","BOSS"],"build_version":"2019-01-23","purchased_purges":1,"victory":false,"max_hp_per_floor":[60,60,60,60,65,65,65,65,65,65,65,65,65,65,65,65],"card_choices":[{"not_picked":["Quick Slash","Acrobatics"],"picked":"Flying Knee","floor":1.0},{"not_picked":["Outmaneuver","PiercingWail"],"picked":"Dash","floor":2.0},{"not_picked":["Bane","Terror"],"picked":"Slice","floor":5.0},{"not_picked":["Underhanded Strike","Setup","Blade Dance"],"picked":"SKIP","floor":7.0}],"player_experience":822249,"relics_obtained":[{"floor":9.0,"key":"Art of War"},{"floor":11,"key":"Bag of Preparation"}],"event_choices":[{"damage_healed":0.0,"max_hp_gain":0.0,"max_hp_loss":0.0,"gold_gain":75.0,"event_name":"World of Goop","player_choice":"Gather Gold","floor":3.0,"gold_loss":0.0,"damage_taken":11.0},{"damage_healed":0.0,"max_hp_gain":0.0,"max_hp_loss":0.0,"gold_gain":50.0,"event_name":"Golden Shrine","player_choice":"Pray","floor":4.0,"gold_loss":0.0,"damage_taken":0.0},{"damage_healed":21,"gold_gain":0,"player_choice":"Banana","damage_taken":0,"max_hp_gain":0,"max_hp_loss":0,"event_name":"Big Fish","floor":13,"gold_loss":0},{"damage_healed":0,"gold_gain":0,"player_choice":"0 cards matched","damage_taken":0,"max_hp_gain":0,"max_hp_loss":0,"event_name":"Match and Keep!","floor":14,"gold_loss":0,"cards_obtained":[]}],"is_beta":false,"boss_relics":[],"items_purged_floors":[10],"is_endless":false,"potions_floor_spawned":[1,5,7],"killed_by":"Slime Boss","ascension_level":18}