{"gold_per_floor":[212,162,175,175,175,187,213,213,265,265,280,50,50,66,66,142,142,161,161,13,112,25,25,40,60,60,60,20,20,20,20,20,20],"floor_reached":33,"playtime":1305,"items_purged":["Defend_G","Strike_G"],"score":410,"play_id":"72662d5d-abbd-43b8-8020-bf6a2929698a","local_time":"20190115230955","is_ascension_mode":true,"campfire_choices":[{"floor":10.0,"key":"REST"},{"floor":13.0,"key":"REST"},{"data":"Neutralize","floor":15.0,"key":"SMITH"},{"floor":23,"key":"REST"},{"floor":27,"key":"REST"},{"data":"Tools of the Trade","floor":29,"key":"SMITH"},{"data":"Footwork","floor":32,"key":"SMITH"}],"neow_cost":"NONE","seed_source_timestamp":641363097477965,"circlet_count":0,"master_deck":["AscendersBane","Defend_G","Defend_G","Defend_G","Strike_G+1","Survivor+1","Neutralize+1","Slice","Choke","Footwork+1","Leg Sweep","Flechettes","Tools of the Trade+1","Acrobatics","Cloak And Dagger","Deflect","Blur","Heel Hook","Endless Agony","Die Die Die"],"special_seed":0,"relics":["Ring of the Serpent","Singing Bowl","Potion Belt","Lantern","Vajra","Tough Bandages"],"potions_floor_usage":[16],"damage_taken":[{"damage":0.0,"enemies":"Small Slimes","floor":1.0,"turns":4.0},{"damage":0.0,"enemies":"Jaw Worm","floor":3.0,"turns":5.0},{"damage":2.0,"enemies":"2 Louse","floor":6.0,"turns":3.0},{"damage":42.0,"enemies":"Lagavulin","floor":7.0,"turns":7.0},{"damage":0.0,"enemies":"Looter","floor":11.0,"turns":2.0},{"damage":0.0,"enemies":"3 Louse","floor":14.0,"turns":4.0},{"damage":24,"enemies":"The Guardian","floor":16,"turns":19},{"damage":30,"enemies":"2 Thieves","floor":18,"turns":5},{"damage":4,"enemies":"Shell Parasite","floor":24,"turns":6},{"damage":14,"enemies":"Shelled Parasite and Fungi","floor":25,"turns":9},{"damage":34,"enemies":"Automaton","floor":33,"turns":17}],"seed_played":"-4773886717980333240","potions_obtained":[{"floor":1.0,"key":"GamblersBrew"},{"floor":3.0,"key":"FearPotion"},{"floor":7.0,"key":"EssenceOfSteel"},{"floor":14.0,"key":"GhostInAJar"},{"floor":25,"key":"Explosive Potion"}],"is_trial":false,"path_per_floor":["M","?","M","?","?","M","E","T","T","R","M","$","R","M","R","B",null,"M","?","$","?","$","R","M","M","T","R","$","R","?","?","R","B"],"character_chosen":"THE_SILENT","items_purchased":["Vajra","Cloak And Dagger","Deflect","Blur","Heel Hook"],"campfire_rested":4,"item_purchase_floors":[12,20,22,22,28],"current_hp_per_floor":[59,59,59,46,46,44,2,2,2,21,21,21,40,40,40,16,54,24,12,12,12,12,33,31,19,19,41,41,41,41,41,41,7],"gold":20,"neow_bonus":"HUNDRED_GOLD","is_prod":false,"is_daily":false,"chose_seed":false,"campfire_upgraded":3,"win_rate":0,"timestamp":1547590195,"path_taken":["M","?","M","?","?","M","E","?","T","R","M","$","R","M","R","BOSS","M","?","$","?","?","R","M","M","T","R","$","R","?","?","R","BOSS"],"build_version":"2019-01-10","purchased_purges":2,"victory":false,"max_hp_per_floor":[66,66,66,66,66,66,66,66,66,66,66,66,66,66,66,66,66,66,71,71,71,71,71,73,75,75,75,75,75,75,75,75,75],"card_choices":[{"not_picked":["Finisher","Backstab"],"picked":"Slice","floor":1.0},{"not_picked":["Accuracy","Poisoned Stab"],"picked":"Choke","floor":3.0},{"not_picked":["Expertise","Dagger Throw","Dodge and Roll"],"picked":"SKIP","floor":6.0},{"not_picked":["Poisoned Stab","Caltrops"],"picked":"Footwork","floor":7.0},{"not_picked":["Poisoned Stab","Footwork"],"picked":"Leg Sweep","floor":11.0},{"not_picked":["Terror","Dagger Spray"],"picked":"Flechettes","floor":14.0},{"not_picked":["Night Terror","Envenom"],"picked":"Tools of the Trade","floor":16},{"not_picked":["Deflect","Flying Knee"],"picked":"Acrobatics","floor":18},{"not_picked":["Leg Sweep","Infinite Blades+1","Flying Knee"],"picked":"Singing Bowl","floor":24},{"not_picked":["Glass Knife","Quick Slash","Dagger Throw+1"],"picked":"Singing Bowl","floor":25}],"player_experience":744821,"relics_obtained":[{"floor":7.0,"key":"Singing Bowl"},{"floor":8.0,"key":"Potion Belt"},{"floor":9.0,"key":"Lantern"},{"floor":26,"key":"Tough Bandages"}],"event_choices":[{"cards_removed":["Strike_G"],"damage_healed":0.0,"max_hp_gain":0.0,"max_hp_loss":0.0,"gold_gain":0.0,"event_name":"The Cleric","player_choice":"Card Removal","floor":2.0,"gold_loss":50.0,"damage_taken":0.0},{"damage_healed":0.0,"max_hp_gain":0.0,"max_hp_loss":0.0,"gold_gain":0.0,"event_name":"Shining Light","player_choice":"Entered Light","floor":4.0,"gold_loss":0.0,"damage_taken":13.0,"cards_upgraded":["Survivor","Strike_G"]},{"cards_removed":["Strike_G"],"damage_healed":0.0,"max_hp_gain":0.0,"max_hp_loss":0.0,"gold_gain":0.0,"event_name":"Living Wall","player_choice":"Forget","floor":5.0,"gold_loss":0.0,"damage_taken":0.0},{"damage_healed":0,"gold_gain":0,"player_choice":"Shed Blood","damage_taken":17,"max_hp_gain":5,"max_hp_loss":0,"event_name":"Forgotten Altar","floor":19,"gold_loss":0},{"damage_healed":0,"gold_gain":99,"player_choice":"Stole From Cult","damage_taken":0,"max_hp_gain":0,"max_hp_loss":0,"event_name":"Nest","floor":21,"gold_loss":0},{"damage_healed":0,"gold_gain":0,"cards_transformed":["Defend_G","Strike_G"],"player_choice":"Became Test Subject","damage_taken":0,"max_hp_gain":0,"max_hp_loss":0,"event_name":"Drug Dealer","floor":30,"gold_loss":0,"cards_obtained":["Endless Agony","Die Die Die"]},{"damage_healed":0,"gold_gain":0,"player_choice":"Ignored","damage_taken":0,"max_hp_gain":0,"max_hp_loss":0,"event_name":"Beggar","floor":31,"gold_loss":0}],"is_beta":false,"boss_relics":[{"not_picked":["Velvet Choker","Snecko Eye"],"picked":"Ring of the Serpent"}],"items_purged_floors":[12,20],"is_endless":false,"potions_floor_spawned":[1,3,7,14,25],"killed_by":"Automaton","ascension_level":14}