{"path_per_floor":["M","?","M","?","M","E","R","E","T","R","M","M","R","?","R","B",null,"M","?","?","?","?","R","$","M","T","R","M","M","$","E","R","B",null,"M","$","M","?","M","R","E","R","T","E","R","?","M","M","R","B"],"character_chosen":"DEFECT","items_purchased":["Membership Card","Shovel","Regal Pillow","Capacitor","Singing Bowl"],"gold_per_floor":[109,109,122,122,140,171,171,504,504,504,515,525,525,525,525,627,627,644,644,644,644,644,644,371,384,408,408,425,440,3,36,36,138,138,154,39,53,53,70,70,98,98,171,204,204,204,215,225,225,225],"floor_reached":51,"campfire_rested":5,"playtime":2977,"current_hp_per_floor":[68,73,71,71,71,49,49,22,22,22,20,17,41,41,41,15,64,52,52,52,37,37,62,62,62,62,62,58,49,49,49,49,13,67,41,41,16,38,4,45,5,47,47,49,49,49,42,20,62,37],"items_purged":["Go for the Eyes","Thunder Strike"],"gold":225,"score":1003,"play_id":"f5081fd2-0603-4a5f-a815-fef6e8ab940b","local_time":"20180510154119","is_prod":false,"is_daily":false,"chose_seed":false,"is_ascension_mode":true,"campfire_upgraded":5,"timestamp":1525959679,"path_taken":["M","?","M","?","M","E","R","E","T","R","M","M","R","?","R","BOSS","M","?","?","?","?","R","$","M","T","R","M","?","$","E","R","BOSS","M","$","M","?","M","R","E","R","T","E","R","?","M","M","R","BOSS"],"build_version":"2018-05-09","seed_source_timestamp":62663127683409,"purchased_purges":2,"victory":true,"master_deck":["Zap+1","Dualcast+1","Static Discharge+1","Cold Snap","Capacitor+1","Go for the Eyes+1","Cold Snap","Sweeping Beam","Leap+1","Hologram+1","Consume+1","Rebound","Ball Lightning","Leap+1","Skim+1","Turbo+1","FTL","White Noise+1","Machine Learning","Capacitor+1","Writhe","Skim+1","Chaos+1","Loop+1","Redo+1","Coolheaded+1"],"max_hp_per_floor":[75,80,80,80,80,80,80,80,80,80,80,80,80,80,80,80,80,80,80,80,85,85,85,85,85,85,85,85,85,85,85,85,85,85,85,85,87,87,89,89,91,91,91,93,93,93,93,93,93,93],"relics":["Cracked Core","Dream Catcher","Old Coin","Toxic Egg 2","Pandora\u0027s Box","Pen Nib","Membership Card","Lantern","Shovel","Regal Pillow","Happy Flower","The Courier","Sozu","Singing Bowl","Juzu Bracelet","Darkstone Periapt","Prayer Wheel"],"card_choices":[{"not_picked":["Rebound","Turbo"],"picked":"Static Discharge","floor":1.0},{"not_picked":["Hologram","Impulse"],"picked":"Cold Snap","floor":3.0},{"not_picked":["Sweeping Beam","Impulse"],"picked":"Capacitor","floor":5.0},{"not_picked":["Hello World","Reinforced Body"],"picked":"Go for the Eyes","floor":6.0},{"not_picked":["Melter","Machine Learning"],"picked":"Cold Snap","floor":8.0},{"not_picked":["Steam","Chaos"],"picked":"Sweeping Beam","floor":11.0},{"not_picked":["Axe Kick","Ball Lightning"],"picked":"Leap","floor":12.0},{"not_picked":["White Noise","Turbo"],"picked":"Hologram","floor":13.0},{"not_picked":["Nova","Machine Learning"],"picked":"Thunder Strike","floor":16.0},{"not_picked":["Hologram","Heatsinks"],"picked":"FTL","floor":25.0},{"not_picked":["Rebound","Stack"],"picked":"White Noise","floor":31.0},{"not_picked":["Reboot","Creative AI"],"picked":"Machine Learning","floor":33.0},{"not_picked":["Axe Kick","Beam Cell"],"picked":"Skim","floor":40.0},{"not_picked":["Streamline","Turbo"],"picked":"Chaos","floor":42.0},{"not_picked":["Steam","Cold Snap"],"picked":"Loop","floor":47},{"not_picked":["Hologram","Reboot"],"picked":"Redo","floor":48},{"not_picked":["Turbo","Beam Cell"],"picked":"Coolheaded","floor":49}],"player_experience":636627,"potions_floor_usage":[],"damage_taken":[{"damage":0.0,"enemies":"Small Slimes","floor":1.0,"turns":3.0},{"damage":2.0,"enemies":"Jaw Worm","floor":3.0,"turns":4.0},{"damage":0.0,"enemies":"2 Louse","floor":5.0,"turns":3.0},{"damage":22.0,"enemies":"Lagavulin","floor":6.0,"turns":6.0},{"damage":27.0,"enemies":"3 Sentries","floor":8.0,"turns":8.0},{"damage":2.0,"enemies":"Red Slaver","floor":11.0,"turns":3.0},{"damage":3.0,"enemies":"Looter","floor":12.0,"turns":3.0},{"damage":26.0,"enemies":"Hexaghost","floor":16.0,"turns":9.0},{"damage":12.0,"enemies":"Spheric Guardian","floor":18.0,"turns":4.0},{"damage":0.0,"enemies":"Chosen","floor":25.0,"turns":6.0},{"damage":4.0,"enemies":"Centurion and Healer","floor":28.0,"turns":5.0},{"damage":9.0,"enemies":"Chosen and Byrds","floor":29.0,"turns":6.0},{"damage":0.0,"enemies":"Gremlin Leader","floor":31.0,"turns":5.0},{"damage":36.0,"enemies":"Collector","floor":33.0,"turns":8.0},{"damage":26.0,"enemies":"3 Darklings","floor":35.0,"turns":3.0},{"damage":27.0,"enemies":"Flame Bruiser 1 Orb","floor":37.0,"turns":5.0},{"damage":36.0,"enemies":"3 Darklings","floor":39.0,"turns":4.0},{"damage":42.0,"enemies":"2 Orb Walkers","floor":41.0,"turns":5.0},{"damage":0.0,"enemies":"Giant Head","floor":44.0,"turns":9.0},{"damage":14,"enemies":"Flame Bruiser 2 Orb","floor":47,"turns":5},{"damage":22,"enemies":"4 Shapes","floor":48,"turns":5},{"damage":25,"enemies":"Time Eater","floor":50,"turns":11}],"event_choices":[{"event_name":"Big Fish","player_choice":"Donut","floor":2.0,"damage_taken":0.0},{"event_name":"Upgrade Shrine","player_choice":"Upgraded","floor":4.0,"damage_taken":0.0},{"event_name":"Golden Idol","player_choice":"Ignored","floor":14.0,"damage_taken":0.0},{"event_name":"Vampires","player_choice":"Ignored","floor":19.0,"damage_taken":0.0},{"event_name":"The Mausoleum","player_choice":"Yes","floor":20.0,"damage_taken":0.0},{"event_name":"Forgotten Altar","player_choice":"Shed Blood","floor":21.0,"damage_taken":0.0},{"event_name":"Ghosts","player_choice":"Ignored","floor":22.0,"damage_taken":0.0},{"event_name":"Winding Halls","player_choice":"Writhe","floor":38.0,"damage_taken":0.0},{"event_name":"The Lab","player_choice":"Got Potions","floor":46.0,"damage_taken":0.0}],"boss_relics":[],"potions_floor_spawned":[8,11,12,16,18,29,31,37,44,47],"seed_played":"-2891808783399386444","ascension_level":6,"is_trial":false}