{"gold_per_floor":[112,112,129,129,129,175,206,218,230,280,292,324,336,448,460,472],"floor_reached":16,"playtime":303,"items_purged":[],"score":266,"play_id":"0ebe50ec-f48a-419f-beb5-aec21506e6ca","local_time":"20190714165001","is_ascension_mode":true,"campfire_choices":[{"data":"Prepared","floor":8.0,"key":"SMITH"},{"floor":11.0,"key":"REST"},{"data":"Deadly Poison","floor":13.0,"key":"SMITH"},{"data":"Neutralize","floor":15.0,"key":"SMITH"}],"neow_cost":"NONE","seed_source_timestamp":484402876345702,"circlet_count":0,"master_deck":["AscendersBane","Strike_G","Strike_G","Strike_G","Strike_G","Strike_G","Defend_G","Defend_G","Defend_G+1","Defend_G","Defend_G","Survivor","Neutralize+1","Poisoned Stab","Deadly Poison+1","Catalyst+1","Prepared+1"],"special_seed":0,"relics":["Ring of the Snake","NeowsBlessing","PreservedInsect","MawBank","War Paint","Letter Opener"],"potions_floor_usage":[16,16],"damage_taken":[{"damage":0.0,"enemies":"2 Louse","floor":1.0,"turns":1.0},{"damage":0.0,"enemies":"Jaw Worm","floor":3.0,"turns":1.0},{"damage":0.0,"enemies":"Lagavulin","floor":6.0,"turns":1.0},{"damage":0.0,"enemies":"Cultist","floor":7.0,"turns":3.0},{"damage":30.0,"enemies":"3 Sentries","floor":10.0,"turns":8.0},{"damage":4.0,"enemies":"Red Slaver","floor":12.0,"turns":3.0},{"damage":25,"enemies":"Slime Boss","floor":16,"turns":7}],"seed_played":"5099319463086862989","potions_obtained":[{"floor":3.0,"key":"Poison Potion"},{"floor":7.0,"key":"SteroidPotion"}],"is_trial":false,"path_per_floor":["M","?","M","?","T","E","M","R","T","E","R","M","R","?","R","B"],"character_chosen":"THE_SILENT","items_purchased":[],"campfire_rested":1,"item_purchase_floors":[],"current_hp_per_floor":[59,64,64,38,38,38,38,38,38,8,29,25,25,25,25,0],"gold":472,"neow_bonus":"THREE_ENEMY_KILL","is_prod":false,"is_daily":false,"chose_seed":false,"campfire_upgraded":3,"win_rate":0,"timestamp":1563090601,"path_taken":["M","?","M","?","?","E","M","R","T","E","R","M","R","?","R","BOSS"],"build_version":"2019-07-05","purchased_purges":0,"victory":false,"max_hp_per_floor":[66,71,71,71,71,71,71,71,71,71,71,71,71,71,71,71],"card_choices":[{"not_picked":["Underhanded Strike","Distraction"],"picked":"Poisoned Stab","floor":1.0},{"not_picked":["Flying Knee","Poisoned Stab"],"picked":"Deadly Poison","floor":3.0},{"not_picked":["Blade Dance","Outmaneuver"],"picked":"Catalyst","floor":6.0},{"not_picked":["Blur","Flying Knee"],"picked":"Prepared","floor":7.0},{"not_picked":["Eviscerate","Envenom","Accuracy"],"picked":"SKIP","floor":10.0},{"not_picked":["Eviscerate","Envenom","Accuracy"],"picked":"SKIP","floor":10.0},{"not_picked":["Dagger Spray","Cloak And Dagger","Prepared"],"picked":"SKIP","floor":12.0},{"not_picked":["Dagger Spray","Cloak And Dagger","Prepared"],"picked":"SKIP","floor":12.0}],"player_experience":991920,"relics_obtained":[{"floor":5.0,"key":"MawBank"},{"floor":6.0,"key":"War Paint"},{"floor":9.0,"key":"Letter Opener"}],"event_choices":[{"damage_healed":0.0,"max_hp_gain":5.0,"max_hp_loss":0.0,"gold_gain":0.0,"event_name":"Big Fish","player_choice":"Donut","floor":2.0,"gold_loss":0.0,"damage_taken":0.0},{"damage_healed":0.0,"max_hp_gain":0.0,"max_hp_loss":0.0,"gold_gain":0.0,"event_name":"Scrap Ooze","player_choice":"Success","floor":4.0,"gold_loss":0.0,"damage_taken":26.0,"relics_obtained":["PreservedInsect"]},{"damage_healed":0.0,"max_hp_gain":0.0,"max_hp_loss":0.0,"gold_gain":100.0,"event_name":"Wheel of Change","player_choice":"Gold","floor":14.0,"gold_loss":0.0,"damage_taken":0.0}],"is_beta":false,"boss_relics":[],"items_purged_floors":[],"is_endless":false,"potions_floor_spawned":[3,7],"killed_by":"Slime Boss","ascension_level":20}