{"gold_per_floor":[113,38,38,113,113,143,157,157,209,224,255,255,28,40,40,114,114,126,126,139,159,74,106,106,106,106,29,29,43,43,78,78,78],"floor_reached":33,"playtime":1107,"items_purged":[],"score":682,"play_id":"c761b881-9ca7-4b88-abdc-b8d65e4726d6","local_time":"20190714125613","is_ascension_mode":true,"campfire_choices":[{"data":"Coolheaded","floor":8.0,"key":"SMITH"},{"data":"Zap","floor":12.0,"key":"SMITH"},{"data":"Redo","floor":15.0,"key":"SMITH"},{"data":"Ghostly","floor":25.0,"key":"SMITH"},{"data":"Defragment","floor":28.0,"key":"SMITH"},{"data":"Ghostly","floor":30.0,"key":"SMITH"},{"data":"Turbo","floor":32.0,"key":"SMITH"}],"neow_cost":"NONE","seed_source_timestamp":0,"circlet_count":0,"master_deck":["AscendersBane","Strike_B","Defend_B","Defend_B","Defend_B","Zap+1","Dualcast","Coolheaded+1","Sweeping Beam","Go for the Eyes","Redo+1","Capacitor","Electrodynamics","Go for the Eyes+1","All For One+1","Darkness+1","Glacier","Skim+1","Ghostly","Ghostly+1","Ghostly+1","Defragment+1","Turbo+1"],"special_seed":0,"relics":["Cracked Core","NeowsBlessing","Pantograph","Dodecahedron","Lantern","DataDisk","Astrolabe","Nloth\u0027s Gift","Bag of Preparation","Bronze Scales","Gremlin Horn","Strawberry"],"potions_floor_usage":[],"damage_taken":[{"damage":0.0,"enemies":"Jaw Worm","floor":1.0,"turns":1.0},{"damage":0.0,"enemies":"Gremlin Nob","floor":6.0,"turns":1.0},{"damage":0.0,"enemies":"2 Louse","floor":7.0,"turns":1.0},{"damage":2.0,"enemies":"Cultist","floor":10.0,"turns":4.0},{"damage":27.0,"enemies":"3 Sentries","floor":11.0,"turns":5.0},{"damage":0.0,"enemies":"Exordium Wildlife","floor":14.0,"turns":1.0},{"damage":8.0,"enemies":"The Guardian","floor":16.0,"turns":13.0},{"damage":25.0,"enemies":"Chosen","floor":18.0,"turns":4.0},{"damage":3.0,"enemies":"Spheric Guardian","floor":20.0,"turns":3.0},{"damage":12.0,"enemies":"Chosen and Byrds","floor":21.0,"turns":4.0},{"damage":6.0,"enemies":"Book of Stabbing","floor":23.0,"turns":6.0},{"damage":15.0,"enemies":"3 Cultists","floor":29.0,"turns":3.0},{"damage":0.0,"enemies":"Slavers","floor":31.0,"turns":4.0},{"damage":43,"enemies":"Automaton","floor":33,"turns":6}],"seed_played":"-9088270928522212313","potions_obtained":[{"floor":7.0,"key":"Explosive Potion"},{"floor":10.0,"key":"AttackPotion"},{"floor":14.0,"key":"PowerPotion"},{"floor":20.0,"key":"Swift Potion"}],"is_trial":false,"path_per_floor":["M","?","$","?","T","E","M","R","T","M","E","R","$","M","R","B",null,"M","?","M","M","?","E","?","R","T","$","R","M","R","E","R","B"],"character_chosen":"DEFECT","items_purchased":["DataDisk","Redo","Defragment"],"campfire_rested":0,"item_purchase_floors":[13,13,27],"current_hp_per_floor":[64,64,64,53,53,53,53,53,53,51,24,24,24,24,24,41,64,39,39,36,24,24,18,18,18,18,18,18,3,3,10,10,0],"gold":78,"neow_bonus":"THREE_ENEMY_KILL","is_prod":false,"is_daily":false,"chose_seed":false,"campfire_upgraded":7,"win_rate":0,"timestamp":1563076573,"path_taken":["M","?","$","?","?","E","M","R","T","M","E","R","$","M","R","BOSS","M","?","M","?","?","E","?","R","T","$","R","M","R","E","R","BOSS"],"build_version":"2019-07-05","purchased_purges":0,"victory":false,"max_hp_per_floor":[71,71,71,71,71,71,71,71,71,71,71,71,71,71,71,71,71,71,71,71,71,71,71,35,35,35,35,35,35,35,42,42,42],"card_choices":[{"not_picked":["Stack","FTL"],"picked":"Coolheaded","floor":1.0},{"not_picked":["Leap","Genetic Algorithm"],"picked":"Sweeping Beam","floor":6.0},{"not_picked":["Gash","Steam","Coolheaded"],"picked":"SKIP","floor":7.0},{"not_picked":["Gash","Steam","Coolheaded"],"picked":"SKIP","floor":7.0},{"not_picked":["Thunder Strike","BootSequence"],"picked":"Go for the Eyes","floor":10.0},{"not_picked":["Stack","Turbo","Go for the Eyes"],"picked":"SKIP","floor":11.0},{"not_picked":["Self Repair","Auto Shields"],"picked":"Capacitor","floor":14.0},{"not_picked":["Thunder Strike","Rainbow"],"picked":"Electrodynamics","floor":16.0},{"not_picked":["Force Field","Beam Cell","Sweeping Beam"],"picked":"SKIP","floor":18.0},{"not_picked":["Rebound","Hologram"],"picked":"Glacier","floor":20.0},{"not_picked":["Machine Learning","Barrage+1"],"picked":"Skim+1","floor":21.0},{"not_picked":["Ball Lightning","Leap","BootSequence"],"picked":"SKIP","floor":23.0},{"not_picked":["Beam Cell","Go for the Eyes","Machine Learning"],"picked":"SKIP","floor":29.0},{"not_picked":["FTL","Capacitor"],"picked":"Turbo","floor":31.0}],"player_experience":985398,"relics_obtained":[{"floor":5.0,"key":"Pantograph"},{"floor":6.0,"key":"Dodecahedron"},{"floor":9.0,"key":"Pen Nib"},{"floor":11.0,"key":"Lantern"},{"floor":23.0,"key":"Bronze Scales"},{"floor":26.0,"key":"Gremlin Horn"},{"floor":31.0,"key":"Strawberry"}],"event_choices":[{"cards_removed":["Strike_B"],"damage_healed":0.0,"max_hp_gain":0.0,"max_hp_loss":0.0,"gold_gain":0.0,"event_name":"The Cleric","player_choice":"Card Removal","floor":2.0,"gold_loss":75.0,"damage_taken":0.0},{"damage_healed":0.0,"max_hp_gain":0.0,"max_hp_loss":0.0,"gold_gain":75.0,"event_name":"World of Goop","player_choice":"Gather Gold","floor":4.0,"gold_loss":0.0,"damage_taken":11.0},{"damage_healed":0.0,"max_hp_gain":0.0,"max_hp_loss":0.0,"gold_gain":0.0,"event_name":"N\u0027loth","player_choice":"Traded Relic","floor":19.0,"relics_lost":["Pen Nib"],"gold_loss":0.0,"damage_taken":0.0,"relics_obtained":["Nloth\u0027s Gift"]},{"damage_healed":0.0,"max_hp_gain":0.0,"max_hp_loss":0.0,"gold_gain":0.0,"event_name":"Addict","player_choice":"Obtained Relic","floor":22.0,"gold_loss":85.0,"damage_taken":0.0,"relics_obtained":["Bag of Preparation"]},{"damage_healed":0.0,"max_hp_gain":0.0,"max_hp_loss":36.0,"gold_gain":0.0,"event_name":"Ghosts","player_choice":"Became a Ghost","floor":24.0,"gold_loss":0.0,"damage_taken":0.0,"cards_obtained":["Ghostly","Ghostly","Ghostly"]}],"is_beta":false,"boss_relics":[{"not_picked":["Philosopher\u0027s Stone","Orrery"],"picked":"Astrolabe"}],"items_purged_floors":[],"is_endless":false,"potions_floor_spawned":[7,10,14,20,23],"killed_by":"Automaton","ascension_level":20}