{"path_per_floor":["M","?","$","M","?","R","?","E","T","$","M","R","M","E","R","B",null,"M","?","?","M","M","R","E","R","T","M","R","$","?","M","R","B"],"character_chosen":"THE_SILENT","items_purchased":["Purity","Footwork"],"gold_per_floor":[119,119,21,34,34,34,34,60,83,8,27,27,47,72,72,150,180,193,193,193,204,222,222,251,251,274,289,289,179,94,106,106,182,182],"floor_reached":34,"campfire_rested":2,"playtime":3335,"current_hp_per_floor":[53,40,40,40,40,40,40,28,35,35,35,35,35,33,33,33,68,63,63,63,62,50,50,28,51,51,51,51,51,51,34,57,57,73],"items_purged":["Strike_G","Doppelganger"],"gold":182,"score":855,"play_id":"d0cf4a7f-120b-4225-85a6-8311fd1e8b01","local_time":"20180401141645","is_prod":false,"is_daily":false,"is_ascension_mode":true,"campfire_upgraded":5,"timestamp":1522585005,"path_taken":["M","?","$","M","?","R","?","E","T","$","M","R","M","E","R","BOSS","M","?","?","M","M","R","E","R","T","M","R","$","?","M","R","BOSS"],"build_version":"2018-03-29v2","purchased_purges":2,"victory":false,"master_deck":["Defend_G+1","Defend_G+1","Strike_G+1","Survivor+1","Neutralize","AscendersBane","Expertise+1","Purity+1","Concentrate+1","Well Laid Plans+1","Acrobatics+1","Footwork","Riddle With Holes+1","Corpse Explosion+1","Crippling Poison+1"],"max_hp_per_floor":[66,66,66,66,66,66,66,66,73,73,73,73,73,73,73,73,78,78,78,78,78,78,78,78,78,78,78,78,78,78,78,78,78,78],"relics":["Ring of the Snake","War Paint","Strawberry","Shuriken","Tiny House","The Courier","Orichalcum","Torii","Astrolabe"],"card_choices":[{"not_picked":["Masterful Stab","Bouncing Flask"],"picked":"Expertise","floor":1.0},{"not_picked":["Cloak And Dagger","Infinite Blades"],"picked":"Concentrate","floor":4.0},{"not_picked":["Riddle With Holes","Flying Knee"],"picked":"Well Laid Plans","floor":11.0},{"not_picked":["Crippling Poison","Riddle With Holes"],"picked":"Acrobatics","floor":14.0}],"player_experience":495546,"potions_floor_usage":[24],"damage_taken":[{"damage":6.0,"enemies":"Jaw Worm","floor":1.0,"turns":8.0},{"damage":0.0,"enemies":"2 Louse","floor":4.0,"turns":4.0},{"damage":12.0,"enemies":"Gremlin Nob","floor":8.0,"turns":3.0},{"damage":0.0,"enemies":"Small Slimes","floor":11.0,"turns":3.0},{"damage":0.0,"enemies":"Looter","floor":13.0,"turns":4.0},{"damage":2.0,"enemies":"Lagavulin","floor":14.0,"turns":7.0},{"damage":0.0,"enemies":"The Guardian","floor":16.0,"turns":5.0},{"damage":5.0,"enemies":"2 Thieves","floor":18.0,"turns":5.0},{"damage":1.0,"enemies":"Shell Parasite","floor":21.0,"turns":3.0},{"damage":12.0,"enemies":"Snecko","floor":22.0,"turns":7.0},{"damage":22,"enemies":"Slavers","floor":24,"turns":6},{"damage":0,"enemies":"Centurion and Healer","floor":27,"turns":3},{"damage":17,"enemies":"Snake Plant","floor":31,"turns":2},{"damage":0,"enemies":"Champ","floor":33,"turns":3}],"event_choices":[{"event_name":"Shining Light","player_choice":"Entered Light","floor":2.0,"damage_taken":0.0},{"event_name":"Living Wall","player_choice":"Forget","floor":5.0,"damage_taken":0.0},{"event_name":"The Lab","player_choice":"Got Potions","floor":7.0,"damage_taken":0.0},{"event_name":"Transmorgrifier","player_choice":"Transform","floor":19.0,"damage_taken":0.0},{"event_name":"Drug Dealer","player_choice":"Ignored","floor":20.0,"damage_taken":0.0},{"event_name":"Addict","player_choice":"Obtained Relic","floor":30,"damage_taken":0}],"boss_relics":[{"not_picked":["Cursed Key","Pandora\u0027s Box"],"picked":"Astrolabe"}],"potions_floor_spawned":[1,4,22,24,27],"seed_played":"3695513023325937282","ascension_level":14,"is_trial":false}