{"gold_per_floor":[114,131,150,150,170,199,199,234,234,234,234,269,281,281,281,376,376,395,429,429,369],"floor_reached":21,"playtime":930,"items_purged":[],"score":217,"play_id":"a9fe1e4c-29c1-494d-b761-bbdf0aaff976","local_time":"20190727165236","is_ascension_mode":true,"campfire_choices":[{"data":"Armaments","floor":7,"key":"SMITH"},{"data":"Rampage","floor":10,"key":"SMITH"},{"floor":15,"key":"REST"}],"neow_cost":"NONE","seed_source_timestamp":267837875619908,"circlet_count":0,"master_deck":["Strike_R","Strike_R","Strike_R","Strike_R","Strike_R","Defend_R","Defend_R","Defend_R","Defend_R","Bash","Shrug It Off","Armaments+1","Battle Trance","Rampage+1","Shockwave","Reckless Charge","Feel No Pain","True Grit+1","Rampage+1","Exhume","Decay","Decay","Parasite","Flame Barrier","Clothesline+1"],"relics":["Burning Blood","Shuriken","Molten Egg 2","Matryoshka","Gremlin Horn","Calling Bell","Orichalcum","Blue Candle","Turnip","Red Mask"],"potions_floor_usage":[8,13,19],"damage_taken":[{"damage":9,"enemies":"2 Louse","floor":1,"turns":3},{"damage":1,"enemies":"Small Slimes","floor":2,"turns":5},{"damage":3,"enemies":"Cultist","floor":3,"turns":5},{"damage":5,"enemies":"Blue Slaver","floor":5,"turns":6},{"damage":23,"enemies":"Lagavulin","floor":6,"turns":12},{"damage":29,"enemies":"3 Sentries","floor":8,"turns":10},{"damage":39,"enemies":"Gremlin Nob","floor":12,"turns":5},{"damage":0,"enemies":"Looter","floor":13,"turns":1},{"damage":15,"enemies":"The Guardian","floor":16,"turns":12},{"damage":27,"enemies":"Spheric Guardian","floor":18,"turns":9},{"damage":60,"enemies":"Masked Bandits","floor":19,"turns":9},{"damage":13,"enemies":"2 Thieves","floor":21,"turns":2}],"seed_played":"-5094883183624420675","potions_obtained":[{"floor":3,"key":"Ancient Potion"},{"floor":6,"key":"SkillPotion"},{"floor":11,"key":"FairyPotion"},{"floor":11,"key":"SteroidPotion"},{"floor":13,"key":"SpeedPotion"},{"floor":16,"key":"SkillPotion"}],"is_trial":false,"path_per_floor":["M","M","M","?","M","E","R","E","T","R","?","E","M","?","R","B",null,"M","?","?","M"],"character_chosen":"IRONCLAD","items_purchased":[],"campfire_rested":1,"item_purchase_floors":[],"current_hp_per_floor":[77,80,80,80,80,63,63,40,40,40,40,7,13,13,37,28,80,59,13,13,0],"gold":369,"neow_bonus":"THREE_CARDS","is_prod":false,"is_daily":false,"chose_seed":false,"campfire_upgraded":2,"win_rate":0,"timestamp":1564264356,"path_taken":["M","M","M","?","M","E","R","E","T","R","?","E","?","?","R","BOSS","M","?","?","?"],"build_version":"2019-07-17","purchased_purges":0,"victory":false,"max_hp_per_floor":[80,80,80,80,80,80,80,80,80,80,80,80,80,80,80,80,80,80,80,80,80],"card_choices":[{"not_picked":["Twin Strike","Havoc"],"picked":"Shrug It Off","floor":0},{"not_picked":["Sword Boomerang","Warcry"],"picked":"Armaments","floor":1},{"not_picked":["Havoc","Fire Breathing"],"picked":"Battle Trance","floor":2},{"not_picked":["Pummel","Corruption"],"picked":"Rampage","floor":3},{"not_picked":["Second Wind","Demon Form"],"picked":"Shockwave","floor":5},{"not_picked":["Rupture","Thunderclap"],"picked":"Reckless Charge","floor":6},{"not_picked":["Carnage","Evolve"],"picked":"Feel No Pain","floor":8},{"not_picked":["Shrug It Off","Iron Wave+1"],"picked":"True Grit","floor":12},{"not_picked":["Rupture","Perfected Strike+1"],"picked":"Rampage+1","floor":13},{"not_picked":["Limit Break","Bludgeon+1"],"picked":"Exhume","floor":16},{"not_picked":["Clothesline+1","Warcry+1"],"picked":"Flame Barrier","floor":18},{"not_picked":["Rampage+1","Shrug It Off"],"picked":"Clothesline+1","floor":19}],"player_experience":133746,"relics_obtained":[{"floor":6,"key":"Shuriken"},{"floor":8,"key":"Molten Egg 2"},{"floor":9,"key":"Matryoshka"},{"floor":12,"key":"Gremlin Horn"},{"floor":17,"key":"Orichalcum"},{"floor":17,"key":"Blue Candle"},{"floor":17,"key":"Turnip"},{"floor":19,"key":"Red Mask"}],"event_choices":[{"damage_healed":0,"gold_gain":0,"player_choice":"Ignored","damage_taken":0,"max_hp_gain":0,"max_hp_loss":0,"event_name":"Liars Game","floor":4,"gold_loss":0},{"damage_healed":0,"gold_gain":0,"player_choice":"Got Potions","damage_taken":0,"max_hp_gain":0,"max_hp_loss":0,"event_name":"Lab","floor":11,"gold_loss":0},{"damage_healed":0,"gold_gain":0,"player_choice":"Searched \u00270\u0027 times","damage_taken":0,"max_hp_gain":0,"max_hp_loss":0,"event_name":"Dead Adventurer","floor":14,"gold_loss":0},{"damage_healed":0,"gold_gain":0,"player_choice":"Fought Bandits","damage_taken":0,"max_hp_gain":0,"max_hp_loss":0,"event_name":"Masked Bandits","floor":19,"gold_loss":0},{"damage_healed":0,"gold_gain":0,"player_choice":"Forge","damage_taken":0,"max_hp_gain":0,"max_hp_loss":0,"event_name":"Accursed Blacksmith","floor":20,"gold_loss":0,"cards_upgraded":["True Grit"]}],"is_beta":false,"boss_relics":[{"not_picked":["Snecko Eye","Pandora\u0027s Box"],"picked":"Calling Bell"}],"items_purged_floors":[],"is_endless":false,"potions_floor_spawned":[3,6,13,16,18],"killed_by":"2 Thieves","ascension_level":2}