{"path_per_floor":["M","?","M","$","M","E","R","M","T","R","M","M","R","T","R","B",null,"M","M","$","M","?","R","E","R","T","R","$","?","M","M","R"],"character_chosen":"IRONCLAD","items_purchased":["Flash of Steel","Molten Egg 2"],"gold_per_floor":[15,115,130,38,58,92,92,103,149,149,160,176,176,176,176,271,271,281,296,44,61,61,61,88,88,136,136,61,61,77,87,87],"floor_reached":33,"campfire_rested":3,"playtime":2276,"current_hp_per_floor":[66,66,55,55,60,42,42,37,37,37,40,32,32,32,56,37,80,76,79,79,68,68,68,36,63,63,90,90,90,92,91,91],"items_purged":["Defend_R"],"gold":87,"score":320,"play_id":"584614d6-1093-43fd-bfc9-5037cca1821d","is_prod":false,"is_daily":false,"is_ascension_mode":true,"campfire_upgraded":5,"path_taken":["M","?","M","?","M","E","R","M","T","R","M","?","R","?","R","BOSS","M","M","$","M","?","R","E","R","T","R","$","?","?","M","R","BOSS"],"build_version":"2018-02-08-PROD1","purchased_purges":1,"victory":false,"master_deck":["Strike_R+1","Strike_R","Strike_R+1","Strike_R","Defend_R+1","Defend_R+1","Bash+1","True Grit+1","Flex+1","Flash of Steel+1","Headbutt","Cleave+1","Feed","Shrug It Off+1","Warcry+1","Shrug It Off+1","Bludgeon+1","Heavy Blade+1"],"max_hp_per_floor":[80,80,80,80,80,80,80,80,80,80,80,80,80,80,80,80,80,83,86,86,89,89,89,92,92,92,92,92,92,92,92,92],"relics":["Burning Blood","Whetstone","Bronze Scales","Toolbox","Mark of Pain","Molten Egg 2","War Paint","Vajra"],"card_choices":[{"not_picked":["Twin Strike","Perfected Strike"],"picked":"True Grit"},{"not_picked":["Shockwave","Carnage"],"picked":"Flex"},{"not_picked":["Heavy Blade","Iron Wave"],"picked":"Headbutt"},{"not_picked":["Carnage","Armaments"],"picked":"Cleave"},{"not_picked":["Berserk","Fiend Fire"],"picked":"Feed"},{"not_picked":["Body Slam","True Grit"],"picked":"Shrug It Off"},{"not_picked":["Combust","Sword Boomerang"],"picked":"Warcry"},{"not_picked":["Wild Strike","Ghostly Armor"],"picked":"Bludgeon"}],"player_experience":210470,"potions_floor_usage":[6,11,16,33],"damage_taken":[{"damage":20,"enemies":"Small Slimes","floor":1,"turns":4},{"damage":17,"enemies":"Blue Slaver","floor":3,"turns":4},{"damage":1,"enemies":"Cultist","floor":5,"turns":3},{"damage":24,"enemies":"Gremlin Nob","floor":6,"turns":4},{"damage":11,"enemies":"Lots of Slimes","floor":8,"turns":3},{"damage":12,"enemies":"Exordium Thugs","floor":11,"turns":4},{"damage":14,"enemies":"Red Slaver","floor":12,"turns":2},{"damage":29,"enemies":"Slime Boss","floor":16,"turns":6},{"damage":13,"enemies":"2 Thieves","floor":18,"turns":3},{"damage":6,"enemies":"3 Byrds","floor":19,"turns":3},{"damage":20,"enemies":"3 Cultists","floor":21,"turns":5},{"damage":41,"enemies":"Slavers","floor":24,"turns":6},{"damage":1,"enemies":"Centurion and Healer","floor":30,"turns":3},{"damage":7,"enemies":"Snecko","floor":31,"turns":2},{"damage":92,"enemies":"Automaton","floor":33,"turns":8}],"event_choices":[{"event_name":"Wheel of Change","player_choice":"Gold","floor":2,"damage_taken":0},{"event_name":"Duplicator","player_choice":"One dupe","floor":22,"damage_taken":0},{"event_name":"The Library","player_choice":"Read","floor":29,"damage_taken":0}],"boss_relics":[{"not_picked":["Calling Bell","Snecko Eye"],"picked":"Mark of Pain"}],"potions_floor_spawned":[3,5,12,16,24,30],"seed_played":"6527931722226722602","killed_by":"Automaton","ascension_level":4,"is_trial":false}