{"gold_per_floor":[113,12,12,12,12,12,31,66,66,95,95,114,114,125,125,204,204,218,218,237,153,167,167,167],"floor_reached":24,"playtime":711,"items_purged":["Decay","Night Terror+1"],"score":515,"play_id":"44140434-f0e8-47da-969c-03395686bf0b","local_time":"20190116200623","is_ascension_mode":true,"campfire_choices":[{"data":"Neutralize","floor":6.0,"key":"SMITH"},{"data":"Deadly Poison","floor":11.0,"key":"SMITH"},{"floor":13.0,"key":"REST"},{"data":"Acrobatics","floor":15.0,"key":"SMITH"},{"floor":23,"key":"REST"}],"neow_cost":"CURSE","seed_source_timestamp":687634098097846,"circlet_count":0,"master_deck":["AscendersBane","Defend_G","Defend_G","Defend_G","Survivor","Neutralize+1","Die Die Die","PiercingWail","Deadly Poison+1","Dagger Throw","Acrobatics+1","Dagger Spray","After Image+1","Storm of Steel+1","Footwork+1","Backflip","Backstab","Blade Dance","Infinite Blades+1"],"special_seed":0,"relics":["Ring of the Snake","Shuriken","Smiling Mask","Frozen Egg 2","Odd Mushroom","Astrolabe"],"potions_floor_usage":[],"damage_taken":[{"damage":6.0,"enemies":"Small Slimes","floor":1.0,"turns":4.0},{"damage":0.0,"enemies":"2 Louse","floor":7.0,"turns":2.0},{"damage":23.0,"enemies":"3 Sentries","floor":8.0,"turns":8.0},{"damage":1.0,"enemies":"The Mushroom Lair","floor":10.0,"turns":4.0},{"damage":0.0,"enemies":"Jaw Worm","floor":12.0,"turns":3.0},{"damage":6.0,"enemies":"Exordium Thugs","floor":14.0,"turns":3.0},{"damage":10.0,"enemies":"Hexaghost","floor":16.0,"turns":9.0},{"damage":22.0,"enemies":"2 Thieves","floor":18.0,"turns":4.0},{"damage":14.0,"enemies":"Chosen","floor":20.0,"turns":4.0},{"damage":13,"enemies":"Snake Plant","floor":22,"turns":5},{"damage":26,"enemies":"Centurion and Healer","floor":24,"turns":4}],"seed_played":"-1720636899197465623","potions_obtained":[{"floor":8.0,"key":"SkillPotion"},{"floor":12.0,"key":"Ancient Potion"},{"floor":14.0,"key":"Poison Potion"},{"floor":18.0,"key":"Weak Potion"},{"floor":20.0,"key":"FearPotion"}],"is_trial":false,"path_per_floor":["M","$","?","?","?","R","M","E","T","?","R","M","R","M","R","B",null,"M","?","M","$","M","R","M"],"character_chosen":"THE_SILENT","items_purchased":["Deadly Poison","Infinite Blades+1"],"campfire_rested":2,"item_purchase_floors":[2,21],"current_hp_per_floor":[53,53,53,42,35,35,35,12,12,11,11,11,30,24,24,14,53,31,31,17,17,4,23,0],"gold":167,"neow_bonus":"TRANSFORM_TWO_CARDS","is_prod":false,"is_daily":false,"chose_seed":false,"campfire_upgraded":3,"win_rate":0,"timestamp":1547665583,"path_taken":["M","$","?","?","?","R","M","E","T","?","R","?","R","M","R","BOSS","M","?","M","$","M","R","M"],"build_version":"2019-01-10","purchased_purges":2,"victory":false,"max_hp_per_floor":[66,66,66,66,66,66,66,66,66,66,66,66,66,66,66,66,66,66,66,66,66,66,66,66],"card_choices":[{"not_picked":["Predator","Outmaneuver","Bane"],"picked":"SKIP","floor":1.0},{"not_picked":["Dodge and Roll","Calculated Gamble"],"picked":"Dagger Throw","floor":7.0},{"not_picked":["Terror","Dash"],"picked":"Acrobatics","floor":8.0},{"not_picked":["Outmaneuver","PiercingWail"],"picked":"Dagger Spray","floor":10.0},{"not_picked":["Quick Slash","Finisher","Underhanded Strike"],"picked":"SKIP","floor":12.0},{"not_picked":["Choke","Poisoned Stab","Calculated Gamble"],"picked":"SKIP","floor":14.0},{"not_picked":["Bullet Time","Wraith Form v2+1"],"picked":"After Image+1","floor":16.0},{"not_picked":["Dodge and Roll","Noxious Fumes+1"],"picked":"Backflip","floor":18.0},{"not_picked":["PiercingWail","Dodge and Roll"],"picked":"Blade Dance","floor":20.0},{"not_picked":["Dagger Spray","Quick Slash","Flechettes"],"picked":"SKIP","floor":22}],"player_experience":756143,"relics_obtained":[{"floor":8.0,"key":"Smiling Mask"},{"floor":9.0,"key":"Frozen Egg 2"},{"floor":10.0,"key":"Odd Mushroom"}],"event_choices":[{"damage_healed":0.0,"max_hp_gain":0.0,"max_hp_loss":0.0,"gold_gain":0.0,"event_name":"Liars Game","player_choice":"Ignored","floor":3.0,"gold_loss":0.0,"damage_taken":0.0},{"damage_healed":0.0,"max_hp_gain":0.0,"max_hp_loss":0.0,"gold_gain":0.0,"event_name":"Scrap Ooze","player_choice":"Success","floor":4.0,"gold_loss":0.0,"damage_taken":11.0,"relics_obtained":["Shuriken"]},{"cards_removed":["Strike_G"],"damage_healed":0.0,"max_hp_gain":0.0,"max_hp_loss":0.0,"gold_gain":0.0,"event_name":"Golden Wing","player_choice":"Card Removal","floor":5.0,"gold_loss":0.0,"damage_taken":7.0},{"damage_healed":0.0,"max_hp_gain":0.0,"max_hp_loss":0.0,"gold_gain":0.0,"event_name":"Mushrooms","player_choice":"Fought Mushrooms","floor":10.0,"gold_loss":0.0,"damage_taken":0.0},{"damage_healed":0.0,"max_hp_gain":0.0,"max_hp_loss":0.0,"gold_gain":0.0,"cards_transformed":["Strike_G"],"event_name":"Transmorgrifier","player_choice":"Transformed","floor":19.0,"gold_loss":0.0,"damage_taken":0.0,"cards_obtained":["Backstab"]}],"is_beta":false,"boss_relics":[{"not_picked":["Cursed Key","Velvet Choker"],"picked":"Astrolabe"}],"items_purged_floors":[2,21],"is_endless":false,"potions_floor_spawned":[8,12,14,18,20],"killed_by":"Centurion and Healer","ascension_level":15}