{"path_per_floor":["M","?","M","?","$","R","M","R","T","R","M","E","R","M","R"],"character_chosen":"DEFECT","items_purchased":["Compile Driver"],"gold_per_floor":[118,118,131,131,6,6,19,19,19,19,34,65,65,76,76,76],"floor_reached":16,"campfire_rested":0,"playtime":497,"item_purchase_floors":[],"current_hp_per_floor":[61,54,53,58,58,58,58,58,58,58,57,32,32,26,26,0],"items_purged":["Strike_B"],"gold":76,"score":135,"play_id":"8eef2a73-e201-4f95-88ea-360611d352cf","local_time":"20180609105831","is_prod":false,"is_daily":false,"chose_seed":false,"is_ascension_mode":true,"campfire_upgraded":5,"win_rate":0,"timestamp":1528534711,"campfire_choices":[{"data":"Zap","floor":6.0,"key":"SMITH"},{"data":"Dualcast","floor":8.0,"key":"SMITH"},{"data":"Gash","floor":10.0,"key":"SMITH"},{"data":"Steam","floor":13.0,"key":"SMITH"},{"data":"Conserve Battery","floor":15.0,"key":"SMITH"}],"path_taken":["M","?","?","?","$","R","M","R","T","R","M","E","R","M","R","BOSS"],"build_version":"2018-06-07v3","seed_source_timestamp":106435741134215,"purchased_purges":1,"victory":false,"master_deck":["Strike_B","Strike_B","Defend_B","Defend_B","Defend_B","Zap+1","Dualcast+1","Conserve Battery+1","Compile Driver","Gash+1","Steam+1","Chill"],"max_hp_per_floor":[75,75,75,80,80,80,80,80,80,80,80,80,80,80,80,80],"relics":["Cracked Core","Turnip","Bottled Flame"],"card_choices":[{"not_picked":["Turbo","Stack"],"picked":"Conserve Battery","floor":1.0},{"not_picked":["Heatsinks","Reprogram","Recycle"],"picked":"SKIP","floor":3.0},{"not_picked":["Ball Lightning","Streamline"],"picked":"Gash","floor":7.0},{"not_picked":["Leap","Reprogram"],"picked":"Steam","floor":11.0},{"not_picked":["Stack","Streamline","Hyperbeam"],"picked":"SKIP","floor":12.0},{"not_picked":["Stack","Streamline","Hyperbeam"],"picked":"SKIP","floor":12.0},{"not_picked":["Undo","Sweeping Beam"],"picked":"Chill","floor":14.0}],"player_experience":561871,"potions_floor_usage":[16],"damage_taken":[{"damage":7.0,"enemies":"Small Slimes","floor":1.0,"turns":3.0},{"damage":1.0,"enemies":"2 Louse","floor":3.0,"turns":3.0},{"damage":0.0,"enemies":"Cultist","floor":7.0,"turns":3.0},{"damage":1.0,"enemies":"Blue Slaver","floor":11.0,"turns":3.0},{"damage":25.0,"enemies":"Gremlin Nob","floor":12.0,"turns":4.0},{"damage":6.0,"enemies":"Exordium Wildlife","floor":14.0,"turns":3.0},{"damage":26,"enemies":"Slime Boss","floor":16,"turns":9}],"relics_obtained":[{"floor":9.0,"key":"Turnip"},{"floor":12.0,"key":"Bottled Flame"}],"event_choices":[{"event_name":"Golden Wing","player_choice":"Card Removal","floor":2.0,"damage_taken":0.0},{"event_name":"Big Fish","player_choice":"Donut","floor":4.0,"damage_taken":0.0}],"boss_relics":[],"items_purged_floors":[],"potions_floor_spawned":[1,3,14],"seed_played":"8202463920982346458","killed_by":"Slime Boss","ascension_level":7,"potions_obtained":[{"floor":1.0,"key":"Ancient Potion"},{"floor":3.0,"key":"Swift Potion"},{"floor":14.0,"key":"Ancient Potion"}],"is_trial":false}