{"gold_per_floor":[110,127,127,145,40,40,54,54,81,112,56,56,70,70,70,141,141,111,121,121,137,187,187,187,187,238,249,249,267,267],"floor_reached":30,"playtime":1056,"items_purged":[],"score":437,"play_id":"72526bef-0c4f-488e-9187-ef923c424e70","local_time":"20190221155135","is_ascension_mode":true,"campfire_choices":[{"data":"Trip","floor":6.0,"key":"SMITH"},{"data":"Blood for Blood","floor":8.0,"key":"SMITH"},{"data":"True Grit","floor":12.0,"key":"SMITH"},{"data":"Iron Wave","floor":15.0,"key":"SMITH"},{"data":"Double Tap","floor":23.0,"key":"SMITH"},{"data":"Rupture","floor":28,"key":"SMITH"}],"neow_cost":"TEN_PERCENT_HP_LOSS","seed_source_timestamp":1269404044580987,"circlet_count":0,"master_deck":["AscendersBane","Strike_R","Strike_R","Strike_R","Strike_R","Strike_R","Defend_R","Defend_R","Defend_R","Defend_R","Bash+1","Brutality","Iron Wave","Iron Wave+1","Blood for Blood+1","Trip+1","Flame Barrier","Shrug It Off","True Grit+1","Ghostly Armor","Limit Break","Rupture+1","Double Tap+1","Ghostly","Ghostly","Ghostly","Pommel Strike+1"],"special_seed":0,"relics":["Burning Blood","Anchor","Omamori","Coffee Dripper","Pen Nib"],"potions_floor_usage":[30],"damage_taken":[{"damage":11.0,"enemies":"2 Louse","floor":1.0,"turns":3.0},{"damage":2.0,"enemies":"Cultist","floor":2.0,"turns":3.0},{"damage":7.0,"enemies":"Small Slimes","floor":4.0,"turns":3.0},{"damage":4.0,"enemies":"3 Louse","floor":7.0,"turns":4.0},{"damage":32.0,"enemies":"Gremlin Nob","floor":10.0,"turns":4.0},{"damage":3.0,"enemies":"2 Fungi Beasts","floor":13.0,"turns":3.0},{"damage":32.0,"enemies":"Slime Boss","floor":16.0,"turns":6.0},{"damage":4.0,"enemies":"2 Thieves","floor":18.0,"turns":4.0},{"damage":26.0,"enemies":"Chosen","floor":19.0,"turns":5.0},{"damage":30.0,"enemies":"Shelled Parasite and Fungi","floor":21.0,"turns":8.0},{"damage":4,"enemies":"Colosseum Slavers","floor":25,"turns":5},{"damage":0,"enemies":"Snake Plant","floor":27,"turns":4},{"damage":16,"enemies":"3 Cultists","floor":29,"turns":8},{"damage":38,"enemies":"Cultist and Chosen","floor":30,"turns":6}],"seed_played":"302930742910786038","potions_obtained":[{"floor":1.0,"key":"Regen Potion"},{"floor":4.0,"key":"SteroidPotion"},{"floor":7.0,"key":"Explosive Potion"},{"floor":13.0,"key":"SteroidPotion"},{"floor":27,"key":"EssenceOfSteel"},{"floor":29,"key":"Regen Potion"}],"is_trial":false,"path_per_floor":["M","M","?","M","$","R","M","R","T","E","$","R","M","$","R","B",null,"M","M","?","M","?","R","?","?","T","M","R","M","M"],"character_chosen":"IRONCLAD","items_purchased":["Trip","True Grit"],"campfire_rested":0,"item_purchase_floors":[5,11],"current_hp_per_floor":[63,67,67,66,66,66,68,68,68,42,42,42,45,45,45,19,56,58,38,38,14,14,14,14,16,16,22,22,12,0],"gold":267,"neow_bonus":"THREE_RARE_CARDS","is_prod":false,"is_daily":false,"chose_seed":false,"campfire_upgraded":6,"win_rate":0,"timestamp":1550760695,"path_taken":["M","M","?","?","$","R","M","R","T","E","$","R","M","?","R","BOSS","M","M","?","M","?","R","?","?","T","M","R","M","M"],"build_version":"2019-01-23","purchased_purges":0,"victory":false,"max_hp_per_floor":[68,68,68,68,68,68,68,68,68,68,68,68,68,68,68,68,68,68,68,68,68,68,68,34,34,34,34,34,34,34],"card_choices":[{"not_picked":["Dark Embrace","Juggernaut"],"picked":"Brutality","floor":0.0},{"not_picked":["Sever Soul","Fire Breathing"],"picked":"Iron Wave","floor":1.0},{"not_picked":["Clothesline","Hemokinesis"],"picked":"Iron Wave","floor":2.0},{"not_picked":["Power Through","Heavy Blade"],"picked":"Blood for Blood","floor":4.0},{"not_picked":["Pommel Strike","Sword Boomerang"],"picked":"Flame Barrier","floor":7.0},{"not_picked":["Cleave","Flex"],"picked":"Shrug It Off","floor":10.0},{"not_picked":["Hemokinesis","Bloodletting"],"picked":"Ghostly Armor","floor":13.0},{"not_picked":["Bludgeon","Berserk"],"picked":"Limit Break","floor":16.0},{"not_picked":["Armaments+1","Twin Strike"],"picked":"Rupture","floor":18.0},{"not_picked":["Twin Strike+1","Clothesline","Pummel"],"picked":"SKIP","floor":19.0},{"not_picked":["Warcry","Armaments+1"],"picked":"Double Tap","floor":21.0},{"not_picked":["Wild Strike","Cleave"],"picked":"Pommel Strike+1","floor":27},{"not_picked":["Burning Pact","Perfected Strike","True Grit"],"picked":"SKIP","floor":29}],"player_experience":846787,"relics_obtained":[{"floor":9.0,"key":"Anchor"},{"floor":10.0,"key":"Omamori"},{"floor":26,"key":"Pen Nib"}],"event_choices":[{"damage_healed":0.0,"max_hp_gain":0.0,"max_hp_loss":0.0,"gold_gain":0.0,"event_name":"Upgrade Shrine","player_choice":"Upgraded","floor":3.0,"gold_loss":0.0,"damage_taken":0.0,"cards_upgraded":["Bash"]},{"damage_healed":0.0,"max_hp_gain":0.0,"max_hp_loss":0.0,"gold_gain":0.0,"event_name":"Cursed Tome","player_choice":"Ignored","floor":20.0,"gold_loss":0.0,"damage_taken":0.0},{"damage_healed":0.0,"max_hp_gain":0.0,"max_hp_loss":0.0,"gold_gain":50.0,"event_name":"Nest","player_choice":"Stole From Cult","floor":22.0,"gold_loss":0.0,"damage_taken":0.0},{"damage_healed":0.0,"max_hp_gain":0.0,"max_hp_loss":34.0,"gold_gain":0.0,"event_name":"Ghosts","player_choice":"Became a Ghost","floor":24.0,"gold_loss":0.0,"damage_taken":0.0,"cards_obtained":["Ghostly","Ghostly","Ghostly"]},{"damage_healed":0,"gold_gain":0,"player_choice":"Fight","damage_taken":0,"max_hp_gain":0,"max_hp_loss":0,"event_name":"Colosseum","floor":25,"gold_loss":0},{"damage_healed":0,"gold_gain":0,"player_choice":"Fled From Nobs","damage_taken":0,"max_hp_gain":0,"max_hp_loss":0,"event_name":"Colosseum","floor":25,"gold_loss":0}],"is_beta":false,"boss_relics":[{"not_picked":["Busted Crown","Eternal Feather"],"picked":"Coffee Dripper"}],"items_purged_floors":[],"is_endless":false,"potions_floor_spawned":[1,4,7,13,27,29],"killed_by":"Cultist and Chosen","ascension_level":18}