{"gold_per_floor":[11,11,29,41,61,93,105,127,220,243,255,292,304,331,343,452,464,493,517,479,508,532,544,587,599,611,206,206,206,226,238,238,339,339,355,630,106,117,137,137,137],"floor_reached":41,"playtime":1506,"items_purged":["Strike_B","Regret"],"score":575,"play_id":"713b8dee-3a5b-42fa-8e0e-4e019e189c06","local_time":"20190730220436","is_ascension_mode":true,"campfire_choices":[{"data":"Electrodynamics","floor":7,"key":"SMITH"},{"floor":11,"key":"REST"},{"floor":13,"key":"REST"},{"data":"Defragment","floor":15,"key":"SMITH"},{"floor":23,"key":"REST"},{"data":"Fusion","floor":28,"key":"SMITH"},{"data":"Loop","floor":32,"key":"SMITH"},{"data":"Skim","floor":40,"key":"PURGE"}],"neow_cost":"NO_GOLD","seed_source_timestamp":1653810371739138,"circlet_count":0,"master_deck":["Strike_B","Strike_B","Defend_B","Defend_B","Defend_B","Defend_B","Zap","Dualcast","Amplify","Defragment+1","Rip and Tear","Storm","Leap","Sweeping Beam","Electrodynamics+1","Fusion","Turbo","Buffer+1","Loop+1","Fusion+1","Doom and Gloom+1","Consume","Capacitor","Sweeping Beam+1","Thunder Strike","Static Discharge","Heatsinks+1"],"relics":["Cracked Core","MawBank","Bottled Tornado","Prayer Wheel","Philosopher\u0027s Stone","Juzu Bracelet","The Courier","Bottled Lightning","Lee\u0027s Waffle","White Beast Statue","Peace Pipe","Singing Bowl"],"potions_floor_usage":[6,12,22,24,33,33,38,41,41,41],"damage_taken":[{"damage":2,"enemies":"Jaw Worm","floor":1,"turns":3},{"damage":0,"enemies":"Cultist","floor":3,"turns":2},{"damage":5,"enemies":"2 Louse","floor":4,"turns":2},{"damage":25,"enemies":"Lots of Slimes","floor":5,"turns":4},{"damage":22,"enemies":"Gremlin Nob","floor":6,"turns":4},{"damage":0,"enemies":"3 Louse","floor":8,"turns":1},{"damage":7,"enemies":"2 Fungi Beasts","floor":10,"turns":2},{"damage":27,"enemies":"Lagavulin","floor":12,"turns":5},{"damage":0,"enemies":"Gremlin Gang","floor":14,"turns":1},{"damage":0,"enemies":"Slime Boss","floor":16,"turns":5},{"damage":0,"enemies":"Spheric Guardian","floor":18,"turns":3},{"damage":15,"enemies":"Shell Parasite","floor":19,"turns":5},{"damage":14,"enemies":"Cultist and Chosen","floor":21,"turns":4},{"damage":28,"enemies":"Snake Plant","floor":22,"turns":3},{"damage":23,"enemies":"Slavers","floor":24,"turns":2},{"damage":36,"enemies":"Shelled Parasite and Fungi","floor":30,"turns":4},{"damage":0,"enemies":"3 Cultists","floor":31,"turns":2},{"damage":16,"enemies":"Automaton","floor":33,"turns":7},{"damage":19,"enemies":"Orb Walker","floor":35,"turns":3},{"damage":31,"enemies":"3 Darklings","floor":38,"turns":3},{"damage":12,"enemies":"Jaw Worm Horde","floor":39,"turns":2},{"damage":37,"enemies":"Nemesis","floor":41,"turns":3}],"seed_played":"1493140448689998189","potions_obtained":[{"floor":1,"key":"Energy Potion"},{"floor":4,"key":"Block Potion"},{"floor":8,"key":"FearPotion"},{"floor":12,"key":"Block Potion"},{"floor":18,"key":"FocusPotion"},{"floor":22,"key":"Fire Potion"},{"floor":30,"key":"LiquidBronze"},{"floor":33,"key":"Explosive Potion"},{"floor":35,"key":"Block Potion"},{"floor":38,"key":"Weak Potion"}],"is_trial":false,"path_per_floor":["M","?","M","M","M","E","R","M","T","M","R","E","R","M","R","B",null,"M","M","?","M","M","R","E","?","T","$","R","?","M","M","R","B",null,"M","?","$","M","M","R","E"],"character_chosen":"DEFECT","items_purchased":["Bottled Lightning","Lee\u0027s Waffle","Peace Pipe","Singing Bowl"],"campfire_rested":3,"item_purchase_floors":[27,27,37,37],"current_hp_per_floor":[73,73,73,68,43,21,21,21,21,14,36,9,31,31,31,31,75,75,60,60,46,18,40,17,42,42,82,82,82,46,46,46,30,82,63,63,63,36,28,28,0],"gold":137,"neow_bonus":"THREE_RARE_CARDS","is_prod":false,"is_daily":false,"chose_seed":false,"campfire_upgraded":4,"win_rate":0,"timestamp":1564538676,"path_taken":["M","?","?","M","M","E","R","M","T","M","R","E","R","M","R","BOSS","M","M","?","M","?","R","E","?","T","$","R","?","M","M","R","BOSS","M","?","$","M","M","R","E"],"build_version":"2019-07-17","purchased_purges":2,"victory":false,"max_hp_per_floor":[75,75,75,75,75,75,75,75,75,75,75,75,75,75,75,75,75,75,75,75,75,75,75,75,75,75,82,82,82,82,82,82,82,82,82,82,82,86,90,90,90],"card_choices":[{"not_picked":["Core Surge","Reboot"],"picked":"Amplify","floor":0},{"not_picked":["Storm","Auto Shields"],"picked":"Defragment","floor":1},{"not_picked":["Go for the Eyes","Steam Power"],"picked":"Storm","floor":3},{"not_picked":["Aggregate","Go for the Eyes"],"picked":"Leap","floor":4},{"not_picked":["Chaos","Streamline"],"picked":"Sweeping Beam","floor":5},{"not_picked":["Redo","Cold Snap"],"picked":"Electrodynamics","floor":6},{"not_picked":["Chill","Glacier","Cold Snap"],"picked":"SKIP","floor":8},{"not_picked":["Doom and Gloom","Go for the Eyes"],"picked":"Fusion","floor":10},{"not_picked":["Streamline","Stack","Hologram"],"picked":"SKIP","floor":12},{"not_picked":["Steam","Sweeping Beam"],"picked":"Turbo","floor":14},{"not_picked":["Aggregate","Lockon","Conserve Battery"],"picked":"SKIP","floor":14},{"not_picked":["Reboot","Echo Form"],"picked":"Buffer","floor":16},{"not_picked":["Steam+1","Chill"],"picked":"Skim","floor":18},{"not_picked":["Gash","Chill","Beam Cell"],"picked":"SKIP","floor":18},{"not_picked":["Steam","Cold Snap"],"picked":"Loop","floor":19},{"not_picked":["Beam Cell","Hologram","Darkness"],"picked":"SKIP","floor":19},{"not_picked":["Aggregate","Redo","Steam"],"picked":"SKIP","floor":21},{"not_picked":["Lockon","Skim","Conserve Battery"],"picked":"SKIP","floor":21},{"not_picked":["Ball Lightning","Turbo+1"],"picked":"Fusion","floor":22},{"not_picked":["Sunder","Scrape+1"],"picked":"Doom and Gloom+1","floor":22},{"not_picked":["Sweeping Beam","Sunder"],"picked":"Consume","floor":24},{"not_picked":["Leap","Darkness"],"picked":"Capacitor","floor":30},{"not_picked":["Aggregate","Steam","Compile Driver"],"picked":"SKIP","floor":30},{"not_picked":["Melter","Heatsinks"],"picked":"Sweeping Beam+1","floor":31},{"not_picked":["Skim","Hologram","Tempest"],"picked":"SKIP","floor":31},{"not_picked":["Reboot","Meteor Strike"],"picked":"Thunder Strike","floor":33},{"not_picked":["Aggregate","Coolheaded+1"],"picked":"Static Discharge","floor":35},{"not_picked":["Recycle+1","Conserve Battery"],"picked":"Heatsinks+1","floor":35},{"not_picked":["Rebound","Lockon+1","Beam Cell+1"],"picked":"Singing Bowl","floor":38},{"not_picked":["Doom and Gloom","Ball Lightning+1","Coolheaded"],"picked":"Singing Bowl","floor":38},{"not_picked":["Glacier+1","Steam","Sweeping Beam"],"picked":"Singing Bowl","floor":39},{"not_picked":["Conserve Battery+1","Redo+1","Sunder"],"picked":"Singing Bowl","floor":39}],"player_experience":243392,"relics_obtained":[{"floor":6,"key":"MawBank"},{"floor":9,"key":"Bottled Tornado"},{"floor":12,"key":"Prayer Wheel"},{"floor":24,"key":"Juzu Bracelet"},{"floor":26,"key":"The Courier"}],"event_choices":[{"damage_healed":0,"gold_gain":0,"cards_transformed":["Strike_B"],"player_choice":"Transformed","damage_taken":0,"max_hp_gain":0,"max_hp_loss":0,"event_name":"Transmorgrifier","floor":2,"gold_loss":0,"cards_obtained":["Rip and Tear"]},{"damage_healed":0,"gold_gain":0,"player_choice":"Bet on Murderer","damage_taken":0,"max_hp_gain":0,"max_hp_loss":0,"event_name":"The Joust","floor":20,"gold_loss":50},{"damage_healed":25,"gold_gain":0,"player_choice":"Heal","damage_taken":0,"max_hp_gain":0,"max_hp_loss":0,"event_name":"The Library","floor":25,"gold_loss":0},{"damage_healed":0,"gold_gain":0,"player_choice":"Upgraded","damage_taken":0,"max_hp_gain":0,"max_hp_loss":0,"event_name":"Upgrade Shrine","floor":29,"gold_loss":0,"cards_upgraded":["Buffer"]},{"damage_healed":0,"gold_gain":275,"player_choice":"Desecrate","damage_taken":0,"max_hp_gain":0,"max_hp_loss":0,"event_name":"Golden Shrine","floor":36,"gold_loss":0,"cards_obtained":["Regret"]}],"is_beta":false,"boss_relics":[{"not_picked":["Pandora\u0027s Box","Tiny House"],"picked":"Philosopher\u0027s Stone"},{"not_picked":["Snecko Eye","Coffee Dripper"],"picked":"White Beast Statue"}],"items_purged_floors":[27,37],"is_endless":false,"potions_floor_spawned":[1,4,8,12,18,19,22,30,33,35,38,39],"killed_by":"Nemesis","ascension_level":2}