{"gold_per_floor":[112,112,123,123,198,198,198,226,226,226,252,272,272,288,288,387,387,403,420,420,2,17,34,107,107,107,107,119,119,130,130,130,130],"floor_reached":33,"playtime":784,"items_purged":["Strike_R"],"score":253,"play_id":"fdd8ef35-9c1b-4755-b932-49c4da346286","local_time":"20190310092748","is_ascension_mode":false,"campfire_choices":[{"data":"Iron Wave","floor":6.0,"key":"SMITH"},{"floor":10.0,"key":"REST"},{"floor":13.0,"key":"DIG"},{"floor":15.0,"key":"DIG"},{"floor":25.0,"key":"DIG"},{"floor":29.0,"key":"DIG"},{"data":"1","floor":32,"key":"LIFT"}],"neow_cost":"NONE","seed_source_timestamp":79184170566839,"circlet_count":0,"master_deck":["Strike_R","Strike_R+1","Defend_R+1","Defend_R","Defend_R","Bash+1","Iron Wave+1","Cleave+1","Headbutt+1"],"special_seed":0,"relics":["Burning Blood","Letter Opener","Mercury Hourglass","Shovel","Odd Mushroom","Bronze Scales","Molten Egg 2","Black Star","Membership Card","Ginger","Dodecahedron","Girya","Kunai","Sundial","Ice Cream","Enchiridion"],"potions_floor_usage":[],"damage_taken":[{"damage":0.0,"enemies":"2 Louse","floor":1.0,"turns":2.0},{"damage":8.0,"enemies":"Cultist","floor":3.0,"turns":5.0},{"damage":21.0,"enemies":"Gremlin Nob","floor":8.0,"turns":4.0},{"damage":18.0,"enemies":"3 Sentries","floor":11.0,"turns":8.0},{"damage":9.0,"enemies":"The Mushroom Lair","floor":12.0,"turns":4.0},{"damage":0.0,"enemies":"Small Slimes","floor":14.0,"turns":2.0},{"damage":32.0,"enemies":"Hexaghost","floor":16.0,"turns":9.0},{"damage":19.0,"enemies":"Chosen","floor":18.0,"turns":5.0},{"damage":12.0,"enemies":"Spheric Guardian","floor":19.0,"turns":4.0},{"damage":7.0,"enemies":"Chosen and Byrds","floor":22.0,"turns":4.0},{"damage":18.0,"enemies":"Shelled Parasite and Fungi","floor":23.0,"turns":5.0},{"damage":9.0,"enemies":"Cultist and Chosen","floor":28.0,"turns":4.0},{"damage":5.0,"enemies":"Snake Plant","floor":30.0,"turns":3.0},{"damage":0,"enemies":"Automaton","floor":33,"turns":2}],"seed_played":"-2443839977221325597","potions_obtained":[{"floor":1.0,"key":"EssenceOfSteel"},{"floor":3.0,"key":"Ancient Potion"},{"floor":14.0,"key":"Dexterity Potion"},{"floor":16.0,"key":"Weak Potion"},{"floor":19.0,"key":"Explosive Potion"},{"floor":28.0,"key":"Energy Potion"}],"is_trial":false,"path_per_floor":["M","?","M","?","?","R","?","E","T","R","E","?","R","M","R","B",null,"M","M","?","$","M","M","T","R","T","?","M","R","M","?","R","B"],"character_chosen":"IRONCLAD","items_purchased":["Membership Card","Ginger"],"campfire_rested":1,"item_purchase_floors":[21,21],"current_hp_per_floor":[80,80,78,62,51,51,51,36,36,60,48,45,45,51,51,25,80,67,61,61,61,60,48,48,48,48,48,45,45,46,30,30,30],"gold":130,"neow_bonus":"REMOVE_CARD","is_prod":false,"is_daily":false,"chose_seed":false,"campfire_upgraded":1,"win_rate":0,"timestamp":1552206468,"path_taken":["M","?","?","?","?","R","?","E","T","R","E","?","R","M","R","BOSS","M","M","?","$","M","?","?","R","T","?","?","R","M","?","R","BOSS"],"build_version":"2019-01-23","purchased_purges":1,"victory":false,"max_hp_per_floor":[80,80,80,80,80,80,80,80,80,80,80,80,80,80,80,80,80,80,80,80,80,80,80,80,80,80,80,80,80,80,80,80,80],"card_choices":[{"not_picked":["Dropkick","Perfected Strike","Clothesline"],"picked":"SKIP","floor":1.0},{"not_picked":["Body Slam","Warcry"],"picked":"Iron Wave","floor":3.0},{"not_picked":["Seeing Red","Flame Barrier","Twin Strike"],"picked":"SKIP","floor":8.0},{"not_picked":["Iron Wave","Dropkick","Whirlwind"],"picked":"SKIP","floor":11.0},{"not_picked":["Havoc","Iron Wave","Dropkick"],"picked":"SKIP","floor":14.0},{"not_picked":["Body Slam+1","Heavy Blade+1"],"picked":"Cleave+1","floor":18.0},{"not_picked":["True Grit","Cleave+1"],"picked":"Headbutt+1","floor":19.0},{"not_picked":["Uppercut+1","Cleave+1","Havoc"],"picked":"SKIP","floor":22.0},{"not_picked":["Blood for Blood+1","Pommel Strike+1","Entrench"],"picked":"SKIP","floor":23.0},{"not_picked":["Clash+1","Perfected Strike+1","Burning Pact"],"picked":"SKIP","floor":28.0},{"not_picked":["Iron Wave+1","Impervious","Ghostly Armor"],"picked":"SKIP","floor":30.0}],"player_experience":966207,"relics_obtained":[{"floor":8.0,"key":"Letter Opener"},{"floor":9.0,"key":"Mercury Hourglass"},{"floor":11.0,"key":"Shovel"},{"floor":12.0,"key":"Odd Mushroom"},{"floor":13.0,"key":"Bronze Scales"},{"floor":15.0,"key":"Molten Egg 2"},{"floor":24.0,"key":"Dodecahedron"},{"floor":25.0,"key":"Girya"},{"floor":26.0,"key":"Kunai"},{"floor":29.0,"key":"Ice Cream"},{"floor":31.0,"key":"Enchiridion"}],"event_choices":[{"cards_removed":["Strike_R"],"damage_healed":0.0,"max_hp_gain":0.0,"max_hp_loss":0.0,"gold_gain":0.0,"event_name":"Bonfire Elementals","player_choice":"Offered Basic","floor":2.0,"gold_loss":0.0,"damage_taken":0.0},{"damage_healed":0.0,"max_hp_gain":0.0,"max_hp_loss":0.0,"gold_gain":0.0,"event_name":"Shining Light","player_choice":"Entered Light","floor":4.0,"gold_loss":0.0,"damage_taken":16.0,"cards_upgraded":["Bash","Strike_R"]},{"damage_healed":0.0,"max_hp_gain":0.0,"max_hp_loss":0.0,"gold_gain":75.0,"event_name":"World of Goop","player_choice":"Gather Gold","floor":5.0,"gold_loss":0.0,"damage_taken":11.0},{"cards_removed":["Defend_R"],"damage_healed":0.0,"max_hp_gain":0.0,"max_hp_loss":0.0,"gold_gain":0.0,"event_name":"Living Wall","player_choice":"Forget","floor":7.0,"gold_loss":0.0,"damage_taken":0.0},{"damage_healed":0.0,"max_hp_gain":0.0,"max_hp_loss":0.0,"gold_gain":0.0,"event_name":"Mushrooms","player_choice":"Fought Mushrooms","floor":12.0,"gold_loss":0.0,"damage_taken":0.0},{"damage_healed":0.0,"max_hp_gain":0.0,"max_hp_loss":0.0,"gold_gain":0.0,"event_name":"Upgrade Shrine","player_choice":"Upgraded","floor":20.0,"gold_loss":0.0,"damage_taken":0.0,"cards_upgraded":["Defend_R"]},{"damage_healed":0.0,"max_hp_gain":0.0,"max_hp_loss":0.0,"gold_gain":0.0,"event_name":"WeMeetAgain","player_choice":"Gave Potion","floor":27.0,"gold_loss":0.0,"damage_taken":0.0,"relics_obtained":["Sundial"]},{"damage_healed":0.0,"max_hp_gain":0.0,"max_hp_loss":0.0,"gold_gain":0.0,"event_name":"Cursed Tome","player_choice":"Obtained Book","floor":31.0,"gold_loss":0.0,"damage_taken":16.0}],"is_beta":false,"boss_relics":[{"not_picked":["Runic Cube","Busted Crown"],"picked":"Black Star"}],"items_purged_floors":[21],"is_endless":false,"potions_floor_spawned":[1,3,14,16,19,28],"killed_by":"Automaton","ascension_level":0}