{"gold_per_floor":[211,228,228,228,153,153,186,205,231,250,250,263,48,70,70,141,141,153,173,5,22,36,36,36,36,36,36,49,49,49,49,49,49],"floor_reached":33,"playtime":1063,"items_purged":["Strike_R","Defend_R"],"score":429,"play_id":"a6e19fbb-7dd5-40e9-8e42-20f9a8baf5df","local_time":"20180808174809","is_ascension_mode":true,"campfire_choices":[{"data":"Bash","floor":6.0,"key":"SMITH"},{"floor":11.0,"key":"REST"},{"data":"Rage","floor":15.0,"key":"SMITH"},{"data":"Metallicize","floor":23,"key":"SMITH"},{"data":"Spot Weakness","floor":25,"key":"SMITH"},{"data":"Flame Barrier","floor":27,"key":"SMITH"},{"data":"Sword Boomerang","floor":32,"key":"SMITH"}],"neow_cost":"NONE","seed_source_timestamp":454331212002657,"circlet_count":0,"master_deck":["Strike_R","Strike_R","Strike_R","Defend_R","Defend_R","Defend_R","Bash+1","AscendersBane","Sword Boomerang+1","Rampage","Rage+1","Spot Weakness+1","Cleave","Shrug It Off","Impervious","Flame Barrier+1","Body Slam+1","Metallicize+1","Shrug It Off"],"special_seed":0,"relics":["Burning Blood","Dream Catcher","Bronze Scales","Medical Kit","Odd Mushroom","Coffee Dripper","Darkstone Periapt"],"potions_floor_usage":[21,28],"damage_taken":[{"damage":11.0,"enemies":"Cultist","floor":1.0,"turns":4.0},{"damage":9.0,"enemies":"Jaw Worm","floor":2.0,"turns":4.0},{"damage":20.0,"enemies":"Gremlin Nob","floor":7.0,"turns":4.0},{"damage":8.0,"enemies":"Small Slimes","floor":8.0,"turns":4.0},{"damage":25.0,"enemies":"Exordium Wildlife","floor":10.0,"turns":4.0},{"damage":10.0,"enemies":"2 Fungi Beasts","floor":12.0,"turns":3.0},{"damage":13.0,"floor":14.0,"turns":4.0},{"damage":33.0,"enemies":"Hexaghost","floor":16.0,"turns":9.0},{"damage":3.0,"enemies":"3 Byrds","floor":18.0,"turns":3.0},{"damage":17.0,"enemies":"Shell Parasite","floor":19.0,"turns":4.0},{"damage":16,"enemies":"Chosen and Byrds","floor":21,"turns":8},{"damage":23,"enemies":"Snake Plant","floor":22,"turns":4},{"damage":21,"enemies":"Slaver and Parasite","floor":28,"turns":6},{"damage":39,"enemies":"Champ","floor":33,"turns":9}],"seed_played":"-721270588006760992","potions_obtained":[{"floor":8.0,"key":"GamblersBrew"},{"floor":14.0,"key":"Dexterity Potion"},{"floor":16.0,"key":"Energy Potion"},{"floor":18.0,"key":"Ancient Potion"},{"floor":21,"key":"Regen Potion"},{"floor":28,"key":"Dexterity Potion"}],"is_trial":false,"path_per_floor":["M","M","?","?","$","R","E","M","T","M","R","M","$","?","R","B",null,"M","M","$","M","M","R","?","R","T","R","M","$","?","$","R"],"character_chosen":"IRONCLAD","items_purchased":["Medical Kit","Shrug It Off","Flame Barrier"],"campfire_rested":1,"item_purchase_floors":[13,13,20],"current_hp_per_floor":[63,60,65,65,65,65,51,49,49,30,54,50,50,43,43,16,64,67,56,56,46,29,29,29,29,29,29,29,29,29,29,29,0],"gold":49,"neow_bonus":"HUNDRED_GOLD","is_prod":false,"is_daily":false,"chose_seed":false,"campfire_upgraded":6,"win_rate":0,"timestamp":1533743289,"path_taken":["M","M","?","?","$","R","E","M","T","M","R","M","$","?","R","BOSS","M","M","$","M","M","R","?","R","T","R","M","?","?","$","R","BOSS"],"build_version":"2018-08-02","purchased_purges":2,"victory":false,"max_hp_per_floor":[75,75,80,80,80,80,80,80,80,80,80,80,80,80,80,80,80,80,80,80,80,80,80,80,80,80,80,80,80,80,80,80,80],"card_choices":[{"not_picked":["Wild Strike","Body Slam"],"picked":"Sword Boomerang","floor":1.0},{"not_picked":["Twin Strike","Armaments"],"picked":"Rampage","floor":2.0},{"not_picked":["Brutality","Offering"],"picked":"Rage","floor":7.0},{"not_picked":["Flex","Anger","Rampage"],"picked":"SKIP","floor":8.0},{"not_picked":["Warcry","True Grit"],"picked":"Spot Weakness","floor":10.0},{"not_picked":["Body Slam","Fire Breathing"],"picked":"Cleave","floor":11.0},{"not_picked":["Corruption","Clothesline","Headbutt"],"picked":"SKIP","floor":12.0},{"not_picked":["Brutality","Demon Form"],"picked":"Impervious","floor":16.0},{"not_picked":["Havoc","Rampage","True Grit"],"picked":"SKIP","floor":18.0},{"not_picked":["Combust","Sword Boomerang","True Grit"],"picked":"SKIP","floor":19.0},{"not_picked":["Uppercut","Cleave"],"picked":"Body Slam+1","floor":21},{"not_picked":["Wild Strike","Headbutt"],"picked":"Metallicize","floor":22},{"not_picked":["Combust","Bludgeon"],"picked":"Shrug It Off","floor":28}],"player_experience":599933,"relics_obtained":[{"floor":7.0,"key":"Dream Catcher"},{"floor":9.0,"key":"Bronze Scales"},{"floor":14.0,"key":"Odd Mushroom"},{"floor":26,"key":"Darkstone Periapt"}],"event_choices":[{"event_name":"Big Fish","player_choice":"Donut","floor":3.0,"damage_taken":0.0},{"event_name":"Living Wall","player_choice":"Forget","floor":4.0,"damage_taken":0.0},{"event_name":"Mushrooms","player_choice":"Fought Mushrooms","floor":14.0,"damage_taken":0.0},{"event_name":"Beggar","player_choice":"Ignored","floor":24,"damage_taken":0},{"event_name":"Vampires","player_choice":"Ignored","floor":30,"damage_taken":0}],"is_beta":false,"boss_relics":[{"not_picked":["Philosopher\u0027s Stone","Runic Cube"],"picked":"Coffee Dripper"}],"items_purged_floors":[5,20],"is_endless":false,"potions_floor_spawned":[8,14,16,18,19,21,28],"killed_by":"Champ","ascension_level":15}