{"path_per_floor":["M","?","M","M","$","R","M","E","T","$","R","M","E","M","R","B",null,"M","$","?","?","M","E","R","?","T","M","R","$","E","$","R","B",null,"M","M","$","?","$","R"],"character_chosen":"IRONCLAD","items_purchased":["Shrug It Off","War Paint","Trip"],"gold_per_floor":[115,115,135,150,53,53,68,101,101,1,1,21,47,61,61,156,156,167,10,10,10,20,53,53,53,53,72,72,72,98,98,98,196,196,213,233,108,108,3,3],"floor_reached":41,"campfire_rested":2,"playtime":2176,"current_hp_per_floor":[66,66,55,60,60,60,62,38,48,48,48,26,23,23,23,24,68,70,70,70,54,60,28,52,52,52,40,40,40,22,22,46,45,73,44,42,42,42,42,42],"items_purged":["Strike_R","Strike_R","Strike_R"],"gold":3,"score":556,"play_id":"8cc47eca-661a-440d-8c26-fdf52e5d4b2f","is_prod":false,"is_daily":false,"is_ascension_mode":true,"campfire_upgraded":3,"path_taken":["M","?","M","?","$","R","?","E","T","?","R","M","E","M","R","BOSS","M","$","?","?","?","E","R","?","T","M","R","$","E","$","R","BOSS","M","M","$","?","$","R","E"],"build_version":"2018-02-12-PROD1","purchased_purges":3,"victory":false,"master_deck":["Strike_R","Strike_R","Defend_R","Defend_R+1","Defend_R","Bash+1","Headbutt+1","Battle Trance+1","Rampage+1","Shrug It Off","Inflame","Limit Break+1","Headbutt","Warcry","Heavy Blade","Double Tap","True Grit+1","Seeing Red","Trip+1"],"max_hp_per_floor":[72,72,72,72,72,72,72,72,82,82,82,82,82,82,82,82,82,82,82,82,82,82,82,82,82,82,82,82,82,82,82,82,82,82,82,82,82,82,82,82],"relics":["Burning Blood","Girya","Magic Flower","Pear","Velvet Choker","War Paint","Enchiridion","Dodecahedron","Nloth\u0027s Gift","Champion Belt","Whetstone","Question Card"],"card_choices":[{"not_picked":["Iron Wave","Clash"],"picked":"Headbutt"},{"not_picked":["Uppercut","Twin Strike"],"picked":"Battle Trance"},{"not_picked":["Headbutt","Anger"],"picked":"Rampage"},{"not_picked":["Fire Breathing","Pummel"],"picked":"Inflame"},{"not_picked":["Pommel Strike","Clothesline"],"picked":"Limit Break"},{"not_picked":["Clash","Sword Boomerang"],"picked":"Headbutt"},{"not_picked":["Clothesline","Flex"],"picked":"Warcry"},{"not_picked":["Thunderclap","Havoc"],"picked":"Heavy Blade"},{"not_picked":["Exhume","Impervious"],"picked":"Double Tap"},{"not_picked":["Second Wind","Clash","Warcry"],"picked":"True Grit"},{"not_picked":["Sword Boomerang","Blood for Blood","Entrench"],"picked":"Seeing Red"}],"player_experience":285817,"potions_floor_usage":[13,16,16,23,30,33,33,41,41],"damage_taken":[{"damage":12.0,"enemies":"Small Slimes","floor":1.0,"turns":3.0},{"damage":17.0,"enemies":"Blue Slaver","floor":3.0,"turns":5.0},{"damage":1.0,"enemies":"Cultist","floor":4.0,"turns":3.0},{"damage":4.0,"enemies":"3 Louse","floor":7.0,"turns":5.0},{"damage":30.0,"enemies":"3 Sentries","floor":8.0,"turns":7.0},{"damage":31.0,"enemies":"Exordium Thugs","floor":12.0,"turns":5.0},{"damage":12,"enemies":"Lagavulin","floor":13,"turns":4},{"damage":9,"enemies":"Looter","floor":14,"turns":3},{"damage":8,"enemies":"The Guardian","floor":16,"turns":7},{"damage":7,"enemies":"Chosen","floor":18,"turns":3},{"damage":3,"enemies":"Spheric Guardian","floor":22,"turns":3},{"damage":41,"enemies":"Gremlin Leader","floor":23,"turns":5},{"damage":21,"enemies":"Snake Plant","floor":27,"turns":3},{"damage":27,"enemies":"Book of Stabbing","floor":30,"turns":4},{"damage":10,"enemies":"Collector","floor":33,"turns":5},{"damage":38,"enemies":"3 Darklings","floor":35,"turns":7},{"damage":11,"enemies":"Orb Walker","floor":36,"turns":3},{"damage":43,"enemies":"2 Orb Walkers","floor":41,"turns":4}],"event_choices":[{"event_name":"The Lab","player_choice":"Got Potions","floor":2.0,"damage_taken":0.0},{"event_name":"Beggar","player_choice":"Ignored","floor":20,"damage_taken":0},{"event_name":"Cursed Tome","player_choice":"Obtained Book","floor":21,"damage_taken":0},{"event_name":"N\u0027loth","player_choice":"Traded a Darkstone Periapt","floor":25,"damage_taken":0}],"boss_relics":[{"not_picked":["Black Star","Philosopher\u0027s Stone"],"picked":"Velvet Choker"},{"not_picked":["Black Blood","White Beast Statue"],"picked":"Question Card"}],"potions_floor_spawned":[7,8,12,16,18,23,27,33,35,36],"seed_played":"-7067425468241902132","killed_by":"2 Orb Walkers","ascension_level":7,"is_trial":false}