{"gold_per_floor":[110,110,130,140,16,41,41,53,53,53,70,70,70,70,70,70],"floor_reached":16,"playtime":528,"items_purged":["Strike_R"],"score":130,"play_id":"5bbd4b3c-f1c1-42c7-be53-75327661804c","local_time":"20190109185731","is_ascension_mode":true,"campfire_choices":[{"data":"Barricade","floor":7.0,"key":"SMITH"},{"data":"Bash","floor":13.0,"key":"SMITH"},{"data":"Bloodletting","floor":15,"key":"SMITH"}],"neow_cost":"NONE","seed_source_timestamp":250368035249097,"circlet_count":0,"master_deck":["Strike_R","Strike_R","Strike_R","Defend_R","Defend_R","Defend_R","Defend_R","Bash+1","Barricade+1","Disarm","Dropkick","Shrug It Off","Bloodletting+1"],"special_seed":0,"relics":["Burning Blood","Smiling Mask","The Courier","Pear"],"potions_floor_usage":[16],"damage_taken":[{"damage":5.0,"enemies":"Small Slimes","floor":1.0,"turns":5.0},{"damage":8.0,"enemies":"Jaw Worm","floor":3.0,"turns":4.0},{"damage":6.0,"enemies":"Cultist","floor":4.0,"turns":3.0},{"damage":52.0,"enemies":"3 Sentries","floor":6.0,"turns":13.0},{"damage":7.0,"enemies":"Looter","floor":8.0,"turns":4.0},{"damage":22.0,"enemies":"Exordium Wildlife","floor":11.0,"turns":6.0},{"damage":80,"enemies":"Hexaghost","floor":16,"turns":16}],"seed_played":"-2087512067770659789","potions_obtained":[{"floor":4.0,"key":"Strength Potion"},{"floor":8.0,"key":"Ancient Potion"},{"floor":11.0,"key":"SkillPotion"}],"is_trial":false,"path_per_floor":["M","?","M","M","$","E","R","M","T","?","M","?","R","?","R","B"],"character_chosen":"IRONCLAD","items_purchased":["Dropkick"],"campfire_rested":0,"item_purchase_floors":[5],"current_hp_per_floor":[80,73,71,71,71,25,25,24,34,100,84,77,77,77,77,0],"gold":70,"neow_bonus":"ONE_RANDOM_RARE_CARD","is_prod":false,"is_daily":false,"chose_seed":false,"campfire_upgraded":3,"win_rate":0,"timestamp":1547056651,"path_taken":["M","?","M","M","$","E","R","M","T","?","?","?","R","?","R","BOSS"],"build_version":"2019-01-03v4","purchased_purges":1,"victory":false,"max_hp_per_floor":[80,80,80,80,80,80,80,80,90,100,100,100,100,100,100,100],"card_choices":[{"not_picked":["Sword Boomerang","Rampage","Hemokinesis"],"picked":"SKIP","floor":1.0},{"not_picked":["Perfected Strike","Armaments"],"picked":"Disarm","floor":3.0},{"not_picked":["Searing Blow","Sentinel","Pummel"],"picked":"SKIP","floor":4.0},{"not_picked":["Iron Wave","Heavy Blade"],"picked":"Shrug It Off","floor":6.0},{"not_picked":["Sword Boomerang","Intimidate"],"picked":"Juggernaut","floor":8.0},{"not_picked":["Rupture","Shockwave"],"picked":"Bloodletting","floor":11.0}],"player_experience":649632,"relics_obtained":[{"floor":6.0,"key":"The Courier"},{"floor":9.0,"key":"Pear"}],"event_choices":[{"damage_healed":0.0,"max_hp_gain":0.0,"max_hp_loss":0.0,"gold_gain":0.0,"event_name":"Scrap Ooze","player_choice":"Success","floor":2.0,"gold_loss":0.0,"damage_taken":7.0,"relics_obtained":["Smiling Mask"]},{"cards_removed":["Juggernaut"],"damage_healed":56.0,"max_hp_gain":10.0,"max_hp_loss":0.0,"gold_gain":0.0,"event_name":"Bonfire Elementals","player_choice":"Offered Rare","floor":10.0,"gold_loss":0.0,"damage_taken":0.0},{"cards_removed":["Strike_R"],"damage_healed":0.0,"max_hp_gain":0.0,"max_hp_loss":0.0,"gold_gain":0.0,"event_name":"Golden Wing","player_choice":"Card Removal","floor":12.0,"gold_loss":0.0,"damage_taken":7.0},{"damage_healed":0,"gold_gain":0,"player_choice":"Searched \u00270\u0027 times","damage_taken":0,"max_hp_gain":0,"max_hp_loss":0,"event_name":"Dead Adventurer","floor":14,"gold_loss":0}],"is_beta":false,"boss_relics":[],"items_purged_floors":[5],"is_endless":false,"potions_floor_spawned":[4,8,11],"killed_by":"Hexaghost","ascension_level":1}