{"gold_per_floor":[110,69,19,19,38,38,73,73,73,73,73,98,173,22,22,118,118,141,31,31,31,31,31,31,31,31,50,71,71,95,95],"floor_reached":31,"playtime":899,"items_purged":["Strike_G"],"score":483,"play_id":"f9850762-44eb-4deb-949e-fb1d41311294","local_time":"20190222092211","is_ascension_mode":true,"campfire_choices":[{"data":"Neutralize","floor":6.0,"key":"SMITH"},{"data":"Noxious Fumes","floor":8.0,"key":"SMITH"},{"data":"Footwork","floor":11.0,"key":"SMITH"},{"floor":15.0,"key":"REST"},{"data":"Deflect","floor":23.0,"key":"SMITH"},{"data":"Deflect","floor":25.0,"key":"SMITH"},{"floor":29,"key":"REST"}],"neow_cost":"NONE","seed_source_timestamp":1305123955837559,"circlet_count":0,"master_deck":["AscendersBane","Defend_G","Defend_G","Defend_G","Defend_G","Defend_G","Strike_G","Strike_G","Strike_G","Survivor","Neutralize+1","Dagger Spray","Footwork+1","Deflect+1","Noxious Fumes+1","Deflect+1","Infinite Blades","Tools of the Trade+1","Prepared","Deflect"],"special_seed":0,"relics":["Ring of the Serpent","NeowsBlessing","Unceasing Top","Bronze Scales","Golden Idol","Paper Crane"],"potions_floor_usage":[28,30,30],"damage_taken":[{"damage":0.0,"enemies":"Cultist","floor":1.0,"turns":1.0},{"damage":0.0,"enemies":"2 Louse","floor":5.0,"turns":1.0},{"damage":0.0,"enemies":"Gremlin Nob","floor":7.0,"turns":1.0},{"damage":7.0,"enemies":"Small Slimes","floor":12.0,"turns":4.0},{"damage":13.0,"enemies":"The Guardian","floor":16.0,"turns":11.0},{"damage":14.0,"enemies":"Spheric Guardian","floor":18.0,"turns":8.0},{"damage":1.0,"enemies":"3 Byrds","floor":27.0,"turns":4.0},{"damage":34,"enemies":"Snecko","floor":28,"turns":7},{"damage":12,"enemies":"3 Cultists","floor":30,"turns":6},{"damage":14,"enemies":"Sentry and Sphere","floor":31,"turns":5}],"seed_played":"8329125886823447984","potions_obtained":[{"floor":1.0,"key":"Dexterity Potion"},{"floor":7.0,"key":"AttackPotion"},{"floor":12.0,"key":"Fire Potion"},{"floor":28,"key":"Block Potion"}],"is_trial":false,"path_per_floor":["M","$","$","?","M","R","E","R","T","?","R","M","?","$","R","B",null,"M","?","$","?","$","R","?","R","T","M","M","R","M","M"],"character_chosen":"THE_SILENT","items_purchased":["Footwork","Deflect","Infinite Blades"],"campfire_rested":2,"item_purchase_floors":[2,3,14],"current_hp_per_floor":[59,59,59,59,59,59,59,59,59,36,36,29,18,18,37,24,56,42,42,42,42,42,42,42,42,42,41,7,26,14,0],"gold":95,"neow_bonus":"THREE_ENEMY_KILL","is_prod":false,"is_daily":false,"chose_seed":false,"campfire_upgraded":5,"win_rate":0,"timestamp":1550823731,"path_taken":["M","?","$","?","M","R","E","R","T","?","R","M","?","?","R","BOSS","M","?","?","?","$","R","?","R","T","M","M","R","?","M"],"build_version":"2019-01-23","purchased_purges":1,"victory":false,"max_hp_per_floor":[66,66,66,66,66,66,66,66,66,66,66,66,66,66,66,66,66,66,66,66,66,66,66,66,66,66,66,66,66,66,66],"card_choices":[{"not_picked":["Reflex","Slice"],"picked":"Dagger Spray","floor":1.0},{"not_picked":["Cloak And Dagger","Setup","Prepared"],"picked":"SKIP","floor":5.0},{"not_picked":["Prepared","Night Terror"],"picked":"Noxious Fumes","floor":7.0},{"not_picked":["Calculated Gamble","Quick Slash"],"picked":"Deflect","floor":12.0},{"not_picked":["Burst","Adrenaline"],"picked":"Tools of the Trade","floor":16.0},{"not_picked":["Outmaneuver","Backstab","Bouncing Flask"],"picked":"SKIP","floor":18.0},{"not_picked":["Masterful Stab","Slice","Prepared"],"picked":"SKIP","floor":27},{"not_picked":["Masterful Stab","Slice"],"picked":"Prepared","floor":27},{"not_picked":["Setup","Dagger Throw"],"picked":"Deflect","floor":28},{"not_picked":["Deflect","Masterful Stab+1","Skewer"],"picked":"SKIP","floor":30}],"player_experience":854801,"relics_obtained":[{"floor":7.0,"key":"Unceasing Top"},{"floor":9.0,"key":"Bronze Scales"},{"floor":26.0,"key":"Paper Crane"}],"event_choices":[{"damage_healed":0.0,"max_hp_gain":0.0,"max_hp_loss":0.0,"gold_gain":0.0,"event_name":"The Cleric","player_choice":"Leave","floor":4.0,"gold_loss":0.0,"damage_taken":0.0},{"damage_healed":0.0,"max_hp_gain":0.0,"max_hp_loss":0.0,"gold_gain":0.0,"event_name":"Golden Idol","player_choice":"Take Damage","floor":10.0,"gold_loss":0.0,"damage_taken":23.0,"relics_obtained":["Golden Idol"]},{"damage_healed":0.0,"max_hp_gain":0.0,"max_hp_loss":0.0,"gold_gain":75.0,"event_name":"World of Goop","player_choice":"Gather Gold","floor":13.0,"gold_loss":0.0,"damage_taken":11.0},{"cards_removed":["Strike_G"],"damage_healed":0.0,"max_hp_gain":0.0,"max_hp_loss":0.0,"gold_gain":0.0,"event_name":"Designer","player_choice":"Upgrade and Remove","floor":19.0,"gold_loss":110.0,"damage_taken":0.0,"cards_upgraded":["Tools of the Trade"]},{"damage_healed":0.0,"max_hp_gain":0.0,"max_hp_loss":0.0,"gold_gain":0.0,"event_name":"Vampires","player_choice":"Ignored","floor":24.0,"gold_loss":0.0,"damage_taken":0.0}],"is_beta":false,"boss_relics":[{"not_picked":["Tiny House","White Beast Statue"],"picked":"Ring of the Serpent"}],"items_purged_floors":[14],"is_endless":false,"potions_floor_spawned":[1,7,12,16,27,28],"killed_by":"Sentry and Sphere","ascension_level":18}