{"gold_per_floor":[119,3,23,23,33,33,66,79,79,97,97,123,140,140,140,140],"floor_reached":16,"playtime":462,"items_purged":["Parasite"],"score":224,"play_id":"6bdee591-904a-4e11-908f-d298215c8d35","local_time":"20190720180154","is_ascension_mode":true,"campfire_choices":[{"data":"Immolate","floor":6,"key":"SMITH"},{"data":"Feed","floor":11,"key":"SMITH"},{"data":"Blood for Blood","floor":15,"key":"SMITH"}],"neow_cost":"CURSE","seed_source_timestamp":198751859642631,"circlet_count":0,"master_deck":["AscendersBane","Strike_R","Strike_R","Strike_R","Defend_R","Defend_R","Defend_R","Defend_R","Bash","Immolate+1","Pommel Strike","Evolve","Pummel","Spot Weakness","Warcry","Feed+1","Blood for Blood+1","Wild Strike"],"relics":["Burning Blood","Lantern","Charon\u0027s Ashes"],"potions_floor_usage":[16],"damage_taken":[{"damage":4,"enemies":"2 Louse","floor":1,"turns":3},{"damage":7,"enemies":"Jaw Worm","floor":3,"turns":3},{"damage":1,"enemies":"Cultist","floor":5,"turns":3},{"damage":32,"enemies":"Gremlin Nob","floor":7,"turns":4},{"damage":0,"enemies":"Lots of Slimes","floor":8,"turns":1},{"damage":12,"enemies":"Looter","floor":10,"turns":3},{"damage":10,"enemies":"3 Sentries","floor":12,"turns":4},{"damage":6,"enemies":"Exordium Thugs","floor":13,"turns":2},{"damage":41,"enemies":"The Guardian","floor":16,"turns":7}],"seed_played":"381489324654224943","potions_obtained":[{"floor":5,"key":"Explosive Potion"},{"floor":8,"key":"FearPotion"},{"floor":12,"key":"SkillPotion"},{"floor":13,"key":"Swift Potion"}],"is_trial":false,"path_per_floor":["M","$","M","?","M","R","E","M","T","M","R","E","M","?","R","B"],"character_chosen":"IRONCLAD","items_purchased":["Evolve"],"campfire_rested":0,"item_purchase_floors":[2],"current_hp_per_floor":[70,70,69,62,67,67,41,47,47,41,41,41,41,41,41,0],"gold":140,"neow_bonus":"THREE_RARE_CARDS","is_prod":false,"is_daily":false,"chose_seed":false,"campfire_upgraded":3,"win_rate":0,"timestamp":1563613314,"path_taken":["M","$","M","?","M","R","E","M","T","M","R","E","M","?","R","BOSS"],"build_version":"2019-07-17","purchased_purges":1,"victory":false,"max_hp_per_floor":[75,72,72,72,72,72,72,72,72,72,72,76,76,76,76,76],"card_choices":[{"not_picked":["Limit Break","Fiend Fire"],"picked":"Immolate","floor":0},{"not_picked":["Carnage","Fire Breathing"],"picked":"Pommel Strike","floor":1},{"not_picked":["Clash","Twin Strike"],"picked":"Pummel","floor":3},{"not_picked":["Clash","Heavy Blade"],"picked":"Spot Weakness","floor":5},{"not_picked":["Armaments","True Grit"],"picked":"Warcry","floor":7},{"not_picked":["Sword Boomerang","Heavy Blade","Pommel Strike"],"picked":"SKIP","floor":8},{"not_picked":["Body Slam","Flex"],"picked":"Feed","floor":10},{"not_picked":["Anger","Cleave"],"picked":"Blood for Blood","floor":12},{"not_picked":["Thunderclap","Body Slam"],"picked":"Wild Strike","floor":13}],"player_experience":997126,"relics_obtained":[{"floor":7,"key":"Lantern"},{"floor":12,"key":"Charon\u0027s Ashes"}],"event_choices":[{"cards_removed":["Strike_R"],"damage_healed":0,"gold_gain":0,"player_choice":"Card Removal","damage_taken":7,"max_hp_gain":0,"max_hp_loss":0,"event_name":"Golden Wing","floor":4,"gold_loss":0},{"cards_removed":["Strike_R"],"damage_healed":0,"gold_gain":0,"player_choice":"Offered Basic","damage_taken":0,"max_hp_gain":0,"max_hp_loss":0,"event_name":"Bonfire Elementals","floor":14,"gold_loss":0}],"is_beta":false,"boss_relics":[],"items_purged_floors":[2],"is_endless":false,"potions_floor_spawned":[5,8,12,13],"killed_by":"The Guardian","ascension_level":20}