{"path_per_floor":["M","?","M","?","?","R","E","R","T","$","?","?","$","?","R","B",null,"M","?","M","$","?","R"],"character_chosen":"DEFECT","items_purchased":["Impulse","Coolheaded","Coolheaded"],"gold_per_floor":[113,113,130,130,80,80,106,106,106,32,56,56,10,10,10,110,140,160,160,172,43,43,43,43],"floor_reached":24,"campfire_rested":2,"playtime":833,"current_hp_per_floor":[66,66,65,58,58,58,20,42,42,42,29,29,29,34,34,15,69,60,60,27,27,11,38,0],"items_purged":["Defend_B"],"gold":43,"score":269,"play_id":"d1b29983-d573-41c3-86d9-1cfb5549438a","local_time":"20180510120122","is_prod":false,"is_daily":false,"chose_seed":false,"is_ascension_mode":true,"campfire_upgraded":2,"timestamp":1525946482,"path_taken":["M","?","M","?","?","R","E","R","T","$","?","?","?","?","R","BOSS","M","?","M","?","?","R","E"],"build_version":"2018-05-08","seed_source_timestamp":51848118784029,"purchased_purges":1,"victory":false,"master_deck":["Strike_B","Strike_B+1","Strike_B","Defend_B","Defend_B","Defend_B","Zap+1","Dualcast+1","FTL","Rebound","Impulse+1","Darkness+1","Coolheaded+1","Rainbow+1","Impulse+1","Defragment","Finesse","Stack+1","Coolheaded+1"],"max_hp_per_floor":[75,75,75,75,75,75,75,75,75,75,75,75,75,80,80,80,85,85,85,85,85,90,90,90],"relics":["Cracked Core","Juzu Bracelet","Toxic Egg 2","Ancient Tea Set","Odd Mushroom","Tiny House"],"card_choices":[{"not_picked":["Axe Kick","Beam Cell"],"picked":"FTL","floor":1.0},{"not_picked":["Turbo","Reinforced Body"],"picked":"Rebound","floor":3.0},{"not_picked":["Rip and Tear","Consume"],"picked":"Darkness","floor":11.0},{"not_picked":["Echo Form","Creative AI"],"picked":"Rainbow","floor":16.0},{"not_picked":["Stack","Streamline"],"picked":"Impulse","floor":17.0},{"not_picked":["Leap","Cold Snap"],"picked":"Defragment","floor":18},{"not_picked":["Rebound","Barrage"],"picked":"Stack","floor":20}],"player_experience":635794,"potions_floor_usage":[18,24],"damage_taken":[{"damage":2.0,"enemies":"Jaw Worm","floor":1.0,"turns":4.0},{"damage":1.0,"enemies":"Cultist","floor":3.0,"turns":3.0},{"damage":38.0,"enemies":"Gremlin Nob","floor":7.0,"turns":4.0},{"damage":13.0,"enemies":"The Mushroom Lair","floor":11.0,"turns":4.0},{"damage":19.0,"enemies":"The Guardian","floor":16.0,"turns":8.0},{"damage":9,"enemies":"Chosen","floor":18,"turns":4},{"damage":33,"enemies":"2 Thieves","floor":20,"turns":4},{"damage":40,"enemies":"Gremlin Leader","floor":24,"turns":5}],"event_choices":[{"event_name":"Wheel of Change","player_choice":"Curse","floor":2.0,"damage_taken":0.0},{"event_name":"Golden Wing","player_choice":"Card Removal","floor":4.0,"damage_taken":0.0},{"event_name":"The Cleric","player_choice":"Card Removal","floor":5.0,"damage_taken":0.0},{"event_name":"Mushrooms","player_choice":"Fought Mushrooms","floor":11.0,"damage_taken":0.0},{"event_name":"Golden Idol","player_choice":"Ignored","floor":12.0,"damage_taken":0.0},{"event_name":"Big Fish","player_choice":"Donut","floor":14.0,"damage_taken":0.0},{"event_name":"Match and Keep!","player_choice":"1 cards matched","floor":19,"damage_taken":0},{"event_name":"Match and Keep!","player_choice":"1 cards matched","floor":19,"damage_taken":0},{"event_name":"Forgotten Altar","player_choice":"Shed Blood","floor":22,"damage_taken":0}],"boss_relics":[],"potions_floor_spawned":[7,11,18],"seed_played":"-2883635604609190053","killed_by":"Gremlin Leader","ascension_level":6,"is_trial":false}