{"gold_per_floor":[109,109,109,34,34,34,50,74,74,105,121,121,44,44],"floor_reached":14,"playtime":442,"items_purged":["Strike_B"],"score":90,"play_id":"445e34be-efc4-401d-b1ed-d8e73f03d7ac","local_time":"20190716145525","is_ascension_mode":true,"campfire_choices":[{"data":"Loop","floor":6,"key":"SMITH"},{"data":"Glacier","floor":12,"key":"SMITH"}],"neow_cost":"TEN_PERCENT_HP_LOSS","seed_source_timestamp":419514157565143,"circlet_count":0,"master_deck":["Defend_B","Defend_B","Defend_B","Defend_B","Zap","Dualcast","Loop+1","Glacier+1","Meteor Strike","Ball Lightning","Blizzard"],"relics":["Cracked Core","Golden Idol","Art of War","Pear","Kunai"],"potions_floor_usage":[14],"damage_taken":[{"damage":0,"enemies":"2 Louse","floor":1,"turns":3},{"damage":2,"enemies":"Small Slimes","floor":7,"turns":3},{"damage":54,"enemies":"Gremlin Nob","floor":10,"turns":7},{"damage":0,"enemies":"Cultist","floor":11,"turns":7},{"damage":9,"enemies":"3 Sentries","floor":14,"turns":2}],"seed_played":"4304676848976147629","potions_obtained":[{"floor":10,"key":"Ancient Potion"},{"floor":11,"key":"Weak Potion"}],"is_trial":false,"path_per_floor":["M","?","?","$","?","R","M","T","T","E","M","R","$","E"],"character_chosen":"DEFECT","items_purchased":["Blizzard"],"campfire_rested":0,"item_purchase_floors":[13],"current_hp_per_floor":[68,68,63,63,51,51,49,49,59,5,5,5,5,0],"gold":44,"neow_bonus":"REMOVE_TWO","is_prod":false,"is_daily":false,"chose_seed":false,"campfire_upgraded":2,"win_rate":0,"timestamp":1563303325,"path_taken":["M","?","?","$","?","R","M","?","T","E","M","R","$","E"],"build_version":"2019-07-05","purchased_purges":1,"victory":false,"max_hp_per_floor":[68,68,63,63,63,63,63,63,73,73,73,73,73,73],"card_choices":[{"not_picked":["Compile Driver","Consume"],"picked":"Loop","floor":1},{"not_picked":["Turbo","Ball Lightning"],"picked":"Glacier","floor":7},{"not_picked":["Coolheaded","Rebound"],"picked":"Meteor Strike","floor":10},{"not_picked":["Sunder","Redo"],"picked":"Ball Lightning","floor":11}],"player_experience":155464,"relics_obtained":[{"floor":9,"key":"Pear"},{"floor":10,"key":"Kunai"}],"event_choices":[{"cards_removed":["Strike_B"],"damage_healed":0,"gold_gain":0,"player_choice":"Forget","damage_taken":0,"max_hp_gain":0,"max_hp_loss":0,"event_name":"Living Wall","floor":2,"gold_loss":0},{"damage_healed":0,"gold_gain":0,"player_choice":"Lose Max HP","damage_taken":0,"relics_obtained":["Golden Idol"],"max_hp_gain":0,"max_hp_loss":5,"event_name":"Golden Idol","floor":3,"gold_loss":0},{"damage_healed":0,"gold_gain":0,"player_choice":"Success","damage_taken":12,"relics_obtained":["Art of War"],"max_hp_gain":0,"max_hp_loss":0,"event_name":"Scrap Ooze","floor":5,"gold_loss":0}],"is_beta":false,"boss_relics":[],"items_purged_floors":[4],"is_endless":false,"potions_floor_spawned":[10,11],"killed_by":"3 Sentries","ascension_level":1}