{"gold_per_floor":[112,112,26,37,37,53,77,77,129,129,129,35,49,60,60,132,132,87,12,12],"floor_reached":20,"playtime":805,"items_purged":["Strike_G"],"score":308,"play_id":"769c7c3f-0af1-4c60-88fe-e3f6671eab58","local_time":"20190219181333","is_ascension_mode":true,"campfire_choices":[{"data":"Footwork","floor":10,"key":"SMITH"},{"data":"Storm of Steel","floor":15,"key":"SMITH"}],"neow_cost":"TEN_PERCENT_HP_LOSS","seed_source_timestamp":1174292931139537,"circlet_count":0,"master_deck":["AscendersBane","Defend_G","Defend_G","Defend_G","Defend_G","Strike_G","Survivor","Neutralize+1","Footwork+1","Infinite Blades","Deflect","Backflip","Slice","Infinite Blades","Storm of Steel+1","Envenom","Cloak And Dagger"],"special_seed":0,"relics":["Ring of the Snake","Odd Mushroom","Lantern","Empty Cage"],"potions_floor_usage":[7,16,16],"damage_taken":[{"damage":0.0,"enemies":"2 Louse","floor":1.0,"turns":3.0},{"damage":0.0,"enemies":"Cultist","floor":4.0,"turns":4.0},{"damage":9,"enemies":"Small Slimes","floor":6,"turns":5},{"damage":15,"enemies":"The Mushroom Lair","floor":7,"turns":6},{"damage":2,"enemies":"2 Fungi Beasts","floor":13,"turns":4},{"damage":6,"enemies":"Large Slime","floor":14,"turns":7},{"damage":40,"enemies":"Slime Boss","floor":16,"turns":13},{"damage":27,"enemies":"2 Thieves","floor":18,"turns":5},{"damage":24,"enemies":"Chosen","floor":20,"turns":5}],"seed_played":"-5670217534916839948","potions_obtained":[{"floor":1.0,"key":"AttackPotion"},{"floor":6,"key":"FearPotion"},{"floor":7,"key":"Poison Potion"},{"floor":14,"key":"Regen Potion"}],"is_trial":false,"path_per_floor":["M","?","$","M","?","M","?","?","T","R","$","$","M","M","R","B",null,"M","$","M"],"character_chosen":"THE_SILENT","items_purchased":["Footwork","Slice","Infinite Blades"],"campfire_rested":0,"item_purchase_floors":[3,12,12],"current_hp_per_floor":[59,59,59,59,59,50,35,40,40,40,40,40,38,32,32,7,51,24,24,0],"gold":12,"neow_bonus":"REMOVE_TWO","is_prod":false,"is_daily":false,"chose_seed":false,"campfire_upgraded":2,"win_rate":0,"timestamp":1550596413,"path_taken":["M","?","?","M","?","M","?","?","T","R","?","$","M","?","R","BOSS","M","$","M"],"build_version":"2019-01-23","purchased_purges":1,"victory":false,"max_hp_per_floor":[60,60,60,60,60,60,60,65,65,65,65,65,65,65,65,65,65,65,65,65],"card_choices":[{"not_picked":["Calculated Gamble","Crippling Poison","Reflex"],"picked":"SKIP","floor":1.0},{"not_picked":["Dodge and Roll","Bouncing Flask"],"picked":"Infinite Blades","floor":4.0},{"not_picked":["Backflip","Prepared"],"picked":"Deflect","floor":6},{"not_picked":["Quick Slash","Dagger Throw"],"picked":"Backflip","floor":7},{"not_picked":["Quick Slash","Deadly Poison"],"picked":"Storm of Steel","floor":13},{"not_picked":["All Out Attack","Caltrops","PiercingWail"],"picked":"SKIP","floor":14},{"not_picked":["Venomology","A Thousand Cuts"],"picked":"Envenom","floor":16},{"not_picked":["Blade Dance","Dodge and Roll+1"],"picked":"Cloak And Dagger","floor":18}],"player_experience":826203,"relics_obtained":[{"floor":7,"key":"Odd Mushroom"},{"floor":9,"key":"Lantern"}],"event_choices":[{"damage_healed":0.0,"max_hp_gain":0.0,"max_hp_loss":0.0,"gold_gain":0.0,"event_name":"Upgrade Shrine","player_choice":"Upgraded","floor":2.0,"gold_loss":0.0,"damage_taken":0.0,"cards_upgraded":["Neutralize"]},{"damage_healed":0,"gold_gain":0,"player_choice":"Ignored","damage_taken":0,"max_hp_gain":0,"max_hp_loss":0,"event_name":"Shining Light","floor":5,"gold_loss":0},{"damage_healed":0,"gold_gain":0,"player_choice":"Fought Mushrooms","damage_taken":0,"max_hp_gain":0,"max_hp_loss":0,"event_name":"Mushrooms","floor":7,"gold_loss":0},{"damage_healed":0,"gold_gain":0,"player_choice":"Donut","damage_taken":0,"max_hp_gain":5,"max_hp_loss":0,"event_name":"Big Fish","floor":8,"gold_loss":0}],"is_beta":false,"boss_relics":[{"not_picked":["Coffee Dripper","Pandora\u0027s Box"],"picked":"Empty Cage"}],"items_purged_floors":[19],"is_endless":false,"potions_floor_spawned":[1,6,7,14],"killed_by":"Chosen","ascension_level":18}