{"gold_per_floor":[118,19,94,108,108,135,135,155,155,171,171,185,6,22,22,22],"floor_reached":16,"playtime":349,"items_purged":[],"score":254,"play_id":"3ac23f0d-5597-4f37-a794-fb3479254698","local_time":"20190720070004","is_ascension_mode":true,"campfire_choices":[{"data":"Neutralize","floor":7,"key":"SMITH"},{"floor":11,"key":"REST"},{"data":"Bouncing Flask","floor":15,"key":"SMITH"}],"neow_cost":"NONE","seed_source_timestamp":163862142324544,"circlet_count":0,"master_deck":["AscendersBane","Strike_G+1","Strike_G","Strike_G","Strike_G","Strike_G","Defend_G","Defend_G","Defend_G","Defend_G","Defend_G","Survivor","Neutralize+1","Bane","Footwork+1","Poisoned Stab","Dagger Spray","Footwork","PiercingWail","Well Laid Plans","Bouncing Flask+1","Glass Knife"],"relics":["Ring of the Snake","NeowsBlessing","Darkstone Periapt","Singing Bowl"],"potions_floor_usage":[16],"damage_taken":[{"damage":0,"enemies":"Small Slimes","floor":1,"turns":1},{"damage":0,"enemies":"2 Louse","floor":4,"turns":1},{"damage":0,"enemies":"Lagavulin","floor":6,"turns":1},{"damage":8,"enemies":"Jaw Worm","floor":8,"turns":4},{"damage":18,"enemies":"Exordium Wildlife","floor":10,"turns":7},{"damage":4,"enemies":"2 Fungi Beasts","floor":12,"turns":4},{"damage":16,"enemies":"3 Louse","floor":14,"turns":3},{"damage":3,"enemies":"Slime Boss","floor":16,"turns":6}],"seed_played":"-7763501108417248215","potions_obtained":[{"floor":1,"key":"SpeedPotion"},{"floor":6,"key":"PowerPotion"}],"is_trial":false,"path_per_floor":["M","$","?","M","?","E","R","M","T","M","R","M","$","M","R","B"],"character_chosen":"THE_SILENT","items_purchased":["Footwork","Poisoned Stab","Glass Knife"],"campfire_rested":1,"item_purchase_floors":[2,2,13],"current_hp_per_floor":[59,59,48,48,28,28,28,20,20,2,21,17,17,3,3,0],"gold":22,"neow_bonus":"THREE_ENEMY_KILL","is_prod":false,"is_daily":false,"chose_seed":false,"campfire_upgraded":2,"win_rate":0,"timestamp":1563573604,"path_taken":["M","$","?","M","?","E","R","M","T","M","R","M","?","?","R","BOSS"],"build_version":"2019-07-17","purchased_purges":0,"victory":false,"max_hp_per_floor":[66,66,66,66,66,66,66,66,66,66,66,66,66,68,68,68],"card_choices":[{"not_picked":["Expertise","Sucker Punch"],"picked":"Bane","floor":1},{"not_picked":["Underhanded Strike","Dagger Throw"],"picked":"Dagger Spray","floor":4},{"not_picked":["Caltrops","Backflip"],"picked":"Footwork","floor":6},{"not_picked":["Blade Dance","Terror"],"picked":"PiercingWail","floor":8},{"not_picked":["Reflex","Poisoned Stab"],"picked":"Well Laid Plans","floor":10},{"not_picked":["Dodge and Roll","Blade Dance"],"picked":"Bouncing Flask","floor":12},{"not_picked":["Catalyst","Doppelganger","Slice"],"picked":"Singing Bowl","floor":14}],"player_experience":994410,"relics_obtained":[{"floor":6,"key":"Darkstone Periapt"},{"floor":9,"key":"Singing Bowl"}],"event_choices":[{"damage_healed":0,"gold_gain":75,"player_choice":"Gather Gold","damage_taken":11,"max_hp_gain":0,"max_hp_loss":0,"event_name":"World of Goop","floor":3,"gold_loss":0},{"damage_healed":0,"gold_gain":0,"player_choice":"Entered Light","damage_taken":20,"max_hp_gain":0,"max_hp_loss":0,"event_name":"Shining Light","floor":5,"gold_loss":0,"cards_upgraded":["Footwork","Strike_G"]}],"is_beta":false,"boss_relics":[],"items_purged_floors":[],"is_endless":false,"potions_floor_spawned":[1,6],"killed_by":"Slime Boss","ascension_level":20}