{"gold_per_floor":[366,383,383,394,414,414,446,465,465,465,167,167,198,198,198,198],"floor_reached":16,"playtime":486,"items_purged":["Strike_G"],"score":220,"play_id":"80d89770-55f8-4329-9f24-82b30d818e20","local_time":"20190731222559","is_ascension_mode":true,"campfire_choices":[{"data":"Reflex","floor":6.0,"key":"SMITH"},{"data":"Prepared","floor":10.0,"key":"SMITH"},{"floor":12.0,"key":"REST"},{"data":"Backflip","floor":15.0,"key":"SMITH"}],"neow_cost":"TEN_PERCENT_HP_LOSS","seed_source_timestamp":733614226738248,"circlet_count":0,"master_deck":["AscendersBane","Strike_G","Strike_G","Strike_G","Defend_G","Defend_G","Defend_G","Defend_G","Defend_G","Survivor","Neutralize+1","Reflex+1","Dagger Spray","Backflip+1","Prepared+1","Underhanded Strike","Heel Hook","Eviscerate","After Image","Dagger Throw"],"special_seed":0,"relics":["Ring of the Snake","Pen Nib","Darkstone Periapt"],"potions_floor_usage":[],"damage_taken":[{"damage":0.0,"enemies":"2 Louse","floor":1.0,"turns":4.0},{"damage":0.0,"enemies":"Cultist","floor":2.0,"turns":4.0},{"damage":4.0,"enemies":"Small Slimes","floor":4.0,"turns":3.0},{"damage":7.0,"enemies":"Exordium Thugs","floor":5.0,"turns":7.0},{"damage":19.0,"enemies":"3 Sentries","floor":7.0,"turns":10.0},{"damage":8.0,"enemies":"Exordium Wildlife","floor":8.0,"turns":3.0},{"damage":28.0,"enemies":"Gremlin Nob","floor":13.0,"turns":4.0},{"damage":14,"enemies":"Hexaghost","floor":16,"turns":9}],"seed_played":"-4718367032261325214","potions_obtained":[{"floor":2.0,"key":"Explosive Potion"},{"floor":4.0,"key":"Dexterity Potion"}],"is_trial":false,"path_per_floor":["M","M","?","M","M","R","E","M","T","R","$","R","E","?","R","B"],"character_chosen":"THE_SILENT","items_purchased":["Eviscerate","After Image","Dagger Throw"],"campfire_rested":1,"item_purchase_floors":[11,11,11],"current_hp_per_floor":[59,59,59,55,48,48,29,21,21,21,21,39,11,11,11,0],"gold":198,"neow_bonus":"TWO_FIFTY_GOLD","is_prod":false,"is_daily":false,"chose_seed":false,"campfire_upgraded":3,"win_rate":0,"timestamp":1564579559,"path_taken":["M","M","?","M","?","R","E","M","T","R","$","R","E","?","R","BOSS"],"build_version":"2019-07-17","purchased_purges":1,"victory":false,"max_hp_per_floor":[60,60,60,60,60,60,60,60,60,60,60,60,60,60,60,60],"card_choices":[{"not_picked":["Dodge and Roll","Blade Dance"],"picked":"Reflex","floor":1.0},{"not_picked":["Sucker Punch","Backflip"],"picked":"Dagger Spray","floor":2.0},{"not_picked":["Deflect","Flying Knee"],"picked":"Backflip","floor":4.0},{"not_picked":["PiercingWail","Deflect"],"picked":"Prepared","floor":5.0},{"not_picked":["Envenom","Escape Plan"],"picked":"Underhanded Strike","floor":7.0},{"not_picked":["Flying Knee","Riddle With Holes"],"picked":"Heel Hook","floor":8.0},{"not_picked":["Dodge and Roll","A Thousand Cuts","Bullet Time"],"picked":"SKIP","floor":13.0}],"player_experience":1046182,"relics_obtained":[{"floor":7.0,"key":"Pen Nib"},{"floor":13.0,"key":"Darkstone Periapt"}],"event_choices":[{"damage_healed":0.0,"max_hp_gain":0.0,"max_hp_loss":0.0,"gold_gain":0.0,"event_name":"Upgrade Shrine","player_choice":"Upgraded","floor":3.0,"gold_loss":0.0,"damage_taken":0.0,"cards_upgraded":["Neutralize"]},{"cards_removed":["Strike_G"],"damage_healed":0.0,"max_hp_gain":0.0,"max_hp_loss":0.0,"gold_gain":0.0,"event_name":"Living Wall","player_choice":"Forget","floor":14.0,"gold_loss":0.0,"damage_taken":0.0}],"is_beta":false,"boss_relics":[],"items_purged_floors":[11],"is_endless":false,"potions_floor_spawned":[2,4],"killed_by":"Hexaghost","ascension_level":20}