{"gold_per_floor":[116,184,203,203,214,214,547,561,561,593,608,621,621,571,571,671,671,684,696,226,226,226,226,226,256,256,256,75,75],"floor_reached":29,"playtime":912,"items_purged":["Strike_R"],"score":251,"play_id":"88f5d3bb-6901-4aa5-8e59-97ea2e860c86","local_time":"20190407093250","is_ascension_mode":false,"campfire_choices":[{"floor":6,"key":"RECALL"},{"data":"Body Slam","floor":15,"key":"SMITH"},{"floor":23,"key":"REST"}],"neow_cost":"NONE","seed_source_timestamp":178853295704294,"circlet_count":0,"master_deck":["Strike_R","Strike_R","Defend_R","Defend_R","Defend_R","Defend_R","Bash","Thunderclap","Inflame","Ghostly Armor","Double Tap","Body Slam+1","Dropkick","Cleave","Bash","Limit Break","Rage","Necronomicurse","Iron Wave+1","Power Through+1","The Bomb"],"relics":["Burning Blood","NeowsBlessing","Old Coin","Regal Pillow","Juzu Bracelet","Mark of Pain","Dream Catcher","Bottled Flame","Necronomicon","NlothsMask","Boot","Anchor"],"potions_floor_usage":[7,7,7,10,16,25,25],"damage_taken":[{"damage":0,"enemies":"Cultist","floor":1,"turns":1},{"damage":0,"enemies":"Small Slimes","floor":3,"turns":1},{"damage":0,"enemies":"2 Louse","floor":5,"turns":1},{"damage":14,"enemies":"Lagavulin","floor":7,"turns":6},{"damage":21,"enemies":"Blue Slaver","floor":8,"turns":5},{"damage":13,"enemies":"3 Sentries","floor":10,"turns":7},{"damage":6,"enemies":"Large Slime","floor":11,"turns":6},{"damage":19,"enemies":"Exordium Thugs","floor":12,"turns":5},{"damage":23,"enemies":"Hexaghost","floor":16,"turns":8},{"damage":29,"enemies":"Shell Parasite","floor":18,"turns":5},{"damage":15,"enemies":"Spheric Guardian","floor":19,"turns":5},{"damage":44,"enemies":"Gremlin Leader","floor":25,"turns":5},{"damage":36,"enemies":"Cultist and Chosen","floor":29,"turns":6}],"seed_played":"-2594690901849842729","potions_obtained":[{"floor":1,"key":"GamblersBrew"},{"floor":4,"key":"Energy Potion"},{"floor":4,"key":"Block Potion"},{"floor":4,"key":"Explosive Potion"},{"floor":7,"key":"LiquidBronze"},{"floor":8,"key":"AttackPotion"},{"floor":12,"key":"Strength Potion"},{"floor":16,"key":"LiquidBronze"},{"floor":25,"key":"AttackPotion"}],"is_trial":false,"path_per_floor":["M","T","M","?","M","R","E","M","T","E","M","M","?","?","R","B",null,"M","M","$","?","?","R","?","E","T","?","$","M"],"character_chosen":"IRONCLAD","items_purchased":["Dream Catcher","Bottled Flame","The Bomb"],"campfire_rested":1,"item_purchase_floors":[20,20,28],"current_hp_per_floor":[80,80,80,80,80,80,72,57,57,50,50,37,37,37,37,20,80,57,48,48,48,32,71,71,33,33,33,33,0],"gold":75,"neow_bonus":"THREE_ENEMY_KILL","is_prod":false,"is_daily":false,"chose_seed":false,"campfire_upgraded":1,"win_rate":0,"timestamp":1554647570,"path_taken":["M","?","M","?","M","R","E","M","T","E","M","M","?","?","R","BOSS","M","M","$","?","?","R","?","E","T","?","$","M"],"build_version":"2019-01-23","purchased_purges":1,"victory":false,"max_hp_per_floor":[80,80,80,80,80,80,80,80,80,80,80,80,80,80,80,80,80,80,80,80,80,80,80,80,80,80,80,80,80],"card_choices":[{"not_picked":["Fire Breathing","True Grit"],"picked":"Thunderclap","floor":1},{"not_picked":["Armaments","Body Slam"],"picked":"Inflame","floor":3},{"not_picked":["Sword Boomerang","Rupture"],"picked":"Ghostly Armor","floor":5},{"not_picked":["Perfected Strike","Armaments"],"picked":"Double Tap","floor":7},{"not_picked":["Clothesline","Iron Wave","Rage"],"picked":"SKIP","floor":8},{"not_picked":["Havoc","Uppercut","True Grit"],"picked":"SKIP","floor":10},{"not_picked":["Anger","True Grit"],"picked":"Body Slam","floor":11},{"not_picked":["Dual Wield","Flex"],"picked":"Dropkick","floor":12},{"not_picked":["Immolate","Double Tap"],"picked":"Limit Break","floor":16},{"not_picked":["Rupture","True Grit+1"],"picked":"Rage","floor":18},{"not_picked":["Bloodletting","Shockwave","Perfected Strike"],"picked":"SKIP","floor":19},{"not_picked":["Sword Boomerang","Searing Blow"],"picked":"Iron Wave+1","floor":23},{"not_picked":["Armaments","Intimidate"],"picked":"Power Through+1","floor":25}],"player_experience":747526,"relics_obtained":[{"floor":7,"key":"Old Coin"},{"floor":9,"key":"Regal Pillow"},{"floor":10,"key":"Juzu Bracelet"},{"floor":22,"key":"Necronomicon"},{"floor":25,"key":"Boot"}],"event_choices":[{"damage_healed":0,"gold_gain":0,"player_choice":"Got Potions","damage_taken":0,"max_hp_gain":0,"max_hp_loss":0,"event_name":"Lab","floor":4,"gold_loss":0},{"damage_healed":0,"gold_gain":0,"player_choice":"2 cards matched","damage_taken":0,"max_hp_gain":0,"max_hp_loss":0,"event_name":"Match and Keep!","floor":13,"gold_loss":0,"cards_obtained":["Cleave","Bash"]},{"cards_removed":["Strike_R"],"damage_healed":0,"gold_gain":0,"player_choice":"Card Removal","damage_taken":0,"max_hp_gain":0,"max_hp_loss":0,"event_name":"The Cleric","floor":14,"gold_loss":50},{"cards_removed":["Strike_R"],"damage_healed":0,"gold_gain":0,"player_choice":"Elegance","damage_taken":0,"max_hp_gain":0,"max_hp_loss":0,"event_name":"Back to Basics","floor":21,"gold_loss":0},{"damage_healed":0,"gold_gain":0,"player_choice":"Obtained Book","damage_taken":16,"max_hp_gain":0,"max_hp_loss":0,"event_name":"Cursed Tome","floor":22,"gold_loss":0},{"damage_healed":0,"gold_gain":0,"player_choice":"Trade","damage_taken":0,"relics_obtained":["NlothsMask"],"max_hp_gain":0,"max_hp_loss":0,"event_name":"FaceTrader","floor":24,"gold_loss":0},{"damage_healed":0,"gold_gain":0,"player_choice":"Gave Potion","damage_taken":0,"relics_obtained":["Anchor"],"max_hp_gain":0,"max_hp_loss":0,"event_name":"WeMeetAgain","floor":27,"gold_loss":0}],"is_beta":false,"boss_relics":[{"not_picked":["Runic Pyramid","Tiny House"],"picked":"Mark of Pain"}],"items_purged_floors":[20],"is_endless":false,"potions_floor_spawned":[1,7,8,12,16,25],"killed_by":"Cultist and Chosen","ascension_level":0}