{"gold_per_floor":[109,119,119,134,146,146,68,68,142,177,177,195,195,208,208,208],"floor_reached":16,"playtime":472,"items_purged":[],"score":194,"play_id":"28a89aa2-ca31-40cc-90ab-50a03b99abb2","local_time":"20190221110735","is_ascension_mode":true,"campfire_choices":[{"data":"Poisoned Stab","floor":6.0,"key":"SMITH"},{"data":"Quick Slash","floor":8.0,"key":"SMITH"},{"data":"Noxious Fumes","floor":13.0,"key":"SMITH"},{"data":"Footwork","floor":15.0,"key":"SMITH"}],"neow_cost":"NONE","seed_source_timestamp":1259986286526964,"circlet_count":0,"master_deck":["AscendersBane","Defend_G","Defend_G","Defend_G","Defend_G","Defend_G","Strike_G","Strike_G","Strike_G","Strike_G+1","Survivor","Neutralize+1","Poisoned Stab+1","Quick Slash+1","Footwork+1","PiercingWail","Noxious Fumes+1","Flying Knee"],"special_seed":0,"relics":["Ring of the Snake","Lantern","Shuriken","Bronze Scales"],"potions_floor_usage":[16],"damage_taken":[{"damage":2.0,"enemies":"Cultist","floor":1.0,"turns":5.0},{"damage":4.0,"enemies":"Small Slimes","floor":2.0,"turns":3.0},{"damage":0.0,"enemies":"Jaw Worm","floor":4.0,"turns":4.0},{"damage":7.0,"enemies":"Blue Slaver","floor":5.0,"turns":3.0},{"damage":17.0,"enemies":"Gremlin Nob","floor":10.0,"turns":4.0},{"damage":0.0,"enemies":"Exordium Wildlife","floor":12.0,"turns":2.0},{"damage":0.0,"enemies":"3 Louse","floor":14.0,"turns":3.0},{"damage":10,"enemies":"Slime Boss","floor":16,"turns":7}],"seed_played":"-1299495616424249899","potions_obtained":[{"floor":4.0,"key":"EssenceOfSteel"},{"floor":5.0,"key":"Explosive Potion"},{"floor":14.0,"key":"Energy Potion"}],"is_trial":false,"path_per_floor":["M","M","?","M","M","R","$","R","T","E","?","M","R","M","R","B"],"character_chosen":"THE_SILENT","items_purchased":["Footwork"],"campfire_rested":0,"item_purchase_floors":[7],"current_hp_per_floor":[57,53,33,33,26,26,26,26,26,9,9,9,9,9,9,0],"gold":208,"neow_bonus":"RANDOM_COMMON_RELIC","is_prod":false,"is_daily":false,"chose_seed":false,"campfire_upgraded":4,"win_rate":0,"timestamp":1550743655,"path_taken":["M","?","?","M","M","R","$","R","T","E","?","?","R","M","R","BOSS"],"build_version":"2019-01-23","purchased_purges":0,"victory":false,"max_hp_per_floor":[66,66,66,66,66,66,66,66,66,66,66,66,66,66,66,66],"card_choices":[{"not_picked":["Bane","Catalyst"],"picked":"Poisoned Stab","floor":1.0},{"not_picked":["Choke","Concentrate"],"picked":"Quick Slash","floor":2.0},{"not_picked":["Dodge and Roll","Sucker Punch","Flying Knee"],"picked":"SKIP","floor":4.0},{"not_picked":["PiercingWail","Expertise","Finisher"],"picked":"SKIP","floor":5.0},{"not_picked":["PiercingWail","Expertise","Finisher"],"picked":"SKIP","floor":5.0},{"not_picked":["Skewer","Terror"],"picked":"PiercingWail","floor":10.0},{"not_picked":["Dagger Spray","Reflex"],"picked":"Noxious Fumes","floor":12.0},{"not_picked":["Masterful Stab","Cloak And Dagger"],"picked":"Flying Knee","floor":14.0}],"player_experience":842488,"relics_obtained":[{"floor":9.0,"key":"Shuriken"},{"floor":10.0,"key":"Bronze Scales"}],"event_choices":[{"damage_healed":0.0,"max_hp_gain":0.0,"max_hp_loss":0.0,"gold_gain":0.0,"event_name":"Shining Light","player_choice":"Entered Light","floor":3.0,"gold_loss":0.0,"damage_taken":20.0,"cards_upgraded":["Strike_G","Neutralize"]},{"cards_removed":["Strike_G"],"damage_healed":0.0,"max_hp_gain":0.0,"max_hp_loss":0.0,"gold_gain":0.0,"event_name":"Purifier","player_choice":"Purged","floor":11.0,"gold_loss":0.0,"damage_taken":0.0}],"is_beta":false,"boss_relics":[],"items_purged_floors":[],"is_endless":false,"potions_floor_spawned":[4,5,14],"killed_by":"Slime Boss","ascension_level":18}