{"gold_per_floor":[11,86,86,103,28,28,39,39,92,104,104,104,104,117,117,213,213,185,185,196,40,56,56,56],"floor_reached":24,"playtime":908,"items_purged":["Strike_B"],"score":298,"play_id":"43c442b7-2664-41a8-8f98-18cbf79a9378","local_time":"20180806103545","is_ascension_mode":true,"campfire_choices":[{"data":"Zap","floor":6.0,"key":"SMITH"},{"data":"Beam Cell","floor":8.0,"key":"SMITH"},{"data":"Redo","floor":11.0,"key":"SMITH"},{"data":"Dualcast","floor":13.0,"key":"SMITH"},{"data":"Echo Form","floor":15.0,"key":"SMITH"},{"data":"Defragment","floor":23,"key":"SMITH"}],"neow_cost":"NO_GOLD","seed_source_timestamp":337130809682516,"circlet_count":0,"master_deck":["Strike_B","Strike_B","Strike_B","Defend_B","Defend_B","Defend_B","Zap+1","Dualcast+1","AscendersBane","Echo Form+1","Beam Cell+1","Self Repair","Glacier","Redo+1","BootSequence","Reboot","Turbo","Defragment+1"],"special_seed":0,"relics":["Cracked Core","Orichalcum","Inserter","Juzu Bracelet"],"potions_floor_usage":[22],"damage_taken":[{"damage":4.0,"enemies":"Jaw Worm","floor":1.0,"turns":3.0},{"damage":2.0,"enemies":"2 Louse","floor":4.0,"turns":2.0},{"damage":6.0,"enemies":"Cultist","floor":7.0,"turns":3.0},{"damage":9.0,"enemies":"3 Louse","floor":10.0,"turns":4.0},{"damage":10.0,"enemies":"Red Slaver","floor":14.0,"turns":4.0},{"damage":14.0,"enemies":"The Guardian","floor":16.0,"turns":12.0},{"damage":25.0,"enemies":"2 Thieves","floor":18.0,"turns":5.0},{"damage":11.0,"enemies":"Spheric Guardian","floor":20.0,"turns":7.0},{"damage":29,"enemies":"Centurion and Healer","floor":22,"turns":11},{"damage":33,"enemies":"Snake Plant","floor":24,"turns":2}],"seed_played":"3598057414205140858","potions_obtained":[{"floor":4.0,"key":"AttackPotion"},{"floor":7.0,"key":"Swift Potion"},{"floor":20.0,"key":"Explosive Potion"}],"is_trial":false,"path_per_floor":["M","?","?","M","$","R","M","R","T","M","R","?","R","M","R","B",null,"M","?","M","$","M","R"],"character_chosen":"DEFECT","items_purchased":["Juzu Bracelet"],"campfire_rested":0,"item_purchase_floors":[21],"current_hp_per_floor":[64,53,53,51,51,51,52,52,52,50,50,50,50,54,54,47,68,50,50,53,53,31,31,0],"gold":56,"neow_bonus":"THREE_RARE_CARDS","is_prod":false,"is_daily":false,"chose_seed":false,"campfire_upgraded":6,"win_rate":0,"timestamp":1533544545,"path_taken":["M","?","?","?","$","R","M","R","T","M","R","?","R","M","R","BOSS","M","?","M","$","M","R","M"],"build_version":"2018-08-01","purchased_purges":1,"victory":false,"max_hp_per_floor":[75,75,75,75,75,75,75,75,75,75,75,75,75,75,75,75,75,75,75,75,75,75,75,75],"card_choices":[{"not_picked":["Seek","Reboot"],"picked":"Echo Form","floor":0.0},{"not_picked":["Leap","Reinforced Body"],"picked":"Beam Cell","floor":1.0},{"not_picked":["Ball Lightning","Consume"],"picked":"Self Repair","floor":4.0},{"not_picked":["White Noise","Hologram"],"picked":"Glacier","floor":7.0},{"not_picked":["Cold Snap","Go for the Eyes"],"picked":"Redo","floor":10.0},{"not_picked":["Redo","Hologram"],"picked":"BootSequence","floor":14.0},{"not_picked":["All For One","Amplify"],"picked":"Reboot","floor":16.0},{"not_picked":["Beam Cell","Gash"],"picked":"Turbo","floor":18.0},{"not_picked":["Beam Cell","Steam"],"picked":"Defragment","floor":20.0},{"not_picked":["Beam Cell","Rainbow","Gash"],"picked":"SKIP","floor":22}],"player_experience":755543,"relics_obtained":[{"floor":9.0,"key":"Orichalcum"}],"event_choices":[{"event_name":"World of Goop","player_choice":"Gather Gold","floor":2.0,"damage_taken":0.0},{"event_name":"The Woman in Blue","player_choice":"Bought 0 Potions","floor":3.0,"damage_taken":0.0},{"event_name":"Liars Game","player_choice":"disagreed","floor":12.0,"damage_taken":0.0},{"event_name":"Back to Basics","player_choice":"Elegance","floor":19.0,"damage_taken":0.0}],"is_beta":true,"boss_relics":[{"not_picked":["FrozenCore","Eternal Feather"],"picked":"Inserter"}],"items_purged_floors":[5],"is_endless":false,"potions_floor_spawned":[4,7,14,20],"killed_by":"Snake Plant","ascension_level":12}