{"path_per_floor":["M","?","?","M","?","R","E","R","T","R","M","$","?","M","R"],"character_chosen":"DEFECT","items_purchased":[],"gold_per_floor":[19,19,19,39,39,39,74,74,74,74,86,11,11,30,30,30],"floor_reached":16,"campfire_rested":0,"playtime":367,"item_purchase_floors":[],"current_hp_per_floor":[67,67,67,65,70,70,48,48,48,48,48,48,48,47,47,0],"items_purged":["Strike_B"],"gold":30,"score":137,"play_id":"330b0523-c070-4a4d-9882-13fa66625164","local_time":"20180609173244","is_prod":false,"is_daily":false,"chose_seed":false,"is_ascension_mode":true,"campfire_upgraded":4,"win_rate":0,"timestamp":1528558364,"campfire_choices":[{"data":"Zap","floor":6,"key":"SMITH"},{"data":"Go for the Eyes","floor":8,"key":"SMITH"},{"data":"Dualcast","floor":10,"key":"SMITH"},{"data":"Defragment","floor":15,"key":"SMITH"}],"path_taken":["M","?","?","M","?","R","E","R","T","R","M","$","?","M","R","BOSS"],"build_version":"2018-06-07v3","seed_source_timestamp":125644142662696,"purchased_purges":1,"victory":false,"master_deck":["Strike_B","Strike_B","Defend_B","Defend_B","Defend_B","Zap+1","Dualcast+1","Go for the Eyes+1","Compile Driver","Redo","Defragment+1"],"max_hp_per_floor":[75,75,75,75,80,80,80,80,80,80,80,80,80,80,80,80],"relics":["Cracked Core","Matryoshka","Lantern","Question Card"],"card_choices":[{"not_picked":["Turbo","Barrage"],"picked":"Go for the Eyes","floor":1.0},{"not_picked":["Redo","Steam"],"picked":"Compile Driver","floor":4},{"not_picked":["Redo","Compile Driver","Skim"],"picked":"SKIP","floor":7},{"not_picked":["Stack","Beam Cell","Auto Shields"],"picked":"Redo","floor":11},{"not_picked":["Biased Cognition","Streamline","Hologram"],"picked":"Defragment","floor":14}],"player_experience":566020,"potions_floor_usage":[],"damage_taken":[{"damage":1.0,"enemies":"Cultist","floor":1.0,"turns":3.0},{"damage":2,"enemies":"Jaw Worm","floor":4,"turns":4},{"damage":22,"enemies":"3 Sentries","floor":7,"turns":6},{"damage":0,"enemies":"Small Slimes","floor":11,"turns":2},{"damage":1,"enemies":"Looter","floor":14,"turns":2},{"damage":55,"enemies":"Slime Boss","floor":16,"turns":7}],"relics_obtained":[{"floor":7,"key":"Matryoshka"},{"floor":9,"key":"Lantern"},{"floor":9,"key":"Question Card"}],"event_choices":[{"event_name":"Accursed Blacksmith","player_choice":"Ignore","floor":2,"damage_taken":0},{"event_name":"Liars Game","player_choice":"disagreed","floor":3,"damage_taken":0},{"event_name":"Big Fish","player_choice":"Donut","floor":5,"damage_taken":0},{"event_name":"Shining Light","player_choice":"Ignored","floor":13,"damage_taken":0}],"boss_relics":[],"items_purged_floors":[12],"potions_floor_spawned":[4,14],"seed_played":"6842285703260826002","killed_by":"Slime Boss","ascension_level":8,"potions_obtained":[{"floor":4,"key":"Strength Potion"},{"floor":14,"key":"EssenceOfSteel"}],"is_trial":false}