{"gold_per_floor":[15,34,34,34,34,59,79,89,113,133,190,202,202,46,46,145,145,155,7,20,20,40,40,59,70,70,88,88,99,99,99,99,197,197,210,222,222,222,97,97],"floor_reached":40,"playtime":1640,"items_purged":["Strike_B","Undo","Double Energy"],"score":704,"play_id":"c2670344-b481-42df-8f26-8153d7a940df","local_time":"20180811103304","is_ascension_mode":true,"campfire_choices":[{"data":"Zap","floor":13.0,"key":"SMITH"},{"data":"Beam Cell","floor":15.0,"key":"SMITH"},{"data":"Coolheaded","floor":23.0,"key":"SMITH"},{"data":"Defragment","floor":28.0,"key":"SMITH"},{"data":"Coolheaded","floor":30.0,"key":"SMITH"},{"floor":32.0,"key":"REST"}],"neow_cost":"NO_GOLD","seed_source_timestamp":577010765399721,"circlet_count":0,"master_deck":["Zap+1","Dualcast","AscendersBane","Sunder","Beam Cell+1","Glacier","Compile Driver+1","Barrage+1","Turbo","Steam","Loop","Seek","Streamline+1","Static Discharge","Defragment+1","Gash+1","Defragment","Coolheaded+1","Coolheaded+1","Heatsinks","Gash+1","Melter+1"],"special_seed":0,"relics":["Cracked Core","Girya","Molten Egg 2","Cables","Pen Nib","Incense Burner","Pandora\u0027s Box","Matryoshka","Eternal Feather","Ice Cream"],"potions_floor_usage":[37],"damage_taken":[{"damage":10.0,"enemies":"Small Slimes","floor":1.0,"turns":3.0},{"damage":1.0,"enemies":"Cultist","floor":2.0,"turns":3.0},{"damage":20.0,"enemies":"3 Sentries","floor":6.0,"turns":6.0},{"damage":2.0,"enemies":"Jaw Worm","floor":7.0,"turns":3.0},{"damage":0.0,"enemies":"Exordium Thugs","floor":8.0,"turns":4.0},{"damage":0.0,"enemies":"2 Fungi Beasts","floor":10.0,"turns":1.0},{"damage":0.0,"enemies":"3 Sentries","floor":11.0,"turns":6.0},{"damage":0.0,"enemies":"Looter","floor":12.0,"turns":3.0},{"damage":0.0,"enemies":"Slime Boss","floor":16.0,"turns":10.0},{"damage":1.0,"enemies":"Chosen","floor":18.0,"turns":5.0},{"damage":0.0,"enemies":"Spheric Guardian","floor":20.0,"turns":3.0},{"damage":13.0,"enemies":"Snecko","floor":22.0,"turns":4.0},{"damage":0.0,"enemies":"3 Cultists","floor":24.0,"turns":5.0},{"damage":17.0,"enemies":"Centurion and Healer","floor":25.0,"turns":4.0},{"damage":4.0,"enemies":"Snake Plant","floor":27.0,"turns":4.0},{"damage":4.0,"enemies":"Chosen and Byrds","floor":29.0,"turns":5.0},{"damage":1.0,"enemies":"Champ","floor":33.0,"turns":9.0},{"damage":19.0,"enemies":"3 Darklings","floor":35.0,"turns":4.0},{"damage":7.0,"enemies":"Flame Bruiser 1 Orb","floor":36.0,"turns":5.0},{"damage":4,"floor":37,"turns":5},{"damage":46,"enemies":"2 Orb Walkers","floor":40,"turns":3}],"seed_played":"7611377634360269799","potions_obtained":[{"floor":1.0,"key":"GamblersBrew"},{"floor":8.0,"key":"SkillPotion"},{"floor":12.0,"key":"PowerPotion"},{"floor":16.0,"key":"Block Potion"},{"floor":20.0,"key":"FocusPotion"},{"floor":22.0,"key":"Strength Potion"},{"floor":25.0,"key":"LiquidBronze"},{"floor":35.0,"key":"Weak Potion"}],"is_trial":false,"path_per_floor":["M","M","?","T","$","E","M","M","T","M","?","M","R","$","R","B",null,"M","$","M","?","M","R","M","M","T","M","R","M","R","?","R","B",null,"M","M","?","?","$"],"character_chosen":"DEFECT","items_purchased":["Loop","Coolheaded"],"campfire_rested":1,"item_purchase_floors":[14,19],"current_hp_per_floor":[58,57,57,57,57,37,35,35,35,35,35,35,35,35,35,35,65,64,64,64,64,51,51,51,34,34,30,30,26,26,26,48,47,68,49,42,38,38,38,0],"gold":97,"neow_bonus":"ONE_RARE_RELIC","is_prod":false,"is_daily":false,"chose_seed":false,"campfire_upgraded":5,"win_rate":0,"timestamp":1533976384,"path_taken":["M","M","?","?","$","E","M","M","T","?","?","?","R","?","R","BOSS","M","$","?","?","M","R","?","M","T","M","R","M","R","?","R","BOSS","M","M","?","?","?","E"],"build_version":"2018-08-09","purchased_purges":3,"victory":false,"max_hp_per_floor":[75,75,75,75,75,75,75,75,75,75,75,75,75,75,75,75,75,75,75,75,75,75,75,75,75,75,75,75,75,75,75,75,75,75,75,75,75,75,75,75],"card_choices":[{"not_picked":["Auto Shields","Steam"],"picked":"Sunder","floor":1.0},{"not_picked":["Leap","Go for the Eyes"],"picked":"Beam Cell","floor":2.0},{"not_picked":["Scrape+1","Sweeping Beam+1"],"picked":"Glacier","floor":6.0},{"not_picked":["Leap","Lockon+1","Thunder Strike+1"],"picked":"SKIP","floor":7.0},{"not_picked":["Hologram","Chaos"],"picked":"Compile Driver+1","floor":8.0},{"not_picked":["Undo","Steam Power"],"picked":"Barrage+1","floor":10.0},{"not_picked":["Stack","Leap"],"picked":"Turbo","floor":11.0},{"not_picked":["Barrage+1","Stack"],"picked":"Steam","floor":12.0},{"not_picked":["Echo Form","Multi-Cast"],"picked":"Seek","floor":16.0},{"not_picked":["Steam","Coolheaded"],"picked":"Defragment","floor":18.0},{"not_picked":["Cold Snap+1","Self Repair"],"picked":"Coolheaded","floor":20.0},{"not_picked":["Redo","Steam","Go for the Eyes+1"],"picked":"SKIP","floor":22.0},{"not_picked":["Rebound+1","Tempest"],"picked":"Heatsinks","floor":24.0},{"not_picked":["Steam","Conserve Battery"],"picked":"Gash+1","floor":25.0},{"not_picked":["Rebound+1","Streamline+1","Undo+1"],"picked":"SKIP","floor":27.0},{"not_picked":["Redo","Loop"],"picked":"Melter+1","floor":29.0},{"not_picked":["Sunder+1","Gash+1","Genetic Algorithm+1"],"picked":"SKIP","floor":35.0},{"not_picked":["Steam+1","Rebound+1","Force Field"],"picked":"SKIP","floor":36.0}],"player_experience":621800,"relics_obtained":[{"floor":4.0,"key":"Molten Egg 2"},{"floor":6.0,"key":"Cables"},{"floor":9.0,"key":"Pen Nib"},{"floor":11.0,"key":"Incense Burner"},{"floor":26.0,"key":"Matryoshka"},{"floor":37,"key":"Ice Cream"}],"event_choices":[{"event_name":"Wheel of Change","player_choice":"Card Removal","floor":3.0,"damage_taken":0.0},{"event_name":"Dead Adventurer","player_choice":"Searched \u00272\u0027 times","floor":11.0,"damage_taken":0.0},{"event_name":"Addict","player_choice":"Ignored","floor":21.0,"damage_taken":0.0},{"event_name":"Drug Dealer","player_choice":"Ignored","floor":31.0,"damage_taken":0.0},{"event_name":"MindBloom","player_choice":"Fight","floor":37,"damage_taken":0},{"event_name":"Tomb of Lord Red Mask","player_choice":"Ignored","floor":38,"damage_taken":0}],"is_beta":false,"boss_relics":[{"not_picked":["Velvet Choker","Calling Bell"],"picked":"Pandora\u0027s Box"},{"not_picked":["Runic Dome","Runic Pyramid"],"picked":"Eternal Feather"}],"items_purged_floors":[14,19,39],"is_endless":false,"potions_floor_spawned":[1,8,12,16,20,22,25,35],"killed_by":"2 Orb Walkers","ascension_level":12}