{"gold_per_floor":[115,115,115,126,126,152,152,47,115,134,149,149,74,91,91,165,165,181,81,26,43,60,60,77,77],"floor_reached":25,"playtime":761,"items_purged":["Strike_B","Strike_B"],"score":410,"play_id":"731a35a8-e365-49c3-9f7d-ce9d4b5b4175","local_time":"20190114083424","is_ascension_mode":true,"campfire_choices":[{"data":"Zap","floor":7.0,"key":"SMITH"},{"data":"Redo","floor":12.0,"key":"SMITH"},{"data":"Capacitor","floor":15.0,"key":"SMITH"},{"data":"Consume","floor":23,"key":"SMITH"}],"neow_cost":"NONE","seed_source_timestamp":551574907637059,"circlet_count":0,"master_deck":["AscendersBane","Strike_B","Strike_B","Defend_B","Defend_B","Defend_B+1","Defend_B","Zap+1","Dualcast","Coolheaded+1","Coolheaded","Capacitor+1","Ball Lightning","Redo+1","Barrage","Electrodynamics","Consume+1","Conserve Battery","Defragment"],"special_seed":0,"relics":["Cracked Core","NeowsBlessing","Bag of Marbles","Symbiotic Virus","Nuclear Battery"],"potions_floor_usage":[22,25],"damage_taken":[{"damage":0.0,"enemies":"Small Slimes","floor":1.0,"turns":1.0},{"damage":0.0,"enemies":"2 Louse","floor":4.0,"turns":1.0},{"damage":0.0,"enemies":"Gremlin Nob","floor":6.0,"turns":1.0},{"damage":0.0,"enemies":"Jaw Worm","floor":10.0,"turns":4.0},{"damage":14.0,"enemies":"Blue Slaver","floor":11.0,"turns":3.0},{"damage":8.0,"enemies":"Lots of Slimes","floor":14.0,"turns":3.0},{"damage":6.0,"enemies":"Slime Boss","floor":16.0,"turns":6.0},{"damage":0.0,"enemies":"3 Byrds","floor":18.0,"turns":2.0},{"damage":3.0,"enemies":"Chosen","floor":21.0,"turns":6.0},{"damage":28,"enemies":"Snake Plant","floor":22,"turns":6},{"damage":13,"enemies":"Centurion and Healer","floor":24,"turns":5},{"damage":31,"enemies":"Slavers","floor":25,"turns":1}],"seed_played":"-4154999032113588643","potions_obtained":[{"floor":4.0,"key":"GamblersBrew"},{"floor":10.0,"key":"SpeedPotion"},{"floor":14.0,"key":"SteroidPotion"},{"floor":24,"key":"GamblersBrew"}],"is_trial":false,"path_per_floor":["M","?","?","M","?","E","R","$","T","M","M","R","$","M","R","B",null,"M","$","$","M","M","R","M","E"],"character_chosen":"DEFECT","items_purchased":["Capacitor","Ball Lightning","Conserve Battery"],"campfire_rested":0,"item_purchase_floors":[8,8,20],"current_hp_per_floor":[64,64,43,43,48,48,48,48,48,48,34,34,34,26,26,20,62,62,62,62,59,31,31,18,0],"gold":77,"neow_bonus":"THREE_ENEMY_KILL","is_prod":false,"is_daily":false,"chose_seed":false,"campfire_upgraded":4,"win_rate":0,"timestamp":1547451264,"path_taken":["M","?","?","M","?","E","R","?","T","M","M","R","$","M","R","BOSS","M","?","$","?","M","R","M","E"],"build_version":"2019-01-10","purchased_purges":2,"victory":false,"max_hp_per_floor":[71,71,71,71,76,76,76,76,76,76,76,76,76,76,76,76,76,76,76,76,76,76,76,76,76],"card_choices":[{"not_picked":["Rebound","Stack"],"picked":"Coolheaded","floor":1.0},{"not_picked":["Barrage","Streamline","Gash"],"picked":"SKIP","floor":4.0},{"not_picked":["Seek","Double Energy"],"picked":"Coolheaded","floor":6.0},{"not_picked":["Stack","Beam Cell"],"picked":"Redo","floor":10.0},{"not_picked":["Gash","Storm","Undo"],"picked":"SKIP","floor":11.0},{"not_picked":["Beam Cell","Darkness"],"picked":"Barrage","floor":14.0},{"not_picked":["Amplify","Meteor Strike"],"picked":"Electrodynamics","floor":16.0},{"not_picked":["White Noise+1","Hologram"],"picked":"Consume","floor":18.0},{"not_picked":["Stack","Leap","Turbo"],"picked":"SKIP","floor":21.0},{"not_picked":["Coolheaded","Auto Shields","Go for the Eyes"],"picked":"SKIP","floor":22},{"not_picked":["Beam Cell","Turbo"],"picked":"Defragment","floor":24}],"player_experience":736550,"relics_obtained":[{"floor":6.0,"key":"Bag of Marbles"},{"floor":9.0,"key":"Symbiotic Virus"}],"event_choices":[{"damage_healed":0.0,"max_hp_gain":0.0,"max_hp_loss":0.0,"gold_gain":0.0,"event_name":"Golden Idol","player_choice":"Ignored","floor":2.0,"gold_loss":0.0,"damage_taken":0.0},{"damage_healed":0.0,"max_hp_gain":0.0,"max_hp_loss":0.0,"gold_gain":0.0,"event_name":"Shining Light","player_choice":"Entered Light","floor":3.0,"gold_loss":0.0,"damage_taken":21.0,"cards_upgraded":["Defend_B","Coolheaded"]},{"damage_healed":0.0,"max_hp_gain":5.0,"max_hp_loss":0.0,"gold_gain":0.0,"event_name":"Big Fish","player_choice":"Donut","floor":5.0,"gold_loss":0.0,"damage_taken":0.0}],"is_beta":false,"boss_relics":[{"not_picked":["Busted Crown","Coffee Dripper"],"picked":"Nuclear Battery"}],"items_purged_floors":[13,19],"is_endless":false,"potions_floor_spawned":[4,10,14,24],"killed_by":"Slavers","ascension_level":16}