{"gold_per_floor":[109,109,124,143,143,143,158,185,185,185,185],"floor_reached":11,"playtime":354,"items_purged":[],"score":146,"play_id":"a15236f6-7c90-4a13-aee5-b3a96ae653e5","local_time":"20190714224035","is_ascension_mode":true,"campfire_choices":[{"data":"Neutralize","floor":6.0,"key":"SMITH"},{"data":"Acrobatics","floor":10,"key":"SMITH"}],"neow_cost":"PERCENT_DAMAGE","seed_source_timestamp":496398525827231,"circlet_count":0,"master_deck":["AscendersBane","Strike_G","Strike_G","Strike_G","Strike_G","Defend_G","Defend_G","Defend_G","Defend_G","Defend_G","Survivor","Neutralize+1","Grand Finale","Quick Slash","Leg Sweep","Acrobatics+1"],"special_seed":0,"relics":["Ring of the Snake","Blood Vial"],"potions_floor_usage":[],"damage_taken":[{"damage":0.0,"enemies":"Jaw Worm","floor":1.0,"turns":7.0},{"damage":2.0,"enemies":"2 Louse","floor":3.0,"turns":3.0},{"damage":3.0,"enemies":"Cultist","floor":4.0,"turns":4.0},{"damage":7.0,"enemies":"Lots of Slimes","floor":7.0,"turns":6.0},{"damage":30,"enemies":"Lagavulin","floor":8,"turns":10},{"damage":22,"enemies":"Exordium Thugs","floor":11,"turns":5}],"seed_played":"7218744975730475502","potions_obtained":[{"floor":7.0,"key":"PowerPotion"}],"is_trial":false,"path_per_floor":["M","?","M","M","?","R","M","E","T","R","M"],"character_chosen":"THE_SILENT","items_purchased":[],"campfire_rested":0,"item_purchase_floors":[],"current_hp_per_floor":[44,37,35,32,54,54,47,17,17,17,0],"gold":185,"neow_bonus":"THREE_RARE_CARDS","is_prod":false,"is_daily":false,"chose_seed":false,"campfire_upgraded":2,"win_rate":0,"timestamp":1563111635,"path_taken":["M","?","M","M","?","R","M","E","T","R","M"],"build_version":"2019-07-05","purchased_purges":0,"victory":false,"max_hp_per_floor":[66,66,66,66,66,66,66,66,66,66,66],"card_choices":[{"not_picked":["Phantasmal Killer","Night Terror"],"picked":"Grand Finale","floor":0.0},{"not_picked":["Cloak And Dagger","Underhanded Strike"],"picked":"Quick Slash","floor":1.0},{"not_picked":["Cloak And Dagger","Skewer","Expertise"],"picked":"SKIP","floor":3.0},{"not_picked":["Noxious Fumes","Flying Knee"],"picked":"Leg Sweep","floor":4.0},{"not_picked":["Crippling Poison","Dagger Spray"],"picked":"Acrobatics","floor":7.0},{"not_picked":["PiercingWail","Glass Knife","Underhanded Strike"],"picked":"SKIP","floor":8}],"player_experience":992948,"relics_obtained":[{"floor":8,"key":"Blood Vial"}],"event_choices":[{"cards_removed":["Strike_G"],"damage_healed":0.0,"max_hp_gain":0.0,"max_hp_loss":0.0,"gold_gain":0.0,"event_name":"Golden Wing","player_choice":"Card Removal","floor":2.0,"gold_loss":0.0,"damage_taken":7.0},{"damage_healed":22.0,"max_hp_gain":0.0,"max_hp_loss":0.0,"gold_gain":0.0,"event_name":"Big Fish","player_choice":"Banana","floor":5.0,"gold_loss":0.0,"damage_taken":0.0}],"is_beta":false,"boss_relics":[],"items_purged_floors":[],"is_endless":false,"potions_floor_spawned":[7],"killed_by":"Exordium Thugs","ascension_level":20}