{"gold_per_floor":[116,131,147,166,26,53,53,68,121,296,296,296,307,321,321,416,416,436,361,347,362,36,36,50,50,50,68,68,168,168,168],"floor_reached":31,"playtime":1663,"items_purged":["Pain","Decay"],"score":289,"play_id":"f6a4ca65-f4b3-4bd5-8673-7503f494a844","local_time":"20190712142918","is_ascension_mode":false,"campfire_choices":[{"data":"Double Energy","floor":7,"key":"SMITH"},{"data":"Self Repair","floor":11,"key":"SMITH"},{"data":"Static Discharge","floor":15,"key":"SMITH"},{"floor":23,"key":"REST"}],"neow_cost":"NONE","seed_source_timestamp":92766284464442,"circlet_count":0,"master_deck":["Strike_B","Strike_B","Strike_B","Strike_B","Defend_B","Defend_B","Defend_B","Defend_B","Zap","Dualcast","Self Repair+1","Beam Cell","Conserve Battery","Go for the Eyes","Static Discharge+1","Conserve Battery","Cold Snap","Double Energy+1","Glacier","Cold Snap","Doubt","Beam Cell","Hello World","Heatsinks","Skim","All For One","Clumsy","Beam Cell","Gash","Coolheaded","Defragment+1","Scrape+1","Coolheaded","Defragment+1","Heatsinks+1","Sweeping Beam+1","Defragment+1","Defragment+1","Cold Snap+1"],"relics":["Sozu","Prayer Wheel","Pen Nib","Question Card","Calling Bell","Potion Belt","Ginger","Frozen Egg 2","Regal Pillow","Vajra","Gambling Chip","Bottled Tornado"],"potions_floor_usage":[],"damage_taken":[{"damage":2,"enemies":"Small Slimes","floor":1,"turns":3},{"damage":3,"enemies":"Jaw Worm","floor":2,"turns":4},{"damage":0,"enemies":"Cultist","floor":3,"turns":3},{"damage":18,"enemies":"Exordium Thugs","floor":4,"turns":4},{"damage":17,"enemies":"3 Sentries","floor":6,"turns":9},{"damage":11,"enemies":"Large Slime","floor":8,"turns":6},{"damage":0,"enemies":"Looter","floor":13,"turns":4},{"damage":1,"enemies":"2 Fungi Beasts","floor":14,"turns":4},{"damage":33,"enemies":"Slime Boss","floor":16,"turns":13},{"damage":33,"enemies":"Spheric Guardian","floor":18,"turns":7},{"damage":19,"enemies":"2 Thieves","floor":20,"turns":4},{"damage":24,"enemies":"3 Cultists","floor":21,"turns":5},{"damage":8,"enemies":"Cultist and Chosen","floor":24,"turns":7},{"damage":8,"enemies":"Snecko","floor":27,"turns":6},{"damage":29,"enemies":"Colosseum Slavers","floor":29,"turns":6},{"damage":38,"enemies":"Colosseum Nobs","floor":29,"turns":4},{"damage":15,"enemies":"Snake Plant","floor":31,"turns":1}],"seed_played":"-6700236025985145323","potions_obtained":[],"is_trial":false,"path_per_floor":["M","M","M","M","$","E","R","M","T","?","R","?","M","M","R","B",null,"M","$","M","M","$","R","M","?","T","M","$","?","?","M"],"character_chosen":"DEFECT","items_purchased":["Static Discharge","Conserve Battery","Cold Snap","Defragment+1","Regal Pillow"],"campfire_rested":1,"item_purchase_floors":[5,5,5,22,22],"current_hp_per_floor":[73,75,75,64,64,54,54,50,50,50,50,32,42,51,51,28,75,52,52,43,29,29,66,68,68,68,70,70,13,13,0],"gold":168,"neow_bonus":"BOSS_RELIC","is_prod":false,"is_daily":false,"chose_seed":false,"campfire_upgraded":3,"win_rate":0.0,"timestamp":1562959758,"path_taken":["M","M","M","M","$","E","R","M","T","?","R","?","M","M","R","BOSS","M","$","M","M","$","R","M","?","T","?","$","?","?","M"],"build_version":"2019-07-05","purchased_purges":2,"victory":false,"max_hp_per_floor":[75,75,75,75,75,75,75,75,75,75,75,75,75,75,75,75,75,75,75,75,75,75,75,75,75,75,75,75,75,75,75],"card_choices":[{"not_picked":["Steam Power","Beam Cell"],"picked":"Self Repair","floor":1},{"not_picked":["Turbo","Stack"],"picked":"Beam Cell","floor":2},{"not_picked":["Turbo","Steam"],"picked":"Conserve Battery","floor":3},{"not_picked":["Rebound","Undo"],"picked":"Go for the Eyes","floor":4},{"not_picked":["Meteor Strike","White Noise"],"picked":"Double Energy","floor":6},{"not_picked":["Sweeping Beam","Steam"],"picked":"Glacier","floor":8},{"not_picked":["Leap","Turbo"],"picked":"Cold Snap","floor":8},{"not_picked":["Conserve Battery","Redo","Gash"],"picked":"Beam Cell","floor":13},{"not_picked":["Steam","Multi-Cast","Turbo"],"picked":"Hello World","floor":13},{"not_picked":["Reprogram","Hologram","Undo"],"picked":"Heatsinks","floor":14},{"not_picked":["Hologram","Turbo","Gash"],"picked":"Skim","floor":14},{"not_picked":["Reboot","Biased Cognition","Amplify"],"picked":"All For One","floor":16},{"not_picked":["Hologram","Recycle","Steam"],"picked":"Beam Cell","floor":18},{"not_picked":["Go for the Eyes+1","FTL","Consume"],"picked":"Gash","floor":18},{"not_picked":["Beam Cell","Turbo","Barrage"],"picked":"Coolheaded","floor":20},{"not_picked":["Lockon","Heatsinks+1","Chaos"],"picked":"Defragment+1","floor":20},{"not_picked":["FTL","Cold Snap","Barrage+1"],"picked":"Scrape+1","floor":21},{"not_picked":["Barrage","Fusion","Consume"],"picked":"Coolheaded","floor":21},{"not_picked":["Turbo","Stack","Double Energy+1"],"picked":"Heatsinks+1","floor":24},{"not_picked":["Cold Snap","Fusion","White Noise"],"picked":"Sweeping Beam+1","floor":24},{"not_picked":["Go for the Eyes+1","Self Repair+1","Hello World+1"],"picked":"Defragment+1","floor":27},{"not_picked":["Beam Cell","Redo+1","Leap"],"picked":"Defragment+1","floor":27},{"not_picked":["Coolheaded","Conserve Battery","Rainbow"],"picked":"Cold Snap+1","floor":29}],"player_experience":78740,"relics_obtained":[{"floor":6,"key":"Prayer Wheel"},{"floor":9,"key":"Pen Nib"},{"floor":17,"key":"Potion Belt"},{"floor":17,"key":"Ginger"},{"floor":17,"key":"Frozen Egg 2"},{"floor":26,"key":"Vajra"},{"floor":29,"key":"Gambling Chip"},{"floor":29,"key":"Bottled Tornado"}],"event_choices":[{"damage_healed":0,"gold_gain":175,"player_choice":"AGREE","damage_taken":0,"max_hp_gain":0,"max_hp_loss":0,"event_name":"Liars Game","floor":10,"gold_loss":0,"cards_obtained":["Doubt"]},{"damage_healed":0,"gold_gain":0,"player_choice":"Success","damage_taken":18,"relics_obtained":["Question Card"],"max_hp_gain":0,"max_hp_loss":0,"event_name":"Scrap Ooze","floor":12,"gold_loss":0},{"damage_healed":0,"gold_gain":0,"player_choice":"Got Potions","damage_taken":0,"max_hp_gain":0,"max_hp_loss":0,"event_name":"Lab","floor":25,"gold_loss":0},{"damage_healed":0,"gold_gain":0,"player_choice":"Fight","damage_taken":0,"max_hp_gain":0,"max_hp_loss":0,"event_name":"Colosseum","floor":29,"gold_loss":0},{"damage_healed":0,"gold_gain":0,"player_choice":"Fought Nobs","damage_taken":0,"max_hp_gain":0,"max_hp_loss":0,"event_name":"Colosseum","floor":29,"gold_loss":0},{"damage_healed":0,"gold_gain":0,"player_choice":"Ignored","damage_taken":0,"max_hp_gain":0,"max_hp_loss":0,"event_name":"Vampires","floor":30,"gold_loss":0}],"is_beta":false,"boss_relics":[{"not_picked":["Astrolabe","White Beast Statue"],"picked":"Calling Bell"}],"items_purged_floors":[19,22],"is_endless":false,"potions_floor_spawned":[1,2,3,8,21,24,29],"killed_by":"Snake Plant","ascension_level":0}