{"gold_per_floor":[15,15,15,25,25,25,45,64,64,64,64,64,80,108,108,108],"floor_reached":16,"playtime":415,"items_purged":[],"score":200,"play_id":"b12c5ee8-90e3-487b-b80d-2f04baee66dc","local_time":"20190226102005","is_ascension_mode":true,"campfire_choices":[{"data":"Zap","floor":6.0,"key":"SMITH"},{"data":"Dualcast","floor":10.0,"key":"SMITH"},{"data":"Coolheaded","floor":12,"key":"SMITH"},{"data":"Skim","floor":15,"key":"SMITH"}],"neow_cost":"NO_GOLD","seed_source_timestamp":1550293338163415,"circlet_count":0,"master_deck":["AscendersBane","Strike_B","Strike_B","Strike_B","Strike_B","Defend_B","Defend_B","Defend_B","Defend_B","Zap+1","Dualcast+1","Skim+1","Sweeping Beam","Coolheaded+1","Electrodynamics"],"special_seed":0,"relics":["Cracked Core","Bird Faced Urn","Question Card","Singing Bowl"],"potions_floor_usage":[14,16],"damage_taken":[{"damage":5.0,"enemies":"Small Slimes","floor":1.0,"turns":3.0},{"damage":1.0,"enemies":"Cultist","floor":4.0,"turns":3.0},{"damage":3.0,"enemies":"2 Louse","floor":7.0,"turns":3.0},{"damage":7.0,"enemies":"Exordium Thugs","floor":8.0,"turns":5.0},{"damage":4,"enemies":"Looter","floor":13,"turns":3},{"damage":20,"enemies":"Lagavulin","floor":14,"turns":5},{"damage":39,"enemies":"Slime Boss","floor":16,"turns":5}],"seed_played":"7534659731317842691","potions_obtained":[{"floor":3.0,"key":"Ancient Potion"},{"floor":3.0,"key":"PowerPotion"},{"floor":13,"key":"Fire Potion"}],"is_trial":false,"path_per_floor":["M","?","?","M","$","R","M","M","T","R","?","R","M","E","R","B"],"character_chosen":"DEFECT","items_purchased":[],"campfire_rested":0,"item_purchase_floors":[],"current_hp_per_floor":[59,59,59,58,58,58,55,48,48,48,48,48,44,28,28,0],"gold":108,"neow_bonus":"ONE_RARE_RELIC","is_prod":false,"is_daily":false,"chose_seed":false,"campfire_upgraded":4,"win_rate":0,"timestamp":1551172805,"path_taken":["M","?","?","?","?","R","M","M","T","R","?","R","?","E","R","BOSS"],"build_version":"2019-01-23","purchased_purges":0,"victory":false,"max_hp_per_floor":[71,71,71,71,71,71,71,71,71,71,71,71,71,73,73,73],"card_choices":[{"not_picked":["Hologram","Steam"],"picked":"Skim","floor":1.0},{"not_picked":["Undo","Genetic Algorithm"],"picked":"Sweeping Beam","floor":4.0},{"not_picked":["Barrage","Skim"],"picked":"Coolheaded","floor":7.0},{"not_picked":["Consume","Fusion","Barrage"],"picked":"SKIP","floor":8.0},{"not_picked":["Cold Snap","Barrage","Compile Driver"],"picked":"Electrodynamics","floor":13},{"not_picked":["Cold Snap","Hologram","Rebound","Steam Power"],"picked":"Singing Bowl","floor":14}],"player_experience":905431,"relics_obtained":[{"floor":9.0,"key":"Question Card"},{"floor":14,"key":"Singing Bowl"}],"event_choices":[{"damage_healed":0.0,"max_hp_gain":0.0,"max_hp_loss":0.0,"gold_gain":0.0,"event_name":"The Cleric","player_choice":"Leave","floor":2.0,"gold_loss":0.0,"damage_taken":0.0},{"damage_healed":0.0,"max_hp_gain":0.0,"max_hp_loss":0.0,"gold_gain":0.0,"event_name":"Lab","player_choice":"Got Potions","floor":3.0,"gold_loss":0.0,"damage_taken":0.0},{"damage_healed":0,"gold_gain":0,"player_choice":"Fled","damage_taken":0,"max_hp_gain":0,"max_hp_loss":0,"event_name":"Scrap Ooze","floor":11,"gold_loss":0}],"is_beta":false,"boss_relics":[],"items_purged_floors":[],"is_endless":false,"potions_floor_spawned":[8,13],"killed_by":"Slime Boss","ascension_level":20}