{"gold_per_floor":[115,125,200,218,237,237,250,250,274,274],"floor_reached":10,"playtime":364,"items_purged":[],"score":120,"play_id":"52cb9ede-02b0-4963-a71d-650286bff7c3","local_time":"20190728164715","is_ascension_mode":true,"campfire_choices":[{"data":"Heel Hook","floor":6.0,"key":"SMITH"},{"data":"Backflip","floor":8.0,"key":"SMITH"}],"neow_cost":"NONE","seed_source_timestamp":562083419786351,"circlet_count":0,"master_deck":["AscendersBane","Strike_G","Strike_G","Strike_G","Strike_G","Strike_G","Defend_G","Defend_G","Defend_G","Defend_G+1","Defend_G+1","Survivor","Neutralize+1","Flying Knee","Dagger Throw","Heel Hook+1","Backflip+1"],"special_seed":0,"relics":["Ring of the Snake","War Paint"],"potions_floor_usage":[],"damage_taken":[{"damage":0.0,"enemies":"Small Slimes","floor":1.0,"turns":5.0},{"damage":4.0,"enemies":"Jaw Worm","floor":2.0,"turns":5.0},{"damage":0.0,"enemies":"Cultist","floor":4.0,"turns":4.0},{"damage":3.0,"enemies":"Looter","floor":5.0,"turns":4.0},{"damage":4.0,"enemies":"Exordium Thugs","floor":7.0,"turns":5.0},{"damage":43,"enemies":"3 Sentries","floor":10,"turns":11}],"seed_played":"-8021765973161179852","potions_obtained":[{"floor":1.0,"key":"Energy Potion"},{"floor":2.0,"key":"FearPotion"}],"is_trial":false,"path_per_floor":["M","M","?","M","M","R","M","R","T","E"],"character_chosen":"THE_SILENT","items_purchased":[],"campfire_rested":0,"item_purchase_floors":[],"current_hp_per_floor":[59,55,44,44,41,41,37,37,37,0],"gold":274,"neow_bonus":"UPGRADE_CARD","is_prod":false,"is_daily":false,"chose_seed":false,"campfire_upgraded":2,"win_rate":0,"timestamp":1564300035,"path_taken":["M","M","?","M","M","R","M","R","T","E"],"build_version":"2019-07-17","purchased_purges":0,"victory":false,"max_hp_per_floor":[66,66,66,66,66,66,66,66,66,66],"card_choices":[{"not_picked":["Acrobatics","Accuracy"],"picked":"Flying Knee","floor":1.0},{"not_picked":["Outmaneuver","Quick Slash","Bane"],"picked":"SKIP","floor":2.0},{"not_picked":["Outmaneuver","Quick Slash","Bane"],"picked":"SKIP","floor":2.0},{"not_picked":["Bane","Reflex"],"picked":"Dagger Throw","floor":4.0},{"not_picked":["Poisoned Stab","Slice"],"picked":"Heel Hook","floor":5.0},{"not_picked":["Blade Dance","Acrobatics"],"picked":"Backflip","floor":7.0}],"player_experience":1043328,"relics_obtained":[{"floor":9.0,"key":"War Paint"}],"event_choices":[{"damage_healed":0.0,"max_hp_gain":0.0,"max_hp_loss":0.0,"gold_gain":75.0,"event_name":"World of Goop","player_choice":"Gather Gold","floor":3.0,"gold_loss":0.0,"damage_taken":11.0}],"is_beta":false,"boss_relics":[],"items_purged_floors":[],"is_endless":false,"potions_floor_spawned":[1,2],"killed_by":"3 Sentries","ascension_level":20}