{"path_per_floor":["M","M","?","$","M","R","M","E","T","M","M","M","R","E","R","B",null,"M","M","?","$","?","R","E","M","T","?","E","R","T","M","R"],"character_chosen":"DEFECT","items_purchased":["Question Card"],"gold_per_floor":[111,123,123,48,59,59,77,105,177,188,202,216,216,241,241,336,336,351,367,367,16,16,16,42,55,55,55,83,83,83,95,95,95],"floor_reached":33,"campfire_rested":0,"playtime":1534,"current_hp_per_floor":[75,75,75,75,69,69,65,57,57,57,56,53,53,53,53,43,75,75,66,66,66,66,66,37,44,44,44,44,44,44,46,46,0],"items_purged":["Defend_B","Strike_B"],"gold":95,"score":364,"play_id":"a4302fe7-e1e5-40fd-ac1c-697f8e17cc5f","local_time":"20180516225023","is_prod":false,"is_daily":false,"chose_seed":false,"is_ascension_mode":true,"campfire_upgraded":6,"timestamp":1526503823,"path_taken":["M","M","?","?","M","R","M","E","T","M","M","M","R","E","R","BOSS","M","M","?","$","?","R","E","M","T","?","E","R","?","?","R","BOSS"],"build_version":"2018-05-15","seed_source_timestamp":258394415255444,"purchased_purges":2,"victory":false,"master_deck":["Strike_B","Defend_B","Defend_B","Defend_B","Zap+1","Dualcast","Coolheaded+1","Genetic Algorithm","Cold Snap","Coolheaded+1","Barrage+1","Fusion+1","Ball Lightning","Melter","Steam+1","Skim+1","Conserve Battery"],"max_hp_per_floor":[75,75,75,75,75,75,75,75,75,75,75,75,75,75,75,75,75,75,75,75,75,75,75,75,75,75,75,75,75,75,77,77,77],"relics":["Cracked Core","Emotion Chip","Meat on the Bone","Bag of Marbles","Inserter","Question Card","Bronze Scales","Blue Candle","Singing Bowl","Gremlin Horn"],"card_choices":[{"not_picked":["Undo","Go for the Eyes"],"picked":"Coolheaded","floor":1.0},{"not_picked":["Stack","Blizzard"],"picked":"Genetic Algorithm","floor":2.0},{"not_picked":["Reinforced Body","Steam","Capacitor"],"picked":"SKIP","floor":5.0},{"not_picked":["Scrape","Tempest"],"picked":"Cold Snap","floor":7.0},{"not_picked":["Heatsinks","Barrage"],"picked":"Coolheaded","floor":8.0},{"not_picked":["Barrage","Meteor Strike","Skim"],"picked":"SKIP","floor":10.0},{"not_picked":["Streamline","Lockon","Force Field"],"picked":"SKIP","floor":11.0},{"not_picked":["Reinforced Body","Capacitor","Ball Lightning"],"picked":"SKIP","floor":12.0},{"not_picked":["Skim","Steam"],"picked":"Barrage","floor":14.0},{"not_picked":["Biased Cognition","Multi-Cast"],"picked":"Fusion","floor":16.0},{"not_picked":["Rip and Tear","Steam+1"],"picked":"Ball Lightning","floor":18},{"not_picked":["Beam Cell","Recycle"],"picked":"Melter","floor":19},{"not_picked":["Storm","Leap","Steam Power"],"picked":"Steam+1","floor":24},{"not_picked":["Auto Shields+1","Darkness","Turbo"],"picked":"Skim","floor":25},{"not_picked":["Cold Snap","Coolheaded","Skim"],"picked":"Conserve Battery","floor":28},{"not_picked":["Streamline+1","Conserve Battery+1","Storm","Genetic Algorithm"],"picked":"Singing Bowl","floor":31}],"player_experience":667306,"potions_floor_usage":[28],"damage_taken":[{"damage":0.0,"enemies":"Small Slimes","floor":1.0,"turns":3.0},{"damage":0.0,"enemies":"Cultist","floor":2.0,"turns":3.0},{"damage":6.0,"enemies":"Jaw Worm","floor":5.0,"turns":4.0},{"damage":4.0,"enemies":"Exordium Thugs","floor":7.0,"turns":4.0},{"damage":8.0,"enemies":"Lagavulin","floor":8.0,"turns":5.0},{"damage":0.0,"enemies":"Exordium Wildlife","floor":10.0,"turns":3.0},{"damage":1.0,"enemies":"3 Louse","floor":11.0,"turns":5.0},{"damage":3.0,"enemies":"Large Slime","floor":12.0,"turns":5.0},{"damage":0.0,"enemies":"3 Sentries","floor":14.0,"turns":10.0},{"damage":22.0,"enemies":"Slime Boss","floor":16.0,"turns":11.0},{"damage":0,"enemies":"Chosen","floor":18,"turns":5},{"damage":9,"enemies":"Shell Parasite","floor":19,"turns":4},{"damage":41,"enemies":"Book of Stabbing","floor":24,"turns":6},{"damage":5,"enemies":"Snecko","floor":25,"turns":4},{"damage":0,"enemies":"Gremlin Leader","floor":28,"turns":8},{"damage":0,"enemies":"3 Cultists","floor":31,"turns":4},{"damage":58,"enemies":"Champ","floor":33,"turns":9}],"relics_obtained":[{"floor":8.0,"key":"Emotion Chip"},{"floor":9.0,"key":"Meat on the Bone"},{"floor":14.0,"key":"Bag of Marbles"},{"floor":24,"key":"Bronze Scales"},{"floor":26,"key":"Blue Candle"},{"floor":28,"key":"Singing Bowl"},{"floor":30,"key":"Gremlin Horn"}],"event_choices":[{"event_name":"The Lab","player_choice":"Got Potions","floor":3.0,"damage_taken":0.0},{"event_name":"Drug Dealer","player_choice":"Ignored","floor":20,"damage_taken":0},{"event_name":"Back to Basics","player_choice":"Elegance","floor":22,"damage_taken":0},{"event_name":"Beggar","player_choice":"Ignored","floor":27,"damage_taken":0}],"boss_relics":[],"potions_floor_spawned":[1,7,8,10,14,19,24,25],"seed_played":"8847170072682411864","killed_by":"Champ","ascension_level":1,"potions_obtained":[{"floor":1.0,"key":"Regen Potion"},{"floor":3.0,"key":"EntropicBrew"},{"floor":3.0,"key":"PowerPotion"},{"floor":7.0,"key":"Energy Potion"},{"floor":8.0,"key":"Weak Potion"},{"floor":10.0,"key":"SkillPotion"},{"floor":14.0,"key":"Ancient Potion"},{"floor":19,"key":"Ancient Potion"},{"floor":24,"key":"Dexterity Potion"},{"floor":25,"key":"PowerPotion"}],"is_trial":false}