{"gold_per_floor":[114,71,146,162,162,189,189,34,57,85,85,113,131,151,151,229,229,248,263,263,283,283,283,296,296,296,168,181,181,193,207,207,281,281,300,319,96,196,196,196,196,210,237,237,257,274,285,300,300,300],"floor_reached":51,"playtime":3426,"items_purged":["Strike_R","Strike_R"],"score":1266,"play_id":"e27aa104-814a-4a7d-81a5-5081364ea6dd","local_time":"20190727224759","is_ascension_mode":true,"campfire_choices":[{"data":"Bash","floor":7.0,"key":"SMITH"},{"floor":11.0,"key":"REST"},{"data":"Demon Form","floor":15.0,"key":"SMITH"},{"floor":23.0,"key":"REST"},{"floor":25.0,"key":"REST"},{"data":"Limit Break","floor":29.0,"key":"SMITH"},{"floor":32.0,"key":"REST"},{"data":"Double Tap","floor":41.0,"key":"SMITH"},{"data":"Flame Barrier","floor":44,"key":"SMITH"},{"floor":49,"key":"REST"}],"neow_cost":"NONE","seed_source_timestamp":390245928699,"circlet_count":0,"master_deck":["AscendersBane","Strike_R","Strike_R","Strike_R","Defend_R","Defend_R","Defend_R","Defend_R+1","Bash+1","Pummel","Whirlwind+1","Power Through","Demon Form+1","Offering","Entrench","Pommel Strike","Shrug It Off","Seeing Red","Limit Break+1","True Grit","Shrug It Off+1","Limit Break","Entrench","Flame Barrier+1","Headbutt+1","Double Tap+1","Headbutt+1"],"special_seed":0,"relics":["Burning Blood","NeowsBlessing","Anchor","Smiling Mask","PreservedInsect","Regal Pillow","Snecko Eye","Mercury Hourglass","Mark of Pain","Juzu Bracelet","Thread and Needle","Happy Flower"],"potions_floor_usage":[42,50],"damage_taken":[{"damage":0.0,"enemies":"2 Louse","floor":1.0,"turns":1.0},{"damage":0.0,"enemies":"Cultist","floor":4.0,"turns":1.0},{"damage":0.0,"enemies":"3 Sentries","floor":6.0,"turns":1.0},{"damage":19.0,"enemies":"Gremlin Nob","floor":10.0,"turns":6.0},{"damage":4.0,"enemies":"3 Sentries","floor":12.0,"turns":4.0},{"damage":1.0,"enemies":"Small Slimes","floor":13.0,"turns":3.0},{"damage":23.0,"enemies":"Exordium Thugs","floor":14.0,"turns":4.0},{"damage":33.0,"enemies":"Hexaghost","floor":16.0,"turns":8.0},{"damage":11.0,"enemies":"Spheric Guardian","floor":18.0,"turns":4.0},{"damage":24.0,"enemies":"Chosen","floor":19.0,"turns":6.0},{"damage":32.0,"enemies":"Snake Plant","floor":21.0,"turns":5.0},{"damage":30.0,"enemies":"Shelled Parasite and Fungi","floor":24.0,"turns":5.0},{"damage":24.0,"enemies":"Cultist and Chosen","floor":28.0,"turns":6.0},{"damage":14.0,"enemies":"Snecko","floor":30.0,"turns":4.0},{"damage":7.0,"enemies":"Snake Plant","floor":31.0,"turns":4.0},{"damage":54.0,"enemies":"Champ","floor":33.0,"turns":7.0},{"damage":33.0,"enemies":"Orb Walker","floor":35.0,"turns":5.0},{"damage":7.0,"enemies":"3 Shapes","floor":36.0,"turns":7.0},{"damage":6.0,"enemies":"Mind Bloom Boss Battle","floor":38.0,"turns":3.0},{"damage":6,"enemies":"Sphere and 2 Shapes","floor":42,"turns":3},{"damage":9,"enemies":"4 Shapes","floor":45,"turns":6},{"damage":16,"enemies":"Jaw Worm Horde","floor":46,"turns":4},{"damage":9,"enemies":"Spire Growth","floor":47,"turns":3},{"damage":7,"enemies":"Transient","floor":48,"turns":6},{"damage":63,"enemies":"Time Eater","floor":50,"turns":10}],"seed_played":"82446515988296453","potions_obtained":[{"floor":4.0,"key":"Ancient Potion"},{"floor":6.0,"key":"PowerPotion"},{"floor":10.0,"key":"SkillPotion"},{"floor":12.0,"key":"Energy Potion"},{"floor":16.0,"key":"SpeedPotion"},{"floor":18.0,"key":"Energy Potion"},{"floor":20.0,"key":"Fruit Juice"},{"floor":24.0,"key":"Fire Potion"},{"floor":31.0,"key":"Swift Potion"},{"floor":35.0,"key":"Ancient Potion"},{"floor":42,"key":"Dexterity Potion"},{"floor":48,"key":"Fire Potion"}],"is_trial":false,"path_per_floor":["M","$","?","M","?","E","R","$","T","E","R","E","M","M","R","B",null,"M","M","?","M","?","R","M","R","T","$","M","R","M","M","R","B",null,"M","M","$","?","?","?","R","M","T","R","M","M","M","M","R","B",null],"character_chosen":"IRONCLAD","items_purchased":["Whirlwind","Offering","Flame Barrier","Juzu Bracelet"],"campfire_rested":5,"item_purchase_floors":[2,8,27,37],"current_hp_per_floor":[74,74,63,69,46,52,52,52,52,39,61,63,68,51,51,24,62,57,39,39,18,18,57,33,72,72,72,54,54,46,45,80,32,68,41,40,40,40,56,56,56,56,56,56,53,43,40,39,78,21],"gold":300,"neow_bonus":"THREE_ENEMY_KILL","is_prod":false,"is_daily":false,"chose_seed":false,"campfire_upgraded":5,"win_rate":0,"timestamp":1564292879,"path_taken":["M","$","?","M","?","E","R","$","T","E","R","E","M","M","R","BOSS","M","M","?","?","?","R","M","R","T","$","M","R","?","M","R","BOSS","M","M","$","?","?","?","R","M","T","R","M","M","M","M","R","BOSS"],"build_version":"2019-07-18","purchased_purges":2,"victory":true,"max_hp_per_floor":[75,75,75,75,75,75,75,75,75,75,75,75,75,75,75,75,75,75,75,75,80,80,80,80,80,80,80,80,80,80,80,80,80,80,80,80,80,80,80,80,80,80,80,80,80,80,80,80,80,80],"card_choices":[{"not_picked":["Heavy Blade","Twin Strike"],"picked":"Pummel","floor":1.0},{"not_picked":["Twin Strike","Second Wind"],"picked":"Power Through","floor":4.0},{"not_picked":["Havoc","Perfected Strike"],"picked":"Demon Form","floor":6.0},{"not_picked":["Armaments","Iron Wave"],"picked":"Entrench","floor":10.0},{"not_picked":["Thunderclap","Body Slam"],"picked":"Pommel Strike","floor":12.0},{"not_picked":["Havoc","Heavy Blade"],"picked":"Shrug It Off","floor":13.0},{"not_picked":["Clothesline","Searing Blow"],"picked":"Seeing Red","floor":14.0},{"not_picked":["Offering","Double Tap"],"picked":"Limit Break","floor":16.0},{"not_picked":["Iron Wave","Reckless Charge"],"picked":"True Grit","floor":18.0},{"not_picked":["Battle Trance","Ghostly Armor"],"picked":"Shrug It Off+1","floor":19.0},{"not_picked":["Thunderclap","Power Through","Anger"],"picked":"SKIP","floor":21.0},{"not_picked":["Whirlwind","Evolve"],"picked":"Entrench","floor":24.0},{"not_picked":["Bloodletting","Perfected Strike","Clash"],"picked":"SKIP","floor":28.0},{"not_picked":["Wild Strike","Perfected Strike","Sever Soul"],"picked":"SKIP","floor":30.0},{"not_picked":["Immolate","Wild Strike"],"picked":"Headbutt+1","floor":31.0},{"not_picked":["Exhume","Demon Form"],"picked":"Double Tap","floor":33.0},{"not_picked":["Pommel Strike","Warcry","Body Slam"],"picked":"SKIP","floor":35.0},{"not_picked":["Sword Boomerang","True Grit","Entrench"],"picked":"SKIP","floor":36.0},{"not_picked":["Clash","Flex"],"picked":"Headbutt+1","floor":38.0},{"not_picked":["Fire Breathing+1","Power Through","Iron Wave"],"picked":"SKIP","floor":42},{"not_picked":["Pommel Strike","Iron Wave","Sword Boomerang"],"picked":"SKIP","floor":45},{"not_picked":["Cleave+1","Offering","Rage"],"picked":"SKIP","floor":46},{"not_picked":["Thunderclap","Clash","Iron Wave+1"],"picked":"SKIP","floor":47},{"not_picked":["Clash","Cleave","Anger+1"],"picked":"SKIP","floor":48}],"player_experience":238411,"relics_obtained":[{"floor":6.0,"key":"Anchor"},{"floor":9.0,"key":"Smiling Mask"},{"floor":10.0,"key":"PreservedInsect"},{"floor":12.0,"key":"Regal Pillow"},{"floor":26.0,"key":"Mercury Hourglass"},{"floor":38.0,"key":"Thread and Needle"},{"floor":43,"key":"Happy Flower"}],"event_choices":[{"damage_healed":0.0,"max_hp_gain":0.0,"max_hp_loss":0.0,"gold_gain":75.0,"event_name":"World of Goop","player_choice":"Gather Gold","floor":3.0,"gold_loss":0.0,"damage_taken":11.0},{"damage_healed":0.0,"max_hp_gain":0.0,"max_hp_loss":0.0,"gold_gain":0.0,"event_name":"Shining Light","player_choice":"Entered Light","floor":5.0,"gold_loss":0.0,"damage_taken":23.0,"cards_upgraded":["Whirlwind","Defend_R"]},{"damage_healed":0.0,"max_hp_gain":0.0,"max_hp_loss":0.0,"gold_gain":0.0,"event_name":"Lab","player_choice":"Got Potions","floor":20.0,"gold_loss":0.0,"damage_taken":0.0},{"damage_healed":0.0,"max_hp_gain":0.0,"max_hp_loss":0.0,"gold_gain":0.0,"event_name":"Duplicator","player_choice":"Copied","floor":22.0,"gold_loss":0.0,"damage_taken":0.0,"cards_obtained":["Limit Break"]},{"damage_healed":0.0,"max_hp_gain":0.0,"max_hp_loss":0.0,"gold_gain":0.0,"event_name":"MindBloom","player_choice":"Fight","floor":38.0,"gold_loss":0.0,"damage_taken":0.0},{"damage_healed":16.0,"max_hp_gain":0.0,"max_hp_loss":0.0,"gold_gain":0.0,"event_name":"Winding Halls","player_choice":"Writhe","floor":39.0,"gold_loss":0.0,"damage_taken":0.0,"cards_obtained":["Writhe"]},{"cards_removed":["Writhe"],"damage_healed":0.0,"max_hp_gain":0.0,"max_hp_loss":0.0,"gold_gain":0.0,"event_name":"Fountain of Cleansing","player_choice":"Removed Curses","floor":40.0,"gold_loss":0.0,"damage_taken":0.0}],"is_beta":true,"boss_relics":[{"not_picked":["Coffee Dripper","Fusion Hammer"],"picked":"Snecko Eye"},{"not_picked":["Tiny House","Black Blood"],"picked":"Mark of Pain"}],"items_purged_floors":[27,37],"is_endless":false,"potions_floor_spawned":[4,6,10,12,16,18,24,31,35,38,42,46,48],"ascension_level":17}