{"gold_per_floor":[119,129,140,14,31,31,81,93,117,133,143,143,155,155,155,232,232,248,248,265,75,125,125],"floor_reached":23,"playtime":851,"items_purged":["Strike_B","Strike_B"],"score":361,"play_id":"09267894-4ca3-4e52-a1c3-809941859b55","local_time":"20190222204958","is_ascension_mode":true,"campfire_choices":[{"data":"Zap","floor":6.0,"key":"SMITH"},{"data":"Redo","floor":12.0,"key":"SMITH"},{"data":"Coolheaded","floor":15.0,"key":"SMITH"}],"neow_cost":"NONE","seed_source_timestamp":1346268943402036,"circlet_count":0,"master_deck":["AscendersBane","Strike_B","Defend_B","Defend_B","Defend_B","Defend_B","Zap+1","Dualcast","Redo+1","Melter","Skim","FTL","Ball Lightning","Consume","Coolheaded+1","Compile Driver","Self Repair","Seek","Defragment","Blizzard","Cold Snap"],"special_seed":0,"relics":["FrozenCore","Art of War"],"potions_floor_usage":[],"damage_taken":[{"damage":2.0,"enemies":"Jaw Worm","floor":1.0,"turns":4.0},{"damage":1.0,"enemies":"Cultist","floor":2.0,"turns":3.0},{"damage":0.0,"enemies":"Small Slimes","floor":3.0,"turns":2.0},{"damage":0.0,"enemies":"2 Fungi Beasts","floor":5.0,"turns":2.0},{"damage":9.0,"enemies":"Red Slaver","floor":8.0,"turns":2.0},{"damage":7.0,"enemies":"Blue Slaver","floor":10.0,"turns":4.0},{"damage":24.0,"enemies":"Exordium Thugs","floor":11.0,"turns":3.0},{"damage":2.0,"enemies":"3 Louse","floor":13.0,"turns":2.0},{"damage":25.0,"enemies":"The Guardian","floor":16.0,"turns":10.0},{"damage":15.0,"enemies":"3 Byrds","floor":18.0,"turns":5.0},{"damage":6.0,"enemies":"Spheric Guardian","floor":20.0,"turns":3.0},{"damage":46,"enemies":"Gremlin Leader","floor":23,"turns":2}],"seed_played":"-6399050532468159918","potions_obtained":[{"floor":5.0,"key":"PowerPotion"},{"floor":8.0,"key":"SkillPotion"},{"floor":13.0,"key":"Swift Potion"},{"floor":16.0,"key":"Ancient Potion"},{"floor":18.0,"key":"Poison Potion"},{"floor":20.0,"key":"SpeedPotion"}],"is_trial":false,"path_per_floor":["M","M","M","$","M","R","?","M","T","M","M","R","M","?","R","B",null,"M","?","M","$","?","E"],"character_chosen":"DEFECT","items_purchased":["Ball Lightning","Blizzard","Cold Snap"],"campfire_rested":0,"item_purchase_floors":[4,21,21],"current_hp_per_floor":[62,61,61,61,61,61,61,52,52,45,21,21,26,26,26,8,55,47,47,41,41,41,0],"gold":125,"neow_bonus":"THREE_CARDS","is_prod":false,"is_daily":false,"chose_seed":false,"campfire_upgraded":3,"win_rate":0,"timestamp":1550864998,"path_taken":["M","M","M","$","M","R","?","M","T","M","M","R","?","?","R","BOSS","M","?","?","$","?","E"],"build_version":"2019-01-23","purchased_purges":2,"victory":false,"max_hp_per_floor":[71,71,71,71,71,71,71,71,71,71,71,71,71,71,71,71,71,71,71,71,71,71,71],"card_choices":[{"not_picked":["Self Repair","Skim"],"picked":"Redo","floor":0.0},{"not_picked":["Hologram","Sweeping Beam"],"picked":"Melter","floor":1.0},{"not_picked":["Streamline","Loop"],"picked":"Skim","floor":2.0},{"not_picked":["Scrape","Sweeping Beam"],"picked":"FTL","floor":3.0},{"not_picked":["Stack","Genetic Algorithm"],"picked":"Consume","floor":5.0},{"not_picked":["Redo","Scrape"],"picked":"Coolheaded","floor":8.0},{"not_picked":["Doom and Gloom","Leap"],"picked":"Compile Driver","floor":10.0},{"not_picked":["Coolheaded","Go for the Eyes"],"picked":"Self Repair","floor":11.0},{"not_picked":["Darkness","Leap","Hello World"],"picked":"SKIP","floor":13.0},{"not_picked":["Meteor Strike","Hyperbeam"],"picked":"Seek","floor":16.0},{"not_picked":["Compile Driver","Cold Snap"],"picked":"Defragment","floor":18.0},{"not_picked":["Stack","Static Discharge","Scrape"],"picked":"SKIP","floor":20.0}],"player_experience":867130,"relics_obtained":[{"floor":9.0,"key":"Art of War"}],"event_choices":[{"damage_healed":0.0,"max_hp_gain":0.0,"max_hp_loss":0.0,"gold_gain":50.0,"event_name":"Golden Shrine","player_choice":"Pray","floor":7.0,"gold_loss":0.0,"damage_taken":0.0},{"damage_healed":0.0,"max_hp_gain":0.0,"max_hp_loss":0.0,"gold_gain":0.0,"event_name":"Dead Adventurer","player_choice":"Searched \u00270\u0027 times","floor":14.0,"gold_loss":0.0,"damage_taken":0.0},{"cards_removed":["Strike_B"],"damage_healed":0.0,"max_hp_gain":0.0,"max_hp_loss":0.0,"gold_gain":0.0,"event_name":"Wheel of Change","player_choice":"Card Removal","floor":19.0,"gold_loss":0.0,"damage_taken":0.0},{"damage_healed":0.0,"max_hp_gain":0.0,"max_hp_loss":0.0,"gold_gain":50.0,"event_name":"Golden Shrine","player_choice":"Pray","floor":22.0,"gold_loss":0.0,"damage_taken":0.0}],"is_beta":false,"boss_relics":[{"not_picked":["Eternal Feather","Calling Bell"],"picked":"FrozenCore"}],"items_purged_floors":[4,21],"is_endless":false,"potions_floor_spawned":[5,8,13,16,18,20],"killed_by":"Gremlin Leader","ascension_level":19}