{"path_per_floor":["M","M","?","?","M","R","$","R","T","R","E","T","E","$","R","B",null,"M","M","M","?","?","R","$","R","T","?","M","E","M","$","R","B",null,"M","?","M","M","$","E","?","$","T","R","$","M","?","T","R","B"],"character_chosen":"DEFECT","items_purchased":["Glacier","Barrage","Defragment","Bottled Lightning"],"gold_per_floor":[110,121,121,71,87,87,6,6,29,29,69,69,107,8,8,131,131,144,163,178,268,268,268,91,91,91,91,106,149,163,38,38,159,159,179,512,528,538,150,180,180,5,5,5,5,18,63,137,137,137],"floor_reached":51,"campfire_rested":0,"playtime":2192,"item_purchase_floors":[],"current_hp_per_floor":[69,67,49,49,48,48,48,48,48,48,42,42,39,39,39,18,77,75,75,63,39,39,39,39,39,39,39,45,49,53,53,53,46,79,77,77,83,72,72,72,72,72,72,72,72,78,82,82,82,54],"items_purged":["Strike_B","Defend_B","Defend_B","Strike_B","Defend_B"],"gold":137,"score":783,"play_id":"aed018ce-4b80-41ec-8199-b40c4f5ca646","local_time":"20180604105722","is_prod":false,"is_daily":false,"chose_seed":false,"is_ascension_mode":true,"campfire_upgraded":9,"win_rate":0.0,"timestamp":1528102642,"campfire_choices":[{"data":"Zap","floor":6.0,"key":"SMITH"},{"data":"Dualcast","floor":8.0,"key":"SMITH"},{"data":"Capacitor","floor":10.0,"key":"SMITH"},{"data":"Barrage","floor":15.0,"key":"SMITH"},{"data":"Coolheaded","floor":23.0,"key":"SMITH"},{"data":"Defragment","floor":25.0,"key":"SMITH"},{"data":"Hologram","floor":32,"key":"SMITH"},{"data":"Coolheaded","floor":44,"key":"SMITH"},{"data":"Machine Learning","floor":49,"key":"SMITH"}],"path_taken":["M","M","?","?","M","R","$","R","T","R","E","?","E","?","R","BOSS","M","M","M","?","?","R","$","R","T","?","M","E","M","$","R","BOSS","M","?","M","M","$","E","?","$","T","R","$","M","?","?","R","BOSS"],"build_version":"2018-05-31","seed_source_timestamp":0,"purchased_purges":5,"victory":true,"master_deck":["Strike_B","Defend_B","Zap+1","Dualcast+1","Capacitor+1","BootSequence","Sweeping Beam","Glacier","Conserve Battery","Barrage+1","Electrodynamics","Chill+1","Coolheaded+1","Bandage Up","Defragment+1","Barrage+1","Hologram+1","Machine Learning+1","Defragment+1","Coolheaded+1","Redo+1"],"max_hp_per_floor":[75,75,75,75,75,75,75,75,75,75,75,75,77,77,77,77,77,77,77,77,77,77,77,77,77,77,77,79,79,79,79,79,79,79,81,81,83,83,83,83,83,83,83,83,83,85,85,85,85,85],"relics":["Cracked Core","Juzu Bracelet","Orichalcum","Singing Bowl","Bag of Preparation","Nuclear Battery","Bronze Scales","Sozu","Bottled Lightning","Pantograph","Torii","Calipers","Matryoshka"],"card_choices":[{"not_picked":["Reinforced Body","Static Discharge"],"picked":"Capacitor","floor":1.0},{"not_picked":["Ball Lightning","Auto Shields"],"picked":"BootSequence","floor":2.0},{"not_picked":["Ball Lightning","Heatsinks"],"picked":"Sweeping Beam","floor":5.0},{"not_picked":["Scrape","Tempest"],"picked":"Conserve Battery","floor":11.0},{"not_picked":["Aggregate","Capacitor","Ball Lightning"],"picked":"Singing Bowl","floor":13.0},{"not_picked":["Creative AI","Reboot"],"picked":"Electrodynamics","floor":16.0},{"not_picked":["BootSequence","Consume"],"picked":"Chill+1","floor":18.0},{"not_picked":["Leap","Conserve Battery"],"picked":"Coolheaded","floor":19.0},{"not_picked":["Beam Cell","Consume"],"picked":"Ball Lightning+1","floor":20.0},{"not_picked":["Gash","Streamline+1","Blizzard"],"picked":"Singing Bowl","floor":28},{"not_picked":["Steam","Ball Lightning"],"picked":"Barrage+1","floor":29},{"not_picked":["Chaos","Cold Snap"],"picked":"Hologram","floor":30},{"not_picked":["Creative AI","All For One"],"picked":"Machine Learning","floor":33},{"not_picked":["Barrage+1","Conserve Battery+1","Streamline"],"picked":"Singing Bowl","floor":35},{"not_picked":["Auto Shields","Double Energy","Barrage+1"],"picked":"Singing Bowl","floor":37},{"not_picked":["Chaos","Redo+1"],"picked":"Defragment+1","floor":38},{"not_picked":["Chaos+1","Biased Cognition"],"picked":"Coolheaded","floor":40},{"not_picked":["Streamline+1","White Noise","Barrage"],"picked":"Singing Bowl","floor":46},{"not_picked":["Stack","Leap"],"picked":"Redo+1","floor":47}],"player_experience":542104,"potions_floor_usage":[29,33],"damage_taken":[{"damage":6.0,"enemies":"Jaw Worm","floor":1.0,"turns":3.0},{"damage":2.0,"enemies":"Small Slimes","floor":2.0,"turns":4.0},{"damage":1.0,"enemies":"Cultist","floor":5.0,"turns":3.0},{"damage":6.0,"enemies":"3 Sentries","floor":11.0,"turns":7.0},{"damage":5.0,"enemies":"Lagavulin","floor":13.0,"turns":8.0},{"damage":21.0,"enemies":"Hexaghost","floor":16.0,"turns":12.0},{"damage":2.0,"enemies":"3 Byrds","floor":18.0,"turns":2.0},{"damage":0.0,"enemies":"2 Thieves","floor":19.0,"turns":4.0},{"damage":12.0,"enemies":"Snake Plant","floor":20.0,"turns":5.0},{"damage":0,"enemies":"Slaver and Parasite","floor":28,"turns":5},{"damage":0,"enemies":"Book of Stabbing","floor":29,"turns":5},{"damage":0,"enemies":"Snecko","floor":30,"turns":5},{"damage":11,"enemies":"Collector","floor":33,"turns":7},{"damage":4,"enemies":"Orb Walker","floor":35,"turns":4},{"damage":0,"enemies":"3 Darklings","floor":37,"turns":3},{"damage":11,"enemies":"Maw","floor":38,"turns":6},{"damage":4,"enemies":"Nemesis","floor":40,"turns":5},{"damage":0,"enemies":"4 Shapes","floor":46,"turns":3},{"damage":0,"enemies":"Mysterious Sphere","floor":47,"turns":3},{"damage":35,"enemies":"Time Eater","floor":50,"turns":11}],"relics_obtained":[{"floor":9.0,"key":"Juzu Bracelet"},{"floor":11.0,"key":"Orichalcum"},{"floor":12.0,"key":"Singing Bowl"},{"floor":13.0,"key":"Bag of Preparation"},{"floor":29,"key":"Bronze Scales"},{"floor":40,"key":"Pantograph"},{"floor":43,"key":"Torii"},{"floor":47,"key":"Calipers"},{"floor":48,"key":"Matryoshka"}],"event_choices":[{"event_name":"Golden Idol","player_choice":"Take Damage","floor":3.0,"damage_taken":0.0},{"event_name":"The Cleric","player_choice":"Card Removal","floor":4.0,"damage_taken":0.0},{"event_name":"Knowing Skull","player_choice":"CARD GOLD ","floor":21.0,"damage_taken":0.0},{"event_name":"Vampires","player_choice":"Ignored","floor":22.0,"damage_taken":0.0},{"event_name":"Ghosts","player_choice":"Ignored","floor":27,"damage_taken":0},{"event_name":"The Moai Head","player_choice":"Gave Idol","floor":36,"damage_taken":0},{"event_name":"Mysterious Sphere","player_choice":"Fight","floor":47,"damage_taken":0}],"boss_relics":[{"not_picked":["Tiny House","Black Star"],"picked":"Sozu"}],"items_purged_floors":[],"potions_floor_spawned":[1,5,16,19,30,33,35,38,40],"seed_played":"-8775370121299208971","ascension_level":1,"potions_obtained":[{"floor":1.0,"key":"SteroidPotion"},{"floor":5.0,"key":"Weak Potion"},{"floor":16.0,"key":"SteroidPotion"},{"floor":19.0,"key":"FocusPotion"},{"floor":30,"key":"FocusPotion"},{"floor":33,"key":"Strength Potion"}],"is_trial":false}