{"gold_per_floor":[111,111,74,149,149,149,182,182,205,230,230,243,243,117,117,192,192,192],"floor_reached":18,"playtime":443,"items_purged":["Strike_G"],"score":428,"play_id":"ca0b548b-5bae-460b-8cb3-2032ff8db05f","local_time":"20190301001519","is_ascension_mode":true,"campfire_choices":[{"data":"Neutralize","floor":6.0,"key":"SMITH"},{"data":"Noxious Fumes","floor":8.0,"key":"SMITH"},{"floor":13,"key":"REST"},{"data":"Acrobatics","floor":15,"key":"SMITH"}],"neow_cost":"NONE","seed_source_timestamp":58291435751158,"circlet_count":0,"master_deck":["AscendersBane","Defend_G","Defend_G","Defend_G","Defend_G","Defend_G","Strike_G","Strike_G","Strike_G","Strike_G","Survivor","Neutralize+1","Infinite Blades","Noxious Fumes+1","Deflect+1","Dagger Throw","Acrobatics+1","Grand Finale"],"special_seed":0,"relics":["Ring of the Snake","NeowsBlessing","Orichalcum","Centennial Puzzle","Happy Flower","Bottled Lightning","Coffee Dripper"],"potions_floor_usage":[],"damage_taken":[{"damage":0.0,"enemies":"Small Slimes","floor":1.0,"turns":1.0},{"damage":0.0,"enemies":"Lagavulin","floor":7.0,"turns":1.0},{"damage":0.0,"enemies":"3 Sentries","floor":10.0,"turns":1.0},{"damage":0,"enemies":"Cultist","floor":12,"turns":3},{"damage":42,"enemies":"Hexaghost","floor":16,"turns":11},{"damage":28,"enemies":"Chosen","floor":18,"turns":6}],"seed_played":"-4214053992384554786","potions_obtained":[{"floor":1.0,"key":"Dexterity Potion"},{"floor":7.0,"key":"Fire Potion"}],"is_trial":false,"path_per_floor":["M","?","$","?","?","R","E","R","T","E","?","M","R","$","R","B",null,"M"],"character_chosen":"THE_SILENT","items_purchased":["Noxious Fumes","Acrobatics"],"campfire_rested":1,"item_purchase_floors":[3,14],"current_hp_per_floor":[59,41,41,30,30,30,30,30,30,30,30,30,49,49,49,7,51,23],"gold":192,"neow_bonus":"THREE_ENEMY_KILL","is_prod":false,"is_daily":false,"chose_seed":false,"campfire_upgraded":3,"win_rate":0,"timestamp":1551395719,"path_taken":["M","?","$","?","?","R","E","R","T","E","?","M","R","$","R","BOSS","M"],"build_version":"2019-01-23","purchased_purges":1,"victory":false,"max_hp_per_floor":[66,66,66,66,66,66,66,66,66,66,66,66,66,66,66,66,66,66],"card_choices":[{"not_picked":["Expertise","Crippling Poison"],"picked":"Infinite Blades","floor":1.0},{"not_picked":["Infinite Blades","Reflex","Expertise"],"picked":"SKIP","floor":7.0},{"not_picked":["Dodge and Roll","Choke"],"picked":"Deflect","floor":10},{"not_picked":["Reflex","Poisoned Stab"],"picked":"Dagger Throw","floor":12},{"not_picked":["Phantasmal Killer","Corpse Explosion"],"picked":"Grand Finale","floor":16}],"player_experience":919699,"relics_obtained":[{"floor":7.0,"key":"Centennial Puzzle"},{"floor":9.0,"key":"Happy Flower"},{"floor":10,"key":"Bottled Lightning"}],"event_choices":[{"damage_healed":0.0,"max_hp_gain":0.0,"max_hp_loss":0.0,"gold_gain":0.0,"event_name":"Scrap Ooze","player_choice":"Success","floor":2.0,"gold_loss":0.0,"damage_taken":18.0,"relics_obtained":["Orichalcum"]},{"damage_healed":0.0,"max_hp_gain":0.0,"max_hp_loss":0.0,"gold_gain":75.0,"event_name":"World of Goop","player_choice":"Gather Gold","floor":4.0,"gold_loss":0.0,"damage_taken":11.0},{"damage_healed":0.0,"max_hp_gain":0.0,"max_hp_loss":0.0,"gold_gain":0.0,"event_name":"Shining Light","player_choice":"Ignored","floor":5.0,"gold_loss":0.0,"damage_taken":0.0},{"damage_healed":0,"gold_gain":0,"player_choice":"Forge","damage_taken":0,"max_hp_gain":0,"max_hp_loss":0,"event_name":"Accursed Blacksmith","floor":11,"gold_loss":0,"cards_upgraded":["Deflect"]}],"is_beta":false,"boss_relics":[{"not_picked":["Snecko Eye","Runic Dome"],"picked":"Coffee Dripper"}],"items_purged_floors":[14],"is_endless":false,"potions_floor_spawned":[1,7,12],"killed_by":"Chosen","ascension_level":20}