{"path_per_floor":["M","?","M","M","$","R","?","M","T","E","$","?","R","M","R","B",null,"M","M","?","$","M","R","M","R","T","T","$"],"character_chosen":"THE_SILENT","items_purchased":["Footwork","Calculated Gamble","Cloak And Dagger"],"gold_per_floor":[117,192,212,222,66,66,16,15,15,46,7,7,7,25,25,127,127,137,156,81,28,47,47,64,64,91,118,18],"floor_reached":29,"campfire_rested":2,"playtime":2138,"current_hp_per_floor":[62,51,46,46,46,46,46,46,46,5,5,5,25,21,21,14,54,53,40,40,40,1,29,41,49,49,49,49],"items_purged":["Parasite","Strike_G"],"gold":18,"score":335,"play_id":"96f2560a-8cb1-4c11-b731-1d65e1fd5ebf","is_prod":false,"is_daily":false,"is_ascension_mode":true,"campfire_upgraded":3,"path_taken":["M","?","M","M","?","R","?","?","T","E","$","?","R","M","R","BOSS","M","M","?","$","M","R","?","R","T","?","$","E"],"build_version":"2018-02-15-PROD1","purchased_purges":3,"victory":false,"master_deck":["Defend_G","Defend_G","Defend_G","Defend_G","Strike_G","Strike_G","Survivor","Neutralize+1","Escape Plan","Backflip","Footwork+1","Cloak And Dagger+1","Calculated Gamble","Glass Knife","Blur","Night Terror","Calculated Gamble+1","Well Laid Plans","Cloak And Dagger","Prepared+1","Setup+1"],"max_hp_per_floor":[70,70,70,70,67,67,67,67,67,67,67,67,67,67,67,67,67,67,67,67,67,67,67,67,67,67,67,67],"relics":["Ring of the Snake","Unceasing Top","Bronze Scales","Eternal Feather","Ancient Tea Set","Art of War"],"card_choices":[{"not_picked":["Sucker Punch","Setup"],"picked":"Escape Plan"},{"not_picked":["Flying Knee","Flechettes"],"picked":"Backflip"},{"not_picked":["Underhanded Strike","Dagger Spray"],"picked":"Cloak And Dagger"},{"not_picked":["Quick Slash","Skewer"],"picked":"Blur"},{"not_picked":["Wraith Form","Storm of Steel"],"picked":"Night Terror"},{"not_picked":["Crippling Poison","PiercingWail"],"picked":"Calculated Gamble"},{"not_picked":["Infinite Blades","Crippling Poison"],"picked":"Well Laid Plans"},{"not_picked":["Underhanded Strike","Deflect"],"picked":"Prepared"},{"not_picked":["PiercingWail","Cloak And Dagger"],"picked":"Setup"}],"player_experience":360283,"potions_floor_usage":[],"damage_taken":[{"damage":1.0,"enemies":"Jaw Worm","floor":1.0,"turns":3.0},{"damage":5.0,"enemies":"Small Slimes","floor":3.0,"turns":5.0},{"damage":0.0,"enemies":"2 Louse","floor":4.0,"turns":3.0},{"damage":0.0,"enemies":"Exordium Thugs","floor":8.0,"turns":6.0},{"damage":41.0,"enemies":"Gremlin Nob","floor":10.0,"turns":7.0},{"damage":4.0,"enemies":"2 Fungi Beasts","floor":14.0,"turns":3.0},{"damage":7.0,"enemies":"The Guardian","floor":16.0,"turns":21.0},{"damage":1.0,"enemies":"Chosen","floor":18.0,"turns":12.0},{"damage":13.0,"enemies":"Shell Parasite","floor":19.0,"turns":10.0},{"damage":39.0,"enemies":"Chosen and Byrds","floor":22.0,"turns":13.0},{"damage":3.0,"enemies":"Snake Plant","floor":24.0,"turns":8.0},{"damage":53,"enemies":"Gremlin Leader","floor":29,"turns":4}],"event_choices":[{"event_name":"World of Goop","player_choice":"Gather Gold","floor":2.0,"damage_taken":0.0},{"event_name":"The Cleric","player_choice":"Card Removal","floor":7.0,"damage_taken":0.0},{"event_name":"Transmorgrifier","player_choice":"Transform","floor":12.0,"damage_taken":0.0},{"event_name":"Beggar","player_choice":"Gave Gold","floor":20.0,"damage_taken":0.0}],"boss_relics":[],"potions_floor_spawned":[4,14,19,22,24],"seed_played":"3866168943061869796","killed_by":"Gremlin Leader","ascension_level":10,"is_trial":false}