{"gold_per_floor":[117,133,33,33,108,136,0,0,0,12,44,20,20,20,20,97,97,97,52,52,52,52,52,52,52,52,52,52,52,2,2,2,2,2,2,2,2,2,2,2,2,2,2,2,2,2,2,2,2,2],"floor_reached":51,"playtime":2042,"items_purged":["Strike_B"],"score":1309,"play_id":"d2b03862-d57d-4691-ac1c-4c6442b5ea9f","local_time":"20190112065003","is_ascension_mode":true,"campfire_choices":[{"data":"Zap","floor":8.0,"key":"SMITH"},{"data":"Hologram","floor":13.0,"key":"SMITH"},{"data":"Hologram","floor":15.0,"key":"SMITH"},{"data":"Coolheaded","floor":23.0,"key":"SMITH"},{"data":"Turbo","floor":25.0,"key":"SMITH"},{"data":"Coolheaded","floor":32.0,"key":"SMITH"},{"data":"Reprogram","floor":40.0,"key":"SMITH"},{"floor":42.0,"key":"REST"},{"floor":47.0,"key":"REST"},{"data":"Beam Cell","floor":49.0,"key":"SMITH"}],"neow_cost":"NONE","seed_source_timestamp":420206448715213,"circlet_count":0,"master_deck":["AscendersBane","Strike_B","Strike_B","Defend_B","Defend_B","Defend_B","Zap+1","Dualcast","Streamline","Gash","Compile Driver","Steam","Hologram+1","Gash","Hologram+1","All For One","Coolheaded+1","Gash","Shame","Beam Cell+1","Turbo+1","Steam","Coolheaded+1","Go for the Eyes","Gash+1","Reprogram+1","Scrape+1","Defragment","Coolheaded+1","Gash+1","Conserve Battery"],"special_seed":0,"relics":["Cracked Core","NeowsBlessing","Pen Nib","Happy Flower","Pear","Pantograph","Ectoplasm","Ornamental Fan","MutagenicStrength","Turnip","Ice Cream","Tiny House","Bottled Lightning","Emotion Chip","Sundial","Dodecahedron"],"potions_floor_usage":[50],"damage_taken":[{"damage":0.0,"enemies":"Jaw Worm","floor":1.0,"turns":1.0},{"damage":0.0,"enemies":"2 Louse","floor":2.0,"turns":1.0},{"damage":0.0,"enemies":"Lagavulin","floor":6.0,"turns":1.0},{"damage":0.0,"enemies":"Cultist","floor":10.0,"turns":2.0},{"damage":19.0,"enemies":"3 Sentries","floor":11.0,"turns":6.0},{"damage":34.0,"enemies":"Slime Boss","floor":16.0,"turns":8.0},{"damage":5.0,"enemies":"Shell Parasite","floor":18.0,"turns":5.0},{"damage":15.0,"enemies":"2 Thieves","floor":19.0,"turns":3.0},{"damage":19.0,"enemies":"Shelled Parasite and Fungi","floor":21.0,"turns":5.0},{"damage":0.0,"enemies":"Chosen and Byrds","floor":24.0,"turns":3.0},{"damage":3.0,"enemies":"Book of Stabbing","floor":28.0,"turns":4.0},{"damage":2.0,"enemies":"Centurion and Healer","floor":29.0,"turns":3.0},{"damage":21.0,"enemies":"Champ","floor":33.0,"turns":4.0},{"damage":0.0,"enemies":"3 Shapes","floor":35.0,"turns":3.0},{"damage":11.0,"enemies":"3 Darklings","floor":37.0,"turns":4.0},{"damage":6.0,"enemies":"4 Shapes","floor":38.0,"turns":5.0},{"damage":11.0,"enemies":"Spire Growth","floor":39.0,"turns":3.0},{"damage":26.0,"enemies":"Transient","floor":41.0,"turns":5.0},{"damage":23.0,"enemies":"Mind Bloom Boss Battle","floor":44.0,"turns":4.0},{"damage":4.0,"enemies":"4 Shapes","floor":45.0,"turns":3.0},{"damage":19.0,"enemies":"Reptomancer","floor":46.0,"turns":6.0},{"damage":25.0,"enemies":"Nemesis","floor":48.0,"turns":3.0},{"damage":52,"enemies":"Time Eater","floor":50,"turns":6}],"seed_played":"-114277459114377547","potions_obtained":[{"floor":10.0,"key":"Explosive Potion"},{"floor":16.0,"key":"Fire Potion"},{"floor":24.0,"key":"SkillPotion"},{"floor":29.0,"key":"Weak Potion"},{"floor":33.0,"key":"SteroidPotion"},{"floor":35.0,"key":"EssenceOfSteel"},{"floor":37.0,"key":"Energy Potion"}],"is_trial":false,"path_per_floor":["M","M","$","?","?","E","?","R","T","M","E","$","R","$","R","B",null,"M","M","?","M","?","R","M","R","T","?","E","M","$","?","R","B",null,"M","$","M","M","M","R","M","R","T","?","M","E","R","E","R","B",null],"character_chosen":"DEFECT","items_purchased":["Compile Driver","Hologram","Go for the Eyes"],"campfire_rested":2,"item_purchase_floors":[3,12,30],"current_hp_per_floor":[68,68,68,61,50,50,50,50,60,60,41,41,41,41,41,32,72,67,52,52,33,33,33,33,33,33,33,30,28,28,28,28,32,77,77,77,66,60,49,49,23,50,50,52,48,29,56,31,31,4],"gold":2,"neow_bonus":"THREE_ENEMY_KILL","is_prod":false,"is_daily":false,"chose_seed":false,"campfire_upgraded":8,"win_rate":0,"timestamp":1547272203,"path_taken":["M","M","$","?","?","E","?","R","T","?","E","$","R","$","R","BOSS","M","?","?","M","?","R","M","R","T","?","E","?","$","?","R","BOSS","M","?","M","M","M","R","?","R","T","?","M","E","R","E","R","BOSS"],"build_version":"2019-01-10","purchased_purges":1,"victory":true,"max_hp_per_floor":[75,75,75,75,75,75,75,75,85,85,85,85,85,85,85,85,85,85,85,85,85,85,85,85,85,85,85,85,85,85,85,85,85,90,90,90,90,90,90,90,90,90,90,90,90,90,90,90,90,90],"card_choices":[{"not_picked":["Skim","Stack"],"picked":"Streamline","floor":1.0},{"not_picked":["Sweeping Beam","Fusion"],"picked":"Gash","floor":2.0},{"not_picked":["Undo","Ball Lightning"],"picked":"Steam","floor":6.0},{"not_picked":["Skim","Leap"],"picked":"Hologram","floor":10.0},{"not_picked":["Heatsinks","Sweeping Beam"],"picked":"Gash","floor":11.0},{"not_picked":["Reboot","Echo Form"],"picked":"All For One","floor":16.0},{"not_picked":["Beam Cell","Stack"],"picked":"Coolheaded","floor":18.0},{"not_picked":["Recycle","Go for the Eyes"],"picked":"Gash","floor":19.0},{"not_picked":["Consume","Barrage"],"picked":"Beam Cell","floor":21.0},{"not_picked":["Sweeping Beam","Rebound"],"picked":"Turbo","floor":24.0},{"not_picked":["Aggregate","Sweeping Beam"],"picked":"Steam","floor":28.0},{"not_picked":["Amplify","Steam"],"picked":"Coolheaded","floor":29.0},{"not_picked":["Hologram","Rebound"],"picked":"Reprogram","floor":34.0},{"not_picked":["Cold Snap","Blizzard"],"picked":"Scrape+1","floor":35.0},{"not_picked":["Beam Cell","Hologram"],"picked":"Defragment","floor":37.0},{"not_picked":["Streamline","Compile Driver+1"],"picked":"Coolheaded+1","floor":38.0},{"not_picked":["Biased Cognition","Blizzard","Sweeping Beam+1"],"picked":"SKIP","floor":39.0},{"not_picked":["Defragment","Leap"],"picked":"Gash+1","floor":41.0},{"not_picked":["Aggregate","Go for the Eyes+1"],"picked":"Conserve Battery","floor":45.0},{"not_picked":["Go for the Eyes+1","Steam Power","Heatsinks"],"picked":"SKIP","floor":46.0},{"not_picked":["Go for the Eyes+1","Steam Power","Heatsinks"],"picked":"SKIP","floor":46.0},{"not_picked":["Sunder+1","Gash","Go for the Eyes+1"],"picked":"SKIP","floor":48.0}],"player_experience":702237,"relics_obtained":[{"floor":6.0,"key":"Pen Nib"},{"floor":9.0,"key":"Pear"},{"floor":11.0,"key":"Pantograph"},{"floor":26.0,"key":"Turnip"},{"floor":28.0,"key":"Ice Cream"},{"floor":43.0,"key":"Bottled Lightning"},{"floor":44.0,"key":"Emotion Chip"},{"floor":46.0,"key":"Sundial"},{"floor":48.0,"key":"Dodecahedron"}],"event_choices":[{"cards_removed":["Strike_B"],"damage_healed":0.0,"max_hp_gain":0.0,"max_hp_loss":0.0,"gold_gain":0.0,"event_name":"Golden Wing","player_choice":"Card Removal","floor":4.0,"gold_loss":0.0,"damage_taken":7.0},{"damage_healed":0.0,"max_hp_gain":0.0,"max_hp_loss":0.0,"gold_gain":75.0,"event_name":"World of Goop","player_choice":"Gather Gold","floor":5.0,"gold_loss":0.0,"damage_taken":11.0},{"damage_healed":0.0,"max_hp_gain":0.0,"max_hp_loss":0.0,"gold_gain":0.0,"event_name":"WeMeetAgain","player_choice":"Paid Gold","floor":7.0,"gold_loss":136.0,"damage_taken":0.0,"relics_obtained":["Happy Flower"]},{"damage_healed":0.0,"max_hp_gain":0.0,"max_hp_loss":0.0,"gold_gain":0.0,"event_name":"Addict","player_choice":"Stole Relic","floor":20.0,"gold_loss":0.0,"damage_taken":0.0,"relics_obtained":["Ornamental Fan"],"cards_obtained":["Shame"]},{"damage_healed":0.0,"max_hp_gain":0.0,"max_hp_loss":0.0,"gold_gain":0.0,"event_name":"Drug Dealer","player_choice":"Inject Mutagens","floor":22.0,"gold_loss":0.0,"damage_taken":0.0,"relics_obtained":["MutagenicStrength"]},{"damage_healed":0.0,"max_hp_gain":0.0,"max_hp_loss":0.0,"gold_gain":0.0,"event_name":"Beggar","player_choice":"Ignored","floor":27.0,"gold_loss":0.0,"damage_taken":0.0},{"damage_healed":0.0,"max_hp_gain":0.0,"max_hp_loss":0.0,"gold_gain":0.0,"cards_transformed":["Defend_B"],"event_name":"Transmorgrifier","player_choice":"Transformed","floor":31.0,"gold_loss":0.0,"damage_taken":0.0,"cards_obtained":["Gash"]},{"damage_healed":0.0,"max_hp_gain":0.0,"max_hp_loss":0.0,"gold_gain":0.0,"event_name":"MindBloom","player_choice":"Fight","floor":44.0,"gold_loss":0.0,"damage_taken":0.0}],"is_beta":false,"boss_relics":[{"not_picked":["Eternal Feather","Lizard Tail"],"picked":"Ectoplasm"},{"not_picked":["Snecko Eye","Calling Bell"],"picked":"Tiny House"}],"items_purged_floors":[3],"is_endless":false,"potions_floor_spawned":[10,16,24,29,33,35,37,41,45,48],"ascension_level":13}