{"gold_per_floor":[18,35,12,87,100,100,113,113,166,198,198],"floor_reached":11,"playtime":274,"items_purged":[],"score":73,"play_id":"8f673b59-a824-439d-933a-36c29d046150","local_time":"20190414180043","is_ascension_mode":false,"campfire_choices":[{"floor":6.0,"key":"RECALL"},{"data":"Armaments","floor":8.0,"key":"SMITH"}],"neow_cost":"NO_GOLD","seed_source_timestamp":0,"circlet_count":0,"master_deck":["Strike_R","Strike_R","Strike_R","Strike_R","Strike_R","Defend_R","Defend_R","Defend_R","Defend_R","Bash","Thunderclap","Seeing Red","Iron Wave","Armaments+1","Feel No Pain"],"special_seed":0,"relics":["Burning Blood","Torii","Pen Nib"],"potions_floor_usage":[],"damage_taken":[{"damage":2.0,"enemies":"Cultist","floor":1.0,"turns":4.0},{"damage":0.0,"enemies":"Small Slimes","floor":2.0,"turns":3.0},{"damage":7.0,"enemies":"2 Louse","floor":5.0,"turns":3.0},{"damage":24.0,"enemies":"Large Slime","floor":7.0,"turns":7.0},{"damage":47.0,"enemies":"Lagavulin","floor":10.0,"turns":6.0},{"damage":9,"enemies":"Gremlin Gang","floor":11,"turns":1}],"seed_played":"6188126919214861713","potions_obtained":[{"floor":5.0,"key":"Poison Potion"},{"floor":7.0,"key":"PowerPotion"}],"is_trial":false,"path_per_floor":["M","M","$","?","M","R","M","R","T","E","M"],"character_chosen":"IRONCLAD","items_purchased":["Iron Wave"],"campfire_rested":0,"item_purchase_floors":[3],"current_hp_per_floor":[80,80,80,69,68,68,50,50,50,9,0],"gold":198,"neow_bonus":"ONE_RARE_RELIC","is_prod":false,"is_daily":false,"chose_seed":false,"campfire_upgraded":1,"win_rate":0,"timestamp":1555282843,"path_taken":["M","?","$","?","M","R","M","R","T","E","M"],"build_version":"2019-01-23","purchased_purges":0,"victory":false,"max_hp_per_floor":[80,80,80,80,80,80,80,80,80,80,80],"card_choices":[{"not_picked":["Wild Strike","Flex"],"picked":"Thunderclap","floor":1.0},{"not_picked":["Iron Wave","True Grit"],"picked":"Seeing Red","floor":2.0},{"not_picked":["Clash","Iron Wave","Havoc"],"picked":"SKIP","floor":5.0},{"not_picked":["Flex","True Grit"],"picked":"Armaments","floor":7.0},{"not_picked":["Sword Boomerang","Fiend Fire"],"picked":"Feel No Pain","floor":10.0}],"player_experience":774837,"relics_obtained":[{"floor":10.0,"key":"Pen Nib"}],"event_choices":[{"damage_healed":0.0,"max_hp_gain":0.0,"max_hp_loss":0.0,"gold_gain":75.0,"event_name":"World of Goop","player_choice":"Gather Gold","floor":4.0,"gold_loss":0.0,"damage_taken":11.0}],"is_beta":false,"boss_relics":[],"items_purged_floors":[],"is_endless":false,"potions_floor_spawned":[5,7],"killed_by":"Gremlin Gang","ascension_level":0}