{"path_per_floor":["M","?","?","M","M","R","M","M","T","R","?","$","E","T","R"],"character_chosen":"DEFECT","items_purchased":["Ice Cream"],"gold_per_floor":[116,116,116,132,144,144,162,176,258,258,333,33,65,65,65,65],"floor_reached":16,"campfire_rested":0,"playtime":611,"current_hp_per_floor":[58,44,44,44,41,41,38,36,36,36,25,25,7,21,21,0],"items_purged":[],"gold":65,"score":130,"play_id":"d392de41-9bbd-4e3c-9f98-45b978fb18ad","local_time":"20180506223112","is_prod":false,"is_daily":false,"chose_seed":false,"is_ascension_mode":true,"campfire_upgraded":3,"timestamp":1525638672,"path_taken":["M","?","?","M","M","R","M","?","T","R","?","$","E","?","R","BOSS"],"build_version":"2018-05-03","seed_source_timestamp":141745761068225,"purchased_purges":0,"victory":false,"master_deck":["Strike_B","Strike_B+1","Strike_B","Defend_B","Defend_B","Defend_B","Defend_B","Zap+1","Dualcast","Seek+1","Coolheaded","Impulse","Capacitor+1","Genetic Algorithm","Coolheaded","Prime+1"],"max_hp_per_floor":[68,68,68,68,68,68,68,68,68,68,68,68,68,82,82,82],"relics":["Cracked Core","Toolbox","Ice Cream","Emotion Chip","Mango"],"card_choices":[{"not_picked":["Amplify","All For One"],"picked":"Seek","floor":0},{"not_picked":["Doom and Gloom","Rebound"],"picked":"Coolheaded","floor":1},{"not_picked":["Stack","Sweeping Beam"],"picked":"Impulse","floor":4},{"not_picked":["Sweeping Beam","Axe Kick"],"picked":"Capacitor","floor":5},{"not_picked":["Sunder","Loop"],"picked":"Genetic Algorithm","floor":7},{"not_picked":["Beam Cell","Streamline"],"picked":"Coolheaded","floor":8},{"not_picked":["Recycle","Seek"],"picked":"Prime","floor":13}],"player_experience":623122,"potions_floor_usage":[8,13],"damage_taken":[{"damage":10,"enemies":"2 Louse","floor":1,"turns":2},{"damage":0,"enemies":"Small Slimes","floor":4,"turns":3},{"damage":3,"enemies":"Jaw Worm","floor":5,"turns":4},{"damage":3,"enemies":"3 Louse","floor":7,"turns":3},{"damage":2,"enemies":"Gremlin Gang","floor":8,"turns":3},{"damage":18,"enemies":"3 Sentries","floor":13,"turns":7},{"damage":23,"enemies":"Hexaghost","floor":16,"turns":9}],"event_choices":[{"event_name":"Shining Light","player_choice":"Entered Light","floor":2,"damage_taken":0},{"event_name":"Living Wall","player_choice":"Forget","floor":3,"damage_taken":0},{"event_name":"World of Goop","player_choice":"Gather Gold","floor":11,"damage_taken":0}],"boss_relics":[],"potions_floor_spawned":[1,7,8],"seed_played":"-9143134478422016205","killed_by":"Hexaghost","ascension_level":6,"is_trial":false}