{"gold_per_floor":[213,223,129,229,247,247,282,282,282,292,292,321,17,17],"floor_reached":14,"playtime":612,"items_purged":["Defend_G"],"score":123,"play_id":"dd5dd056-22c7-4dc5-b9d8-68dd57066694","local_time":"20190730182119","is_ascension_mode":true,"campfire_choices":[{"data":"Flying Knee","floor":6,"key":"SMITH"},{"data":"Neutralize","floor":8,"key":"SMITH"}],"neow_cost":"NONE","seed_source_timestamp":1641308471548176,"circlet_count":0,"master_deck":["Strike_G","Strike_G","Strike_G","Strike_G","Strike_G","Defend_G","Defend_G","Defend_G","Defend_G","Survivor","Neutralize+1","Backflip","Backflip","Poisoned Stab","Flying Knee","Flying Knee+1","Acrobatics","PiercingWail+1","Bane","Sucker Punch"],"relics":["Ring of the Snake","The Courier","Oddly Smooth Stone","Bronze Scales","Ninja Scroll"],"potions_floor_usage":[12],"damage_taken":[{"damage":0,"enemies":"Cultist","floor":1,"turns":4},{"damage":2,"enemies":"Jaw Worm","floor":2,"turns":7},{"damage":0,"enemies":"2 Louse","floor":5,"turns":3},{"damage":27,"enemies":"3 Sentries","floor":7,"turns":9},{"damage":21,"enemies":"Gremlin Gang","floor":10,"turns":6},{"damage":12,"enemies":"Lagavulin","floor":12,"turns":7},{"damage":8,"enemies":"3 Sentries","floor":14,"turns":2}],"seed_played":"-3127635808668720033","potions_obtained":[{"floor":1,"key":"Block Potion"},{"floor":12,"key":"Poison Potion"}],"is_trial":false,"path_per_floor":["M","M","$","?","M","R","E","R","T","M","?","E","$","E"],"character_chosen":"THE_SILENT","items_purchased":["Poisoned Stab","Flying Knee","Sucker Punch","Ninja Scroll"],"campfire_rested":0,"item_purchase_floors":[3,3,13,13],"current_hp_per_floor":[70,68,68,68,68,68,41,41,41,20,20,8,8,0],"gold":17,"neow_bonus":"HUNDRED_GOLD","is_prod":false,"is_daily":false,"chose_seed":false,"campfire_upgraded":2,"win_rate":0,"timestamp":1564525279,"path_taken":["M","M","?","?","?","R","E","R","T","M","?","E","$","E"],"build_version":"2019-07-17","purchased_purges":1,"victory":false,"max_hp_per_floor":[70,70,70,70,70,70,70,70,70,70,70,70,70,70],"card_choices":[{"not_picked":["Crippling Poison","Terror"],"picked":"Backflip","floor":1},{"not_picked":["Deadly Poison","Acrobatics"],"picked":"Backflip","floor":2},{"not_picked":["Leg Sweep","Dagger Throw"],"picked":"Flying Knee","floor":5},{"not_picked":["A Thousand Cuts","Deadly Poison"],"picked":"Acrobatics","floor":7},{"not_picked":["Choke","Masterful Stab"],"picked":"PiercingWail","floor":10},{"not_picked":["Distraction","Backflip"],"picked":"Bane","floor":12}],"player_experience":231981,"relics_obtained":[{"floor":7,"key":"The Courier"},{"floor":9,"key":"Oddly Smooth Stone"},{"floor":12,"key":"Bronze Scales"}],"event_choices":[{"damage_healed":0,"gold_gain":100,"player_choice":"Pray","damage_taken":0,"max_hp_gain":0,"max_hp_loss":0,"event_name":"Golden Shrine","floor":4,"gold_loss":0},{"damage_healed":0,"gold_gain":0,"player_choice":"Forge","damage_taken":0,"max_hp_gain":0,"max_hp_loss":0,"event_name":"Accursed Blacksmith","floor":11,"gold_loss":0,"cards_upgraded":["PiercingWail"]}],"is_beta":false,"boss_relics":[],"items_purged_floors":[13],"is_endless":false,"potions_floor_spawned":[1,12],"killed_by":"3 Sentries","ascension_level":5}