{"gold_per_floor":[119,129,129,153,168,168,182,182,207,224,259,259,284,3,3,77,77,95,95,109,159,159,159,74,102,114,142,167,189,201,239,251,337,349,380,792,156,156,167,167],"floor_reached":40,"playtime":1495,"items_purged":["Strike_R","Bludgeon"],"score":920,"play_id":"b034f38f-e89e-46f0-bede-49c20e068d19","local_time":"20190220225522","is_ascension_mode":true,"campfire_choices":[{"data":"Bash","floor":6.0,"key":"SMITH"},{"data":"Shockwave","floor":8.0,"key":"SMITH"},{"floor":12.0,"key":"REST"},{"data":"Pommel Strike","floor":15.0,"key":"SMITH"},{"data":"Limit Break","floor":23.0,"key":"SMITH"},{"data":"Heavy Blade","floor":32.0,"key":"SMITH"}],"neow_cost":"NONE","seed_source_timestamp":1240732105296067,"circlet_count":0,"master_deck":["AscendersBane","Strike_R","Strike_R","Strike_R","Defend_R","Defend_R","Defend_R","Bash+1","Offering","Heavy Blade+1","Dropkick","Shockwave+1","Iron Wave","Pommel Strike+1","Dropkick","Limit Break+1","Blood for Blood+1","Brutality","Inflame","Headbutt+1","Offering","Metallicize","Heavy Blade+1"],"special_seed":0,"relics":["Burning Blood","Ancient Tea Set","Red Skull","Question Card","Boot","Oddly Smooth Stone","Velvet Choker","MawBank","Singing Bowl","Juzu Bracelet","Runic Cube","Old Coin","DollysMirror","Kunai"],"potions_floor_usage":[],"damage_taken":[{"damage":5.0,"enemies":"2 Louse","floor":1.0,"turns":5.0},{"damage":13.0,"enemies":"Jaw Worm","floor":2.0,"turns":3.0},{"damage":11.0,"enemies":"Small Slimes","floor":5.0,"turns":4.0},{"damage":14.0,"enemies":"Exordium Wildlife","floor":7.0,"turns":4.0},{"damage":9.0,"enemies":"Looter","floor":10.0,"turns":2.0},{"damage":27.0,"enemies":"3 Sentries","floor":11.0,"turns":4.0},{"damage":35.0,"enemies":"Gremlin Nob","floor":13.0,"turns":4.0},{"damage":6.0,"enemies":"Hexaghost","floor":16.0,"turns":6.0},{"damage":25.0,"enemies":"Spheric Guardian","floor":18.0,"turns":6.0},{"damage":0.0,"enemies":"3 Byrds","floor":20.0,"turns":4.0},{"damage":23.0,"enemies":"Sentry and Sphere","floor":25.0,"turns":4.0},{"damage":3.0,"enemies":"Snecko","floor":27.0,"turns":3.0},{"damage":14.0,"enemies":"Snake Plant","floor":28.0,"turns":3.0},{"damage":9.0,"enemies":"Chosen and Byrds","floor":29.0,"turns":3.0},{"damage":25.0,"enemies":"Automaton","floor":33.0,"turns":4.0},{"damage":23,"enemies":"Orb Walker","floor":35,"turns":2},{"damage":19,"enemies":"Mind Bloom Boss Battle","floor":36,"turns":3},{"damage":25,"enemies":"3 Shapes","floor":39,"turns":4},{"damage":19,"enemies":"Spire Growth","floor":40,"turns":3}],"seed_played":"9048571261086152158","potions_obtained":[{"floor":1.0,"key":"SkillPotion"},{"floor":7.0,"key":"Weak Potion"},{"floor":16.0,"key":"Poison Potion"},{"floor":18.0,"key":"Explosive Potion"},{"floor":27.0,"key":"GamblersBrew"},{"floor":29.0,"key":"Energy Potion"}],"is_trial":false,"path_per_floor":["M","M","?","T","M","R","M","R","T","M","E","R","E","$","R","B",null,"M","$","M","?","?","R","?","M","T","M","M","M","?","T","R","B",null,"M","?","$","?","M","M"],"character_chosen":"IRONCLAD","items_purchased":["Oddly Smooth Stone","Dropkick","Metallicize","DollysMirror","Kunai"],"campfire_rested":1,"item_purchase_floors":[14,14,37,37,37],"current_hp_per_floor":[69,62,62,62,57,57,49,49,49,46,25,47,18,18,18,18,61,42,42,48,48,48,48,48,31,31,36,30,27,27,27,27,8,61,46,35,35,35,18,0],"gold":167,"neow_bonus":"ONE_RANDOM_RARE_CARD","is_prod":false,"is_daily":false,"chose_seed":false,"campfire_upgraded":5,"win_rate":0,"timestamp":1550699722,"path_taken":["M","M","?","?","M","R","?","R","T","M","E","R","E","$","R","BOSS","M","$","M","?","?","R","?","M","T","M","M","M","?","?","R","BOSS","M","?","$","?","M","M"],"build_version":"2019-01-23","purchased_purges":2,"victory":false,"max_hp_per_floor":[75,75,75,75,75,75,75,75,75,75,75,75,75,75,75,75,75,75,75,75,75,75,75,75,75,75,77,79,79,79,79,79,79,79,81,83,83,83,85,85],"card_choices":[{"not_picked":["Reckless Charge","Dual Wield","Armaments"],"picked":"SKIP","floor":1.0},{"not_picked":["Body Slam","Perfected Strike"],"picked":"Heavy Blade","floor":2.0},{"not_picked":["Searing Blow","Clothesline"],"picked":"Dropkick","floor":5.0},{"not_picked":["Whirlwind","Pummel"],"picked":"Shockwave","floor":7.0},{"not_picked":["Havoc","Armaments","Perfected Strike"],"picked":"SKIP","floor":10.0},{"not_picked":["Shrug It Off","Flex"],"picked":"Iron Wave","floor":11.0},{"not_picked":["Perfected Strike","Combust","Cleave"],"picked":"Pommel Strike","floor":13.0},{"not_picked":["Brutality","Berserk","Offering"],"picked":"Limit Break","floor":16.0},{"not_picked":["Shrug It Off","Anger","Thunderclap"],"picked":"Blood for Blood+1","floor":18.0},{"not_picked":["Carnage","Warcry","Flex","Sword Boomerang"],"picked":"SKIP","floor":20.0},{"not_picked":["Intimidate","Cleave","Ghostly Armor"],"picked":"Inflame","floor":25.0},{"not_picked":["Bloodletting","Pommel Strike","Perfected Strike","Dropkick"],"picked":"Singing Bowl","floor":27.0},{"not_picked":["Cleave","Wild Strike","Rampage","Perfected Strike+1"],"picked":"Singing Bowl","floor":28.0},{"not_picked":["Fiend Fire","Hemokinesis","Body Slam"],"picked":"Headbutt+1","floor":29.0},{"not_picked":["Dark Embrace","Demon Form","Limit Break"],"picked":"Offering","floor":33.0},{"not_picked":["Armaments+1","Power Through","Anger","Whirlwind"],"picked":"Singing Bowl","floor":35},{"not_picked":["Rage","Sword Boomerang","Pummel+1","Warcry"],"picked":"Singing Bowl","floor":36},{"not_picked":["Sword Boomerang","Wild Strike","Headbutt","Cleave"],"picked":"Singing Bowl","floor":39}],"player_experience":836336,"relics_obtained":[{"floor":4.0,"key":"Ancient Tea Set"},{"floor":9.0,"key":"Red Skull"},{"floor":11.0,"key":"Question Card"},{"floor":13.0,"key":"Boot"},{"floor":26.0,"key":"Singing Bowl"},{"floor":31.0,"key":"Juzu Bracelet"},{"floor":36,"key":"Old Coin"}],"event_choices":[{"damage_healed":0.0,"max_hp_gain":0.0,"max_hp_loss":0.0,"gold_gain":0.0,"event_name":"Golden Idol","player_choice":"Ignored","floor":3.0,"gold_loss":0.0,"damage_taken":0.0},{"damage_healed":0.0,"max_hp_gain":0.0,"max_hp_loss":0.0,"gold_gain":50.0,"event_name":"Nest","player_choice":"Stole From Cult","floor":21.0,"gold_loss":0.0,"damage_taken":0.0},{"damage_healed":0.0,"max_hp_gain":0.0,"max_hp_loss":0.0,"gold_gain":0.0,"cards_transformed":["Strike_R","Defend_R"],"event_name":"Drug Dealer","player_choice":"Became Test Subject","floor":22.0,"gold_loss":0.0,"damage_taken":0.0,"cards_obtained":["Bludgeon","Brutality"]},{"damage_healed":0.0,"max_hp_gain":0.0,"max_hp_loss":0.0,"gold_gain":0.0,"event_name":"Addict","player_choice":"Obtained Relic","floor":24.0,"gold_loss":85.0,"damage_taken":0.0,"relics_obtained":["MawBank"]},{"damage_healed":0.0,"max_hp_gain":0.0,"max_hp_loss":0.0,"gold_gain":0.0,"event_name":"Ghosts","player_choice":"Ignored","floor":30.0,"gold_loss":0.0,"damage_taken":0.0},{"damage_healed":0,"gold_gain":0,"player_choice":"Fight","damage_taken":0,"max_hp_gain":0,"max_hp_loss":0,"event_name":"MindBloom","floor":36,"gold_loss":0},{"damage_healed":0,"gold_gain":0,"player_choice":"Ignored","damage_taken":0,"max_hp_gain":0,"max_hp_loss":0,"event_name":"Mysterious Sphere","floor":38,"gold_loss":0}],"is_beta":false,"boss_relics":[{"not_picked":["Runic Pyramid","Lizard Tail"],"picked":"Velvet Choker"},{"not_picked":["Sozu","Philosopher\u0027s Stone"],"picked":"Runic Cube"}],"items_purged_floors":[14,37],"is_endless":false,"potions_floor_spawned":[1,7,16,18,27,29],"killed_by":"Spire Growth","ascension_level":18}