{"gold_per_floor":[115,133,133,133,152,178,178,205,230,230,262,277,16,16],"floor_reached":14,"playtime":694,"items_purged":["Strike_R"],"score":216,"play_id":"77a2c20b-f6a5-48ab-98a2-b19160754552","local_time":"20190730165836","is_ascension_mode":true,"campfire_choices":[{"floor":7,"key":"REST"},{"floor":10,"key":"REST"}],"neow_cost":"NONE","seed_source_timestamp":58231983301500,"circlet_count":0,"master_deck":["AscendersBane","Strike_R","Strike_R","Strike_R","Strike_R","Defend_R","Defend_R","Defend_R","Defend_R","Bash+1","Pommel Strike+1","Clothesline","Armaments","Shrug It Off","Second Wind","Sword Boomerang","Iron Wave","Apotheosis"],"special_seed":0,"relics":["Burning Blood","Centennial Puzzle","Juzu Bracelet","Dream Catcher","Oddly Smooth Stone","Bronze Scales"],"potions_floor_usage":[6,8,8],"damage_taken":[{"damage":14.0,"enemies":"Jaw Worm","floor":1.0,"turns":4.0},{"damage":4.0,"enemies":"Small Slimes","floor":2.0,"turns":3.0},{"damage":6.0,"enemies":"2 Louse","floor":5.0,"turns":2.0},{"damage":42,"enemies":"3 Sentries","floor":6,"turns":10},{"damage":32,"enemies":"Lagavulin","floor":8,"turns":6},{"damage":24,"enemies":"Gremlin Nob","floor":11,"turns":4},{"damage":20,"enemies":"Large Slime","floor":12,"turns":5},{"damage":20,"enemies":"Exordium Wildlife","floor":14,"turns":1}],"seed_played":"926059608401187803","potions_obtained":[{"floor":1.0,"key":"Regen Potion"},{"floor":2.0,"key":"Energy Potion"},{"floor":6,"key":"Weak Potion"}],"is_trial":false,"path_per_floor":["M","M","?","?","M","E","R","E","T","R","E","M","$","M"],"character_chosen":"IRONCLAD","items_purchased":["Apotheosis"],"campfire_rested":2,"item_purchase_floors":[13],"current_hp_per_floor":[60,62,62,51,51,15,37,26,26,48,30,16,16,0],"gold":16,"neow_bonus":"UPGRADE_CARD","is_prod":false,"is_daily":false,"chose_seed":false,"campfire_upgraded":0,"win_rate":0,"timestamp":1564531116,"path_taken":["M","M","?","?","M","E","R","E","T","R","E","M","$","M"],"build_version":"2019-07-18","purchased_purges":1,"victory":false,"max_hp_per_floor":[75,75,75,75,75,75,75,75,75,75,75,75,75,75],"card_choices":[{"not_picked":["Warcry","Reckless Charge"],"picked":"Pommel Strike","floor":1.0},{"not_picked":["Twin Strike","Thunderclap"],"picked":"Clothesline","floor":2.0},{"not_picked":["Anger","Evolve"],"picked":"Armaments","floor":5.0},{"not_picked":["Pommel Strike","Hemokinesis"],"picked":"Shrug It Off","floor":6},{"not_picked":["Heavy Blade","Exhume"],"picked":"Second Wind","floor":8},{"not_picked":["Anger","Warcry"],"picked":"Sword Boomerang","floor":10},{"not_picked":["Sword Boomerang","Thunderclap","Clash"],"picked":"SKIP","floor":11},{"not_picked":["Reckless Charge","Headbutt"],"picked":"Iron Wave","floor":12}],"player_experience":258766,"relics_obtained":[{"floor":6,"key":"Juzu Bracelet"},{"floor":8,"key":"Dream Catcher"},{"floor":9,"key":"Oddly Smooth Stone"},{"floor":11,"key":"Bronze Scales"}],"event_choices":[{"damage_healed":0.0,"max_hp_gain":0.0,"max_hp_loss":0.0,"gold_gain":0.0,"event_name":"Living Wall","player_choice":"Grow","floor":3.0,"gold_loss":0.0,"damage_taken":0.0,"cards_upgraded":["Pommel Strike"]},{"damage_healed":0.0,"max_hp_gain":0.0,"max_hp_loss":0.0,"gold_gain":0.0,"event_name":"Scrap Ooze","player_choice":"Success","floor":4.0,"gold_loss":0.0,"damage_taken":11.0,"relics_obtained":["Centennial Puzzle"]}],"is_beta":true,"boss_relics":[],"items_purged_floors":[13],"is_endless":false,"potions_floor_spawned":[1,2,6],"killed_by":"Exordium Wildlife","ascension_level":20}