{"gold_per_floor":[112,112,128,70,87,87,97,131,206,206,217,217,217,228,228,300,300,320,320,17,33,33,33,49,49,118,118,180,180,211,148,148,148],"floor_reached":33,"playtime":1234,"items_purged":["Defend_G"],"score":477,"play_id":"ebb6ecfe-b8d1-4ec9-aa84-b4145dad58fe","local_time":"20190214200241","is_ascension_mode":true,"campfire_choices":[{"data":"Neutralize","floor":6.0,"key":"SMITH"},{"data":"Deadly Poison","floor":10.0,"key":"SMITH"},{"data":"Strike_G","floor":13.0,"key":"PURGE"},{"data":"Strike_G","floor":15.0,"key":"PURGE"},{"data":"Noxious Fumes","floor":23.0,"key":"SMITH"},{"data":"After Image","floor":25.0,"key":"SMITH"},{"data":"Footwork","floor":27.0,"key":"SMITH"},{"data":"Bane","floor":32,"key":"SMITH"}],"neow_cost":"NONE","seed_source_timestamp":866912297588905,"circlet_count":0,"master_deck":["AscendersBane","Defend_G","Defend_G","Defend_G","Survivor","Neutralize+1","Skewer","Deadly Poison+1","Dash","Cloak And Dagger","PiercingWail+1","After Image+1","PiercingWail+1","Backstab+1","Leg Sweep+1","Deadly Poison+1","Noxious Fumes+1","Footwork+1","Bane+1"],"special_seed":0,"relics":["Sozu","Peace Pipe","Blue Candle","Toxic Egg 2","Astrolabe","MealTicket","Meat on the Bone","Tiny Chest","MawBank"],"potions_floor_usage":[],"damage_taken":[{"damage":16.0,"enemies":"Small Slimes","floor":1.0,"turns":6.0},{"damage":0.0,"enemies":"Jaw Worm","floor":3.0,"turns":3.0},{"damage":0.0,"enemies":"Cultist","floor":5.0,"turns":3.0},{"damage":4.0,"enemies":"Blue Slaver","floor":7.0,"turns":3.0},{"damage":13.0,"enemies":"Gremlin Nob","floor":8.0,"turns":4.0},{"damage":0.0,"enemies":"Red Slaver","floor":11.0,"turns":4.0},{"damage":9.0,"enemies":"Exordium Thugs","floor":14.0,"turns":5.0},{"damage":2.0,"enemies":"Hexaghost","floor":16.0,"turns":11.0},{"damage":0.0,"enemies":"3 Byrds","floor":18.0,"turns":7.0},{"damage":0.0,"enemies":"Shell Parasite","floor":21.0,"turns":6.0},{"damage":19.0,"enemies":"Chosen and Byrds","floor":24.0,"turns":7.0},{"damage":8,"enemies":"Book of Stabbing","floor":28,"turns":7},{"damage":0,"enemies":"3 Cultists","floor":30,"turns":6},{"damage":45,"enemies":"Champ","floor":33,"turns":11}],"seed_played":"975959816787616895","potions_obtained":[],"is_trial":false,"path_per_floor":["M","?","M","$","M","R","M","E","T","R","M","T","R","M","R","B",null,"M","?","$","M","$","R","M","R","T","R","E","?","M","$","R","B"],"character_chosen":"THE_SILENT","items_purchased":["Poisoned Stab","MealTicket","Noxious Fumes"],"campfire_rested":0,"item_purchase_floors":[4,20,20],"current_hp_per_floor":[43,43,43,43,43,43,39,26,26,26,26,26,26,17,17,15,53,53,49,49,49,64,64,45,45,45,45,37,37,37,37,37,0],"gold":148,"neow_bonus":"BOSS_RELIC","is_prod":false,"is_daily":false,"chose_seed":false,"campfire_upgraded":6,"win_rate":0,"timestamp":1550170961,"path_taken":["M","?","M","$","M","R","M","E","T","R","M","?","R","M","R","BOSS","M","?","$","M","$","R","?","R","T","R","E","?","?","?","R","BOSS"],"build_version":"2019-01-23","purchased_purges":1,"victory":false,"max_hp_per_floor":[66,66,66,66,66,66,66,66,66,66,66,66,66,66,66,66,66,66,66,66,66,66,66,66,66,66,66,66,66,66,66,66,66],"card_choices":[{"not_picked":["Caltrops","Tactician"],"picked":"Skewer","floor":1.0},{"not_picked":["Outmaneuver","Riddle With Holes","Sucker Punch"],"picked":"SKIP","floor":3.0},{"not_picked":["Sucker Punch","Dagger Throw"],"picked":"Deadly Poison","floor":5.0},{"not_picked":["Burst","Deadly Poison"],"picked":"Dash","floor":7.0},{"not_picked":["Terror","Bane"],"picked":"Cloak And Dagger","floor":8.0},{"not_picked":["Outmaneuver","Setup","Concentrate"],"picked":"SKIP","floor":11.0},{"not_picked":["Blade Dance+1","Night Terror+1"],"picked":"PiercingWail+1","floor":14.0},{"not_picked":["Die Die Die","Phantasmal Killer+1"],"picked":"After Image","floor":16.0},{"not_picked":["Flying Knee","Underhanded Strike"],"picked":"Deadly Poison+1","floor":18.0},{"not_picked":["Outmaneuver+1","Flying Knee"],"picked":"Footwork","floor":21.0},{"not_picked":["Die Die Die","Dodge and Roll+1","Flechettes"],"picked":"SKIP","floor":24.0},{"not_picked":["Dagger Throw","Tactician+1","Choke"],"picked":"SKIP","floor":28},{"not_picked":["Outmaneuver+1","Flying Knee"],"picked":"Bane","floor":30}],"player_experience":798043,"relics_obtained":[{"floor":8.0,"key":"Peace Pipe"},{"floor":9.0,"key":"Blue Candle"},{"floor":12.0,"key":"Toxic Egg 2"},{"floor":26.0,"key":"Meat on the Bone"},{"floor":28,"key":"Tiny Chest"}],"event_choices":[{"cards_removed":["Strike_G"],"damage_healed":0.0,"max_hp_gain":0.0,"max_hp_loss":0.0,"gold_gain":0.0,"event_name":"Living Wall","player_choice":"Forget","floor":2.0,"gold_loss":0.0,"damage_taken":0.0},{"damage_healed":0.0,"max_hp_gain":0.0,"max_hp_loss":0.0,"gold_gain":0.0,"event_name":"The Woman in Blue","player_choice":"Bought 0 Potions","floor":19.0,"gold_loss":0.0,"damage_taken":0.0},{"cards_removed":["Poisoned Stab"],"damage_healed":0,"gold_gain":0,"player_choice":"Gave Card","damage_taken":0,"relics_obtained":["MawBank"],"max_hp_gain":0,"max_hp_loss":0,"event_name":"WeMeetAgain","floor":29,"gold_loss":0}],"is_beta":false,"boss_relics":[{"not_picked":["Calling Bell","Black Star"],"picked":"Astrolabe"}],"items_purged_floors":[31],"is_endless":false,"potions_floor_spawned":[1,3,7,16,18,30],"killed_by":"Champ","ascension_level":16}