{"gold_per_floor":[112,112,124,124,74,74,105,117,117,117,131,145,156,69,69,169,169,188,208,307,5,5,5],"floor_reached":23,"playtime":751,"items_purged":[],"score":226,"play_id":"4357d3ad-d149-4503-ad44-6f4111ebb294","local_time":"20190725130958","is_ascension_mode":true,"campfire_choices":[{"data":"Zap","floor":6,"key":"SMITH"},{"data":"Redo","floor":15,"key":"SMITH"}],"neow_cost":"NONE","seed_source_timestamp":81850746023909,"circlet_count":0,"master_deck":["Strike_B","Strike_B","Defend_B","Defend_B","Defend_B","Defend_B","Zap+1","Dualcast+1","Redo+1","Hologram","Loop","Rebound","Coolheaded","Melter","Chill","Loop","Coolheaded","Core Surge","Sweeping Beam","Skim","Machine Learning","Darkness","Blizzard+1","Decay"],"relics":["Cracked Core","Letter Opener","Sundial","Orrery","Mango"],"potions_floor_usage":[7,12,16,23],"damage_taken":[{"damage":1,"enemies":"Jaw Worm","floor":1,"turns":3},{"damage":0,"enemies":"Small Slimes","floor":3,"turns":3},{"damage":43,"enemies":"Gremlin Nob","floor":7,"turns":4},{"damage":0,"enemies":"2 Louse","floor":8,"turns":2},{"damage":0,"enemies":"Exordium Wildlife","floor":11,"turns":2},{"damage":4,"enemies":"3 Louse","floor":12,"turns":3},{"damage":0,"enemies":"Large Slime","floor":13,"turns":4},{"damage":15,"enemies":"Hexaghost","floor":16,"turns":12},{"damage":19,"enemies":"Chosen","floor":18,"turns":6},{"damage":36,"enemies":"2 Thieves","floor":19,"turns":4},{"damage":44,"enemies":"Slavers","floor":23,"turns":4}],"seed_played":"-7919252014237040426","potions_obtained":[{"floor":3,"key":"Swift Potion"},{"floor":11,"key":"Regen Potion"},{"floor":13,"key":"Weak Potion"},{"floor":16,"key":"Strength Potion"}],"is_trial":false,"path_per_floor":["M","?","M","?","?","R","E","M","T","?","M","M","M","$","R","B",null,"M","M","?","$","?","E"],"character_chosen":"DEFECT","items_purchased":["Loop","Coolheaded","Mango"],"campfire_rested":0,"item_purchase_floors":[14,14,21],"current_hp_per_floor":[81,81,81,74,74,74,31,31,31,31,31,36,36,36,36,21,82,63,27,27,41,41,0],"gold":5,"neow_bonus":"TEN_PERCENT_HP_BONUS","is_prod":false,"is_daily":false,"chose_seed":false,"campfire_upgraded":2,"win_rate":0,"timestamp":1564078198,"path_taken":["M","?","M","?","?","R","E","M","T","?","M","M","M","$","R","BOSS","M","M","?","$","?","E"],"build_version":"2019-07-17","purchased_purges":0,"victory":false,"max_hp_per_floor":[82,82,82,82,82,82,82,82,82,82,82,82,82,82,82,82,82,82,82,82,96,96,96],"card_choices":[{"not_picked":["Conserve Battery","Compile Driver"],"picked":"Redo","floor":1},{"not_picked":["Recycle","Doom and Gloom"],"picked":"Hologram","floor":3},{"not_picked":["Amplify","Double Energy"],"picked":"Loop","floor":7},{"not_picked":["Streamline","Leap"],"picked":"Rebound","floor":8},{"not_picked":["Steam Power","Leap"],"picked":"Coolheaded","floor":11},{"not_picked":["Undo","Cold Snap"],"picked":"Melter","floor":12},{"not_picked":["Heatsinks","Double Energy"],"picked":"Chill","floor":13},{"not_picked":["Creative AI","Amplify"],"picked":"Core Surge","floor":16},{"not_picked":["Rebound","Static Discharge"],"picked":"Sweeping Beam","floor":17},{"not_picked":["Go for the Eyes","Auto Shields"],"picked":"Skim","floor":17},{"not_picked":["Coolheaded","Barrage"],"picked":"Machine Learning","floor":17},{"not_picked":["Capacitor","Streamline"],"picked":"Darkness","floor":18},{"not_picked":["Hologram","Storm+1"],"picked":"Blizzard+1","floor":19}],"player_experience":127146,"relics_obtained":[{"floor":7,"key":"Letter Opener"},{"floor":9,"key":"Sundial"}],"event_choices":[{"damage_healed":0,"gold_gain":0,"player_choice":"Ignored","damage_taken":0,"max_hp_gain":0,"max_hp_loss":0,"event_name":"Liars Game","floor":2,"gold_loss":0},{"cards_removed":["Strike_B"],"damage_healed":0,"gold_gain":0,"player_choice":"Card Removal","damage_taken":7,"max_hp_gain":0,"max_hp_loss":0,"event_name":"Golden Wing","floor":4,"gold_loss":0},{"cards_removed":["Strike_B"],"damage_healed":0,"gold_gain":0,"player_choice":"Card Removal","damage_taken":0,"max_hp_gain":0,"max_hp_loss":0,"event_name":"The Cleric","floor":5,"gold_loss":50},{"damage_healed":0,"gold_gain":0,"player_choice":"Grow","damage_taken":0,"max_hp_gain":0,"max_hp_loss":0,"event_name":"Living Wall","floor":10,"gold_loss":0,"cards_upgraded":["Dualcast"]},{"damage_healed":0,"gold_gain":99,"player_choice":"Stole From Cult","damage_taken":0,"max_hp_gain":0,"max_hp_loss":0,"event_name":"Nest","floor":20,"gold_loss":0},{"damage_healed":0,"gold_gain":0,"player_choice":"Smashed Altar","damage_taken":0,"max_hp_gain":0,"max_hp_loss":0,"event_name":"Forgotten Altar","floor":22,"gold_loss":0,"cards_obtained":["Decay"]}],"is_beta":false,"boss_relics":[{"not_picked":["White Beast Statue","Ectoplasm"],"picked":"Orrery"}],"items_purged_floors":[],"is_endless":false,"potions_floor_spawned":[3,11,13,16],"killed_by":"Slavers","ascension_level":1}