{"path_per_floor":["M","M","?","M","M","R","?","R","T","$","M","R","E","?","R","B",null,"M","M","?","M","$","E","R","E","T","R","M","E","$","M","R","B",null,"M","M","?","?","M","E","M","R","T","$","E","M","T","M","R","B"],"character_chosen":"DEFECT","items_purchased":["Toxic Egg 2","Coolheaded","Purity+1","Juzu Bracelet","Strawberry"],"gold_per_floor":[210,228,303,321,341,341,341,341,393,5,18,18,48,48,48,179,179,203,223,223,247,51,92,92,123,123,123,139,170,45,70,70,196,196,212,230,230,563,575,605,622,622,622,171,204,222,222,233,233,233],"floor_reached":51,"campfire_rested":4,"playtime":2985,"item_purchase_floors":[],"current_hp_per_floor":[74,74,63,59,49,49,54,54,54,54,44,44,38,18,42,42,80,76,70,70,39,39,49,49,49,49,49,32,15,15,15,42,35,90,90,82,82,82,71,65,64,90,90,97,85,68,68,70,102,96],"items_purged":["Strike_B","Defend_B","Strike_B","Defend_B"],"gold":233,"score":974,"play_id":"3706a2cd-a21f-46c0-a299-19fbcfe61ee8","local_time":"20180606124725","is_prod":false,"is_daily":false,"chose_seed":false,"is_ascension_mode":true,"campfire_upgraded":5,"win_rate":0,"timestamp":1528282045,"campfire_choices":[{"data":"Zap","floor":6.0,"key":"SMITH"},{"data":"Dualcast","floor":8.0,"key":"SMITH"},{"data":"Capacitor","floor":12.0,"key":"SMITH"},{"floor":15.0,"key":"REST"},{"data":"Streamline","floor":24.0,"key":"SMITH"},{"data":"Machine Learning","floor":27.0,"key":"SMITH"},{"floor":32.0,"key":"REST"},{"floor":42.0,"key":"REST"},{"floor":49.0,"key":"REST"}],"path_taken":["M","?","?","M","?","R","?","R","T","$","?","R","E","?","R","BOSS","M","M","?","?","$","E","R","E","T","R","M","E","$","M","R","BOSS","M","?","?","?","M","E","M","R","T","$","E","M","?","M","R","BOSS"],"build_version":"2018-05-31","seed_source_timestamp":53952225862851,"purchased_purges":4,"victory":true,"master_deck":["Strike_B","Defend_B","Defend_B","Zap+1","Dualcast+1","Compile Driver","Streamline+1","Capacitor+1","Coolheaded+1","Hologram+1","Sweeping Beam","Electrodynamics","Double Energy+1","BootSequence+1","Redo+1","Consume+1","Steam+1","Machine Learning+1","Conserve Battery+1","Purity+1","Skim+1","Turbo+1","Hologram+1","All For One","Defragment+1"],"max_hp_per_floor":[75,75,75,75,75,75,80,80,80,80,80,80,80,80,80,80,80,80,80,80,80,80,90,90,90,90,90,90,90,90,90,90,90,90,90,90,90,90,90,90,90,90,90,97,97,99,99,101,103,103],"relics":["Cracked Core","Bronze Scales","Toxic Egg 2","Bag of Preparation","Orrery","Pear","Boot","Matryoshka","Mercury Hourglass","Sozu","Shuriken","Dream Catcher","Anchor","Juzu Bracelet","Strawberry","Singing Bowl","Lantern","Calipers"],"card_choices":[{"not_picked":["Go for the Eyes","Leap"],"picked":"Compile Driver","floor":1.0},{"not_picked":["Streamline","Force Field","Gash"],"picked":"SKIP","floor":2.0},{"not_picked":["Turbo","Rebound"],"picked":"Streamline","floor":4.0},{"not_picked":["Compile Driver","Scrape"],"picked":"Capacitor","floor":5.0},{"not_picked":["Genetic Algorithm+1","Stack+1"],"picked":"Hologram+1","floor":11.0},{"not_picked":["Loop","Rebound"],"picked":"Sweeping Beam","floor":13.0},{"not_picked":["Amplify+1","Rainbow+1"],"picked":"Electrodynamics","floor":16.0},{"not_picked":["Compile Driver","Conserve Battery+1"],"picked":"Double Energy+1","floor":17.0},{"not_picked":["Hologram+1","Darkness+1"],"picked":"BootSequence+1","floor":17.0},{"not_picked":["Conserve Battery+1","Sweeping Beam"],"picked":"Redo+1","floor":17.0},{"not_picked":["Steam Power+1","Capacitor"],"picked":"Consume+1","floor":17.0},{"not_picked":["Consume+1","Leap+1"],"picked":"Steam+1","floor":18.0},{"not_picked":["Cold Snap","White Noise+1"],"picked":"Machine Learning","floor":19.0},{"not_picked":["Turbo+1","Go for the Eyes"],"picked":"Conserve Battery+1","floor":21.0},{"not_picked":["Sweeping Beam","Cold Snap","Self Repair"],"picked":"SKIP","floor":23.0},{"not_picked":["Heatsinks","Fission+1"],"picked":"Skim+1","floor":25.0},{"not_picked":["Compile Driver","Streamline"],"picked":"Turbo+1","floor":28.0},{"not_picked":["FTL","Reprogram+1","Hello World"],"picked":"SKIP","floor":29.0},{"not_picked":["Auto Shields+1","Cold Snap"],"picked":"Hologram+1","floor":31.0},{"not_picked":["Ball Lightning+1","Turbo+1","Stack+1"],"picked":"SKIP","floor":35.0},{"not_picked":["Steam Power+1","Force Field+1"],"picked":"All For One","floor":36.0},{"not_picked":["Steam+1","Tempest+1","Consume+1"],"picked":"SKIP","floor":39.0},{"not_picked":["Steam+1","Tempest+1","Consume+1"],"picked":"SKIP","floor":39.0},{"not_picked":["Chaos+1","Compile Driver","Auto Shields+1"],"picked":"SKIP","floor":40.0},{"not_picked":["Steam Power+1","Double Energy+1","Rebound"],"picked":"SKIP","floor":41.0},{"not_picked":["Go for the Eyes","Hologram+1"],"picked":"Defragment+1","floor":45.0},{"not_picked":["Force Field+1","Barrage","FTL+1"],"picked":"Singing Bowl","floor":46.0},{"not_picked":["Steam+1","Go for the Eyes","Streamline"],"picked":"Singing Bowl","floor":48.0},{"not_picked":["Chaos+1","Static Discharge+1","Aggregate+1"],"picked":"Singing Bowl","floor":49.0}],"player_experience":545779,"potions_floor_usage":[],"damage_taken":[{"damage":1.0,"enemies":"Cultist","floor":1.0,"turns":4.0},{"damage":0.0,"enemies":"Small Slimes","floor":2.0,"turns":3.0},{"damage":4.0,"enemies":"Jaw Worm","floor":4.0,"turns":4.0},{"damage":10.0,"enemies":"2 Fungi Beasts","floor":5.0,"turns":3.0},{"damage":10.0,"enemies":"Lots of Slimes","floor":11.0,"turns":3.0},{"damage":6.0,"enemies":"Gremlin Nob","floor":13.0,"turns":3.0},{"damage":0.0,"enemies":"Slime Boss","floor":16.0,"turns":7.0},{"damage":4.0,"enemies":"2 Thieves","floor":18.0,"turns":2.0},{"damage":6.0,"enemies":"Shell Parasite","floor":19.0,"turns":4.0},{"damage":31.0,"enemies":"Snecko","floor":21.0,"turns":5.0},{"damage":0.0,"enemies":"Book of Stabbing","floor":23.0,"turns":6.0},{"damage":0.0,"enemies":"Gremlin Leader","floor":25.0,"turns":5.0},{"damage":17.0,"enemies":"Snake Plant","floor":28.0,"turns":4.0},{"damage":17.0,"enemies":"Slavers","floor":29.0,"turns":2.0},{"damage":0.0,"enemies":"Centurion and Healer","floor":31.0,"turns":4.0},{"damage":7.0,"enemies":"Automaton","floor":33.0,"turns":7.0},{"damage":0.0,"enemies":"3 Shapes","floor":35.0,"turns":3.0},{"damage":8.0,"enemies":"3 Darklings","floor":36.0,"turns":4.0},{"damage":11.0,"enemies":"4 Shapes","floor":39.0,"turns":2.0},{"damage":6.0,"enemies":"Giant Head","floor":40.0,"turns":8.0},{"damage":1.0,"enemies":"Sphere and 2 Shapes","floor":41.0,"turns":3.0},{"damage":12.0,"enemies":"2 Orb Walkers","floor":45.0,"turns":3.0},{"damage":19.0,"enemies":"Maw","floor":46.0,"turns":5.0},{"damage":0.0,"enemies":"4 Shapes","floor":48.0,"turns":2.0},{"damage":6,"enemies":"Donu and Deca","floor":50,"turns":6}],"relics_obtained":[{"floor":9.0,"key":"Bronze Scales"},{"floor":13.0,"key":"Bag of Preparation"},{"floor":23.0,"key":"Pear"},{"floor":25.0,"key":"Boot"},{"floor":26.0,"key":"Matryoshka"},{"floor":29.0,"key":"Mercury Hourglass"},{"floor":40.0,"key":"Shuriken"},{"floor":43.0,"key":"Dream Catcher"},{"floor":43.0,"key":"Anchor"},{"floor":45.0,"key":"Singing Bowl"},{"floor":47.0,"key":"Lantern"},{"floor":47.0,"key":"Calipers"}],"event_choices":[{"event_name":"World of Goop","player_choice":"Gather Gold","floor":3.0,"damage_taken":0.0},{"event_name":"Big Fish","player_choice":"Donut","floor":7.0,"damage_taken":0.0},{"event_name":"Golden Idol","player_choice":"Take Damage","floor":14.0,"damage_taken":0.0},{"event_name":"Vampires","player_choice":"Ignored","floor":20.0,"damage_taken":0.0},{"event_name":"The Moai Head","player_choice":"Gave Idol","floor":38.0,"damage_taken":0.0}],"boss_relics":[],"items_purged_floors":[],"potions_floor_spawned":[5,11,13,16,23,28,29,33,35,41,45,48],"seed_played":"738616152247919486","ascension_level":2,"potions_obtained":[{"floor":5.0,"key":"Dexterity Potion"},{"floor":11.0,"key":"Energy Potion"},{"floor":13.0,"key":"Explosive Potion"},{"floor":16.0,"key":"LiquidBronze"},{"floor":23.0,"key":"Explosive Potion"},{"floor":28.0,"key":"Weak Potion"},{"floor":29.0,"key":"AttackPotion"},{"floor":33.0,"key":"SkillPotion"}],"is_trial":false}