{"path_per_floor":["M","?","?","M","M","R","E","?","T","M","R","?","R","E","R","B",null,"M","$","?","?","M","E","R","M","T","M","R","M","R","M","R","B",null,"M","M","M","?","M","R","$","M","T","M","R","?","E","?","R","B"],"character_chosen":"IRONCLAD","items_purchased":["Bottled Lightning","Bottled Flame","Darkstone Periapt"],"gold_per_floor":[116,116,191,203,218,218,250,250,250,265,265,265,265,309,309,434,434,458,123,48,48,63,101,101,121,121,142,142,155,155,178,178,301,301,324,349,369,702,716,716,108,125,148,161,161,161,187,187,187,187],"floor_reached":51,"campfire_rested":0,"playtime":5712,"current_hp_per_floor":[80,80,69,65,71,71,56,49,49,50,50,50,50,50,50,11,80,68,68,68,68,66,60,60,48,48,63,63,72,72,78,78,43,80,70,57,42,42,66,66,66,47,47,33,33,59,68,100,100,47],"items_purged":["Heavy Blade","Regret"],"gold":187,"play_id":"6b38a70e-6f9f-4f05-9057-833b9e4b7099","is_prod":false,"is_daily":false,"is_ascension_mode":false,"campfire_upgraded":6,"path_taken":["M","?","?","M","M","R","E","?","T","M","R","?","R","E","R","BOSS","M","$","?","?","M","E","R","M","T","M","R","M","R","M","R","BOSS","M","M","M","?","M","R","$","M","T","M","R","?","E","?","R","BOSS"],"build_version":"2018-02-01-PROD3","purchased_purges":2,"victory":true,"master_deck":["Strike_R","Strike_R","Strike_R","Strike_R","Defend_R","Defend_R","Defend_R","Bash+1","Battle Trance+1","Offering+1","Rage+1","Spot Weakness+1","Clothesline","Injury","Warcry+1","Reaper+1","Heavy Blade+1","Shrug It Off+1","Shrug It Off+1","Heavy Blade+1","Headbutt","Combust+1","Brutality+1","Battle Trance+1","Bloodletting+1","Seeing Red+1","Warcry+1","Cleave+1","Infernal Blade+1","Writhe","Dropkick+1"],"max_hp_per_floor":[80,80,80,80,80,80,80,80,80,80,80,80,80,80,80,80,80,80,80,80,80,80,80,80,80,80,80,80,80,80,80,80,80,80,80,80,80,80,80,80,80,80,80,80,80,86,100,100,100,100],"relics":["Burning Blood","Juzu Bracelet","Toxic Egg 2","Du-Vu Doll","Toolbox","Sozu","Bottled Lightning","Bag of Preparation","Shovel","Lantern","Omamori","Prayer Wheel","Calling Bell","Pen Nib","Pantograph","Mercury Hourglass","Bottled Flame","Darkstone Periapt","Anchor","Oddly Smooth Stone","Mango","Regal Pillow"],"card_choices":[{"not_picked":["Iron Wave","Second Wind"],"picked":"Battle Trance"},{"not_picked":["Intimidate","Anger"],"picked":"Rage"},{"not_picked":["Twin Strike","Pommel Strike"],"picked":"Spot Weakness"},{"not_picked":["Power Through","Barricade"],"picked":"Clothesline"},{"not_picked":["Feel No Pain","Clothesline"],"picked":"Heavy Blade"},{"not_picked":["Perfected Strike","Clothesline"],"picked":"Warcry"},{"not_picked":["Feed","Juggernaut"],"picked":"Reaper"},{"not_picked":["Perfected Strike","Corruption"],"picked":"Heavy Blade"},{"not_picked":["Armaments","Metallicize"],"picked":"Shrug It Off"},{"not_picked":["Blood for Blood","Fire Breathing"],"picked":"Shrug It Off"},{"not_picked":["Body Slam","Dark Embrace"],"picked":"Heavy Blade"},{"not_picked":["Rage","Anger"],"picked":"Headbutt"},{"not_picked":["Intimidate","Flame Barrier"],"picked":"Combust"},{"not_picked":["Limit Break","Reaper"],"picked":"Brutality"},{"not_picked":["Dual Wield","Rage"],"picked":"Battle Trance"},{"not_picked":["Offering","Iron Wave"],"picked":"Bloodletting"},{"not_picked":["Thunderclap","Rage"],"picked":"Seeing Red"},{"not_picked":["True Grit","Bloodletting"],"picked":"Warcry"},{"not_picked":["Shrug It Off","Dropkick"],"picked":"Cleave"},{"not_picked":["Rampage","Anger"],"picked":"Infernal Blade"},{"not_picked":["Warcry","Combust"],"picked":"Dropkick"}],"player_experience":47417,"potions_floor_usage":[14,16],"damage_taken":[{"damage":5,"enemies":"2 Louse","floor":1,"turns":3},{"damage":10,"enemies":"Blue Slaver","floor":4,"turns":4},{"damage":0,"enemies":"Small Slimes","floor":5,"turns":3},{"damage":21,"enemies":"3 Sentries","floor":7,"turns":8},{"damage":5,"enemies":"Looter","floor":10,"turns":3},{"damage":6,"enemies":"Gremlin Nob","floor":14,"turns":3},{"damage":45,"enemies":"The Guardian","floor":16,"turns":12},{"damage":24,"enemies":"Spheric Guardian","floor":18,"turns":4},{"damage":12,"enemies":"3 Byrds","floor":22,"turns":5},{"damage":12,"enemies":"Book of Stabbing","floor":23,"turns":5},{"damage":18,"enemies":"Slaver and Parasite","floor":25,"turns":6},{"damage":12,"enemies":"3 Cultists","floor":27,"turns":4},{"damage":6,"enemies":"Chosen and Byrds","floor":29,"turns":4},{"damage":0,"enemies":"Snake Plant","floor":31,"turns":2},{"damage":61,"enemies":"Collector","floor":33,"turns":8},{"damage":16,"enemies":"3 Darklings","floor":35,"turns":4},{"damage":19,"enemies":"Orb Walker","floor":36,"turns":2},{"damage":37,"enemies":"Maw","floor":37,"turns":5},{"damage":27,"enemies":"3 Darklings","floor":39,"turns":5},{"damage":43,"enemies":"4 Shapes","floor":42,"turns":4},{"damage":32,"enemies":"Maw","floor":44,"turns":6},{"damage":27,"enemies":"Giant Head","floor":47,"turns":5},{"damage":78,"enemies":"Donu and Deca","floor":50,"turns":7}],"event_choices":[{"event_name":"Living Wall","player_choice":"Change","floor":2,"damage_taken":0},{"event_name":"World of Goop","player_choice":"Gather Gold","floor":3,"damage_taken":0},{"event_name":"Scrap Ooze","player_choice":"success","floor":8,"damage_taken":7},{"event_name":"Golden Idol","player_choice":"Take Wound","floor":12,"damage_taken":0},{"event_name":"Beggar","player_choice":"Gave Gold","floor":20,"damage_taken":0},{"event_name":"Vampires","player_choice":"Ignored","floor":21,"damage_taken":0},{"event_name":"The Moai Head","player_choice":"Gave Idol","floor":38,"damage_taken":0},{"event_name":"Winding Halls","player_choice":"Writhe","floor":46,"damage_taken":0},{"event_name":"Wheel of Change","player_choice":"Full Heal","floor":48,"damage_taken":0}],"boss_relics":[{"not_picked":["Tiny House","Eternal Feather"],"picked":"Sozu"},{"not_picked":["Question Card","Black Blood"],"picked":"Calling Bell"}],"potions_floor_spawned":[1,7,16,18,22,31,36,37,44,47],"seed_played":"-4284989662223092686","ascension_level":0,"is_trial":false}