{"gold_per_floor":[113,38,38,56,67,67,80,80,135,135,162,180,194,228,228,228],"floor_reached":16,"playtime":426,"items_purged":["Strike_B"],"score":153,"play_id":"47a5d9db-502d-4de0-b9c6-ff5985e78b97","local_time":"20180717214327","is_ascension_mode":true,"campfire_choices":[{"data":"Dualcast","floor":6,"key":"SMITH"},{"floor":8,"key":"REST"},{"floor":15,"key":"REST"}],"neow_cost":"NONE","seed_source_timestamp":441838221864304,"circlet_count":0,"master_deck":["Strike_B","Strike_B","Strike_B","Defend_B+1","Defend_B+1","Defend_B+1","Zap+1","Dualcast+1","AscendersBane","Beam Cell","Go for the Eyes","Genetic Algorithm","Gash","Defragment"],"relics":["Cracked Core","War Paint","Tiny Chest","Blood Vial","Bag of Preparation"],"potions_floor_usage":[14,14,16],"damage_taken":[{"damage":12,"enemies":"Jaw Worm","floor":1,"turns":2},{"damage":4,"enemies":"Small Slimes","floor":4,"turns":4},{"damage":6,"enemies":"Cultist","floor":5,"turns":3},{"damage":8,"enemies":"Large Slime","floor":7,"turns":5},{"damage":1,"enemies":"Blue Slaver","floor":12,"turns":3},{"damage":10,"enemies":"Red Slaver","floor":13,"turns":3},{"damage":21,"enemies":"Gremlin Nob","floor":14,"turns":4},{"damage":48,"enemies":"The Guardian","floor":16,"turns":12}],"seed_played":"7833401286524459920","potions_obtained":[{"floor":4,"key":"SneckoOil"},{"floor":13,"key":"Explosive Potion"},{"floor":14,"key":"SteroidPotion"}],"is_trial":false,"path_per_floor":["M","$","?","M","M","R","M","R","T","?","T","M","M","E","R"],"character_chosen":"DEFECT","items_purchased":[],"campfire_rested":2,"item_purchase_floors":[],"current_hp_per_floor":[56,56,41,37,31,31,23,45,45,45,45,46,38,19,41,0],"gold":228,"neow_bonus":"RANDOM_COMMON_RELIC","is_prod":false,"is_daily":false,"chose_seed":false,"campfire_upgraded":1,"win_rate":0,"timestamp":1531856607,"path_taken":["M","$","?","M","?","R","M","R","T","?","?","M","M","E","R","BOSS"],"build_version":"2018-07-12","purchased_purges":1,"victory":false,"max_hp_per_floor":[75,75,75,75,75,75,75,75,75,75,75,75,75,75,75,75],"card_choices":[{"not_picked":["Ball Lightning","Sunder"],"picked":"Beam Cell","floor":1},{"not_picked":["Rebound","Cold Snap"],"picked":"Go for the Eyes","floor":4},{"not_picked":["Reprogram","Doom and Gloom","Darkness"],"picked":"SKIP","floor":5},{"not_picked":["Redo","Doom and Gloom","Rebound"],"picked":"SKIP","floor":7},{"not_picked":["Conserve Battery","Steam Power"],"picked":"Genetic Algorithm","floor":12},{"not_picked":["Hologram","Consume"],"picked":"Gash","floor":13},{"not_picked":["Chaos","Reboot"],"picked":"Defragment","floor":14}],"player_experience":583457,"relics_obtained":[{"floor":9,"key":"Tiny Chest"},{"floor":11,"key":"Blood Vial"},{"floor":14,"key":"Bag of Preparation"}],"event_choices":[{"event_name":"Shining Light","player_choice":"Entered Light","floor":3,"damage_taken":0},{"event_name":"Living Wall","player_choice":"Forget","floor":10,"damage_taken":0}],"boss_relics":[],"items_purged_floors":[2],"is_endless":false,"potions_floor_spawned":[4,13,14],"killed_by":"The Guardian","ascension_level":10}