{"gold_per_floor":[15,15,31,31,47,81,81,100,125,125,125,125,151,151],"floor_reached":14,"playtime":432,"items_purged":[],"score":147,"play_id":"c4a53e00-8f45-444b-87ec-c83c009550d6","local_time":"20180808180537","is_ascension_mode":true,"campfire_choices":[{"floor":7.0,"key":"REST"},{"data":"Coolheaded","floor":10.0,"key":"SMITH"}],"neow_cost":"NO_GOLD","seed_source_timestamp":455954063102177,"circlet_count":0,"master_deck":["Strike_B","Strike_B","Strike_B","Defend_B","Defend_B","Defend_B","Zap","Dualcast","AscendersBane","Hologram","Meteor Strike","Turbo+1","Turbo","Self Repair","Coolheaded+1","Recycle"],"special_seed":0,"relics":["Cracked Core","Boot","Orichalcum","Regal Pillow","Juzu Bracelet"],"potions_floor_usage":[],"damage_taken":[{"damage":4.0,"enemies":"2 Louse","floor":1.0,"turns":3.0},{"damage":0.0,"enemies":"Cultist","floor":3.0,"turns":2.0},{"damage":5.0,"enemies":"Jaw Worm","floor":5.0,"turns":4.0},{"damage":53.0,"enemies":"Lagavulin","floor":6.0,"turns":8.0},{"damage":12.0,"enemies":"Looter","floor":8.0,"turns":3.0},{"damage":6.0,"enemies":"3 Sentries","floor":13.0,"turns":5.0},{"damage":32,"floor":14,"turns":4}],"seed_played":"5451610463603380329","potions_obtained":[{"floor":5.0,"key":"Explosive Potion"},{"floor":6.0,"key":"SpeedPotion"},{"floor":8.0,"key":"Energy Potion"}],"is_trial":false,"path_per_floor":["M","?","M","?","M","E","R","M","T","R","?","?","E"],"character_chosen":"DEFECT","items_purchased":[],"campfire_rested":1,"item_purchase_floors":[],"current_hp_per_floor":[64,64,64,64,59,13,35,30,30,30,30,30,31,0],"gold":151,"neow_bonus":"TRANSFORM_TWO_CARDS","is_prod":false,"is_daily":false,"chose_seed":false,"campfire_upgraded":1,"win_rate":0,"timestamp":1533744337,"path_taken":["M","?","M","?","M","E","R","?","T","R","?","?","E","?"],"build_version":"2018-08-02","purchased_purges":0,"victory":false,"max_hp_per_floor":[75,75,75,75,75,75,75,75,75,75,75,75,75,75],"card_choices":[{"not_picked":["Scrape","Undo"],"picked":"Turbo","floor":1.0},{"not_picked":["Gash","Beam Cell"],"picked":"Turbo","floor":3.0},{"not_picked":["Turbo","Consume"],"picked":"Self Repair","floor":5.0},{"not_picked":["Streamline","Echo Form","Auto Shields"],"picked":"SKIP","floor":6.0},{"not_picked":["Steam","Conserve Battery"],"picked":"Coolheaded","floor":8.0},{"not_picked":["Rebound","Self Repair"],"picked":"Recycle","floor":13.0}],"player_experience":601406,"relics_obtained":[{"floor":6.0,"key":"Boot"},{"floor":9.0,"key":"Orichalcum"},{"floor":13.0,"key":"Juzu Bracelet"}],"event_choices":[{"event_name":"Accursed Blacksmith","player_choice":"Forge","floor":2.0,"damage_taken":0.0},{"event_name":"The Cleric","player_choice":"Leave","floor":4.0,"damage_taken":0.0},{"event_name":"Dead Adventurer","player_choice":"Searched \u00272\u0027 times","floor":11.0,"damage_taken":0.0},{"event_name":"Scrap Ooze","player_choice":"unsuccessful","floor":12.0,"damage_taken":0.0},{"event_name":"Mushrooms","player_choice":"Fought Mushrooms","floor":14,"damage_taken":0}],"is_beta":false,"boss_relics":[],"items_purged_floors":[],"is_endless":false,"potions_floor_spawned":[5,6,8],"ascension_level":10}