{"gold_per_floor":[115,115,190,190,209,236,236,255,301,332,385,398,398,423,423,524,524,543,561,415,415,432,432,452,452,452,463,463,473,501,501,501,606,606,618,618,339,359,359,359],"floor_reached":40,"playtime":2035,"items_purged":["Strike_G","Skewer"],"score":477,"play_id":"9d5ce7ce-0953-4977-9ffc-68d8f48bc67f","local_time":"20190110160909","is_ascension_mode":true,"campfire_choices":[{"data":"Cloak And Dagger","floor":7.0,"key":"SMITH"},{"data":"Footwork","floor":13.0,"key":"SMITH"},{"data":"Cloak And Dagger","floor":15.0,"key":"SMITH"},{"data":"Noxious Fumes","floor":23.0,"key":"SMITH"},{"data":"Acrobatics","floor":25.0,"key":"SMITH"},{"data":"Prepared","floor":28.0,"key":"SMITH"},{"floor":32,"key":"RECALL"}],"neow_cost":"NONE","seed_source_timestamp":305595380195044,"circlet_count":0,"master_deck":["Survivor","Neutralize+1","Cloak And Dagger+1","After Image","Infinite Blades","Cloak And Dagger+1","Deflect","Terror","Footwork+1","Acrobatics+1","Adrenaline","Noxious Fumes+1","Prepared+1","Tools of the Trade","Concentrate","Tools of the Trade","Expertise","Eviscerate","All Out Attack","Infinite Blades","Masterful Stab","Backflip+1","Flash of Steel"],"special_seed":0,"relics":["Ring of the Snake","Oddly Smooth Stone","War Paint","Gremlin Horn","Anchor","Paper Crane","Sozu","The Courier","Red Mask","Orichalcum","Pandora\u0027s Box","Sundial"],"potions_floor_usage":[],"damage_taken":[{"damage":0.0,"enemies":"2 Louse","floor":1.0,"turns":4.0},{"damage":0.0,"enemies":"Small Slimes","floor":5.0,"turns":3.0},{"damage":2.0,"enemies":"3 Sentries","floor":6.0,"turns":11.0},{"damage":0.0,"enemies":"Jaw Worm","floor":8.0,"turns":3.0},{"damage":28.0,"enemies":"Gremlin Nob","floor":10.0,"turns":5.0},{"damage":0.0,"enemies":"Gremlin Gang","floor":12.0,"turns":6.0},{"damage":3.0,"enemies":"3 Sentries","floor":14.0,"turns":9.0},{"damage":0.0,"enemies":"Hexaghost","floor":16.0,"turns":13.0},{"damage":1.0,"enemies":"Shell Parasite","floor":18.0,"turns":6.0},{"damage":0.0,"enemies":"Chosen","floor":19.0,"turns":5.0},{"damage":0.0,"enemies":"Snecko","floor":22.0,"turns":6.0},{"damage":2.0,"enemies":"3 Cultists","floor":24.0,"turns":6.0},{"damage":3.0,"enemies":"Snake Plant","floor":27.0,"turns":7.0},{"damage":0.0,"enemies":"Snecko","floor":29.0,"turns":6.0},{"damage":0,"enemies":"Masked Bandits","floor":30,"turns":6},{"damage":19,"enemies":"Collector","floor":33,"turns":12},{"damage":0,"enemies":"Orb Walker","floor":35,"turns":4},{"damage":18,"enemies":"3 Shapes","floor":38,"turns":6},{"damage":29,"enemies":"Nemesis","floor":40,"turns":3}],"seed_played":"-2444918323150235944","potions_obtained":[{"floor":6.0,"key":"Energy Potion"},{"floor":8.0,"key":"PowerPotion"},{"floor":10.0,"key":"PowerPotion"},{"floor":12.0,"key":"SpeedPotion"}],"is_trial":false,"path_per_floor":["M","?","?","?","M","E","R","M","T","E","T","M","R","E","R","B",null,"M","M","$","?","M","R","M","R","T","M","R","M","?","?","R","B",null,"M","?","$","M","?","E"],"character_chosen":"THE_SILENT","items_purchased":["Noxious Fumes","Sundial"],"campfire_rested":0,"item_purchase_floors":[20,37],"current_hp_per_floor":[70,58,47,47,47,45,45,45,45,17,17,17,17,14,14,14,70,69,69,69,69,69,69,67,67,67,64,64,64,64,64,64,45,70,70,70,70,52,52,23],"gold":359,"neow_bonus":"UPGRADE_CARD","is_prod":false,"is_daily":false,"chose_seed":false,"campfire_upgraded":6,"win_rate":0,"timestamp":1547132949,"path_taken":["M","?","?","?","?","E","R","M","T","E","?","M","R","E","R","BOSS","M","M","$","?","M","R","?","R","T","M","R","M","?","?","R","BOSS","M","?","$","M","?","E"],"build_version":"2019-01-03v4","purchased_purges":2,"victory":false,"max_hp_per_floor":[70,70,70,70,70,70,70,70,70,70,70,70,70,70,70,70,70,70,70,70,70,70,70,70,70,70,70,70,70,70,70,70,70,70,70,70,70,70,70,70],"card_choices":[{"not_picked":["Underhanded Strike","Acrobatics"],"picked":"Cloak And Dagger","floor":1.0},{"not_picked":["Distraction","Prepared"],"picked":"Cloak And Dagger","floor":5.0},{"not_picked":["Dagger Throw","Predator"],"picked":"Deflect","floor":6.0},{"not_picked":["Concentrate","Predator"],"picked":"Terror","floor":8.0},{"not_picked":["Dagger Spray","Cloak And Dagger"],"picked":"Footwork","floor":10.0},{"not_picked":["Dagger Spray","All Out Attack","Tactician"],"picked":"SKIP","floor":12.0},{"not_picked":["Deflect","Phantasmal Killer"],"picked":"Acrobatics","floor":14.0},{"not_picked":["Night Terror","Corpse Explosion"],"picked":"Adrenaline","floor":16.0},{"not_picked":["Deadly Poison","Distraction","Cloak And Dagger"],"picked":"SKIP","floor":18.0},{"not_picked":["Eviscerate","Deadly Poison+1","PiercingWail"],"picked":"SKIP","floor":19.0},{"not_picked":["Skewer+1","Sucker Punch","Riddle With Holes"],"picked":"SKIP","floor":22.0},{"not_picked":["Deadly Poison","Sucker Punch","PiercingWail"],"picked":"SKIP","floor":24.0},{"not_picked":["Deflect","Glass Knife"],"picked":"Prepared","floor":27.0},{"not_picked":["Eviscerate","Dagger Throw","Cloak And Dagger"],"picked":"SKIP","floor":29.0},{"not_picked":["Doppelganger","Wraith Form v2"],"picked":"Tools of the Trade","floor":33},{"not_picked":["Blade Dance","Underhanded Strike+1"],"picked":"Backflip+1","floor":35},{"not_picked":["Swift Strike","Bandage Up"],"picked":"Flash of Steel","floor":36},{"not_picked":["Dagger Spray+1","Backflip+1","Underhanded Strike"],"picked":"SKIP","floor":38}],"player_experience":677177,"relics_obtained":[{"floor":6.0,"key":"War Paint"},{"floor":10.0,"key":"Gremlin Horn"},{"floor":11.0,"key":"Anchor"},{"floor":14.0,"key":"Paper Crane"},{"floor":26.0,"key":"The Courier"},{"floor":30,"key":"Red Mask"}],"event_choices":[{"damage_healed":0.0,"max_hp_gain":0.0,"max_hp_loss":0.0,"gold_gain":0.0,"event_name":"Scrap Ooze","player_choice":"Success","floor":2.0,"gold_loss":0.0,"damage_taken":12.0,"relics_obtained":["Oddly Smooth Stone"]},{"damage_healed":0.0,"max_hp_gain":0.0,"max_hp_loss":0.0,"gold_gain":75.0,"event_name":"World of Goop","player_choice":"Gather Gold","floor":3.0,"gold_loss":0.0,"damage_taken":11.0},{"damage_healed":0.0,"max_hp_gain":0.0,"max_hp_loss":0.0,"gold_gain":0.0,"event_name":"Match and Keep!","player_choice":"2 cards matched","floor":4.0,"gold_loss":0.0,"damage_taken":0.0,"cards_obtained":["After Image","Infinite Blades"]},{"damage_healed":0.0,"max_hp_gain":0.0,"max_hp_loss":0.0,"gold_gain":0.0,"event_name":"The Woman in Blue","player_choice":"Bought 0 Potions","floor":21.0,"gold_loss":0.0,"damage_taken":0.0},{"damage_healed":0,"gold_gain":0,"player_choice":"Fought Bandits","damage_taken":0,"max_hp_gain":0,"max_hp_loss":0,"event_name":"Masked Bandits","floor":30,"gold_loss":0},{"damage_healed":0,"gold_gain":0,"player_choice":"Opened","damage_taken":0,"relics_obtained":["Orichalcum"],"max_hp_gain":0,"max_hp_loss":0,"event_name":"The Mausoleum","floor":31,"gold_loss":0},{"damage_healed":0,"gold_gain":0,"player_choice":"Memory 1","damage_taken":0,"max_hp_gain":0,"max_hp_loss":0,"event_name":"SensoryStone","floor":36,"gold_loss":0},{"cards_removed":["Storm of Steel"],"damage_healed":0,"gold_gain":0,"player_choice":"Purged","damage_taken":0,"max_hp_gain":0,"max_hp_loss":0,"event_name":"Purifier","floor":39,"gold_loss":0}],"is_beta":false,"boss_relics":[{"not_picked":["Ectoplasm","Lizard Tail"],"picked":"Sozu"},{"not_picked":["HoveringKite","Busted Crown"],"picked":"Pandora\u0027s Box"}],"items_purged_floors":[20,37],"is_endless":false,"potions_floor_spawned":[6,8,10,12,24,27,30,35],"killed_by":"Nemesis","ascension_level":1}