{"gold_per_floor":[114,131,131,146,31,66,82,101,183,196,196,196,12,25,25,120,120,138,138,13,13,32,32,60,60,60,60,60,80,80,92,92,190,190,201,201,249,260,271,271,121,121,146,158,158],"floor_reached":45,"playtime":1969,"items_purged":["Strike_R","Strike_R","Pommel Strike+1"],"score":485,"play_id":"d549d27b-3017-471d-92eb-ce5d6706515f","local_time":"20190409202140","is_ascension_mode":false,"campfire_choices":[{"data":"Body Slam","floor":12,"key":"SMITH"},{"data":"Body Slam","floor":15,"key":"SMITH"},{"floor":23,"key":"RECALL"},{"data":"Armaments","floor":25,"key":"SMITH"},{"data":"Rage","floor":28,"key":"SMITH"},{"data":"Dual Wield","floor":32,"key":"SMITH"},{"floor":40,"key":"REST"}],"neow_cost":"NONE","seed_source_timestamp":389582790626252,"circlet_count":0,"master_deck":["Defend_R","Defend_R","Defend_R","Defend_R","Bash","Armaments+1","Body Slam+1","Blind","Rage","Warcry","Rage+1","Shrug It Off","Headbutt","Trip","Body Slam+1","Bludgeon","Brutality+1","Battle Trance+1","Body Slam+1","Dual Wield+1","Double Tap","Evolve","Demon Form","Entrench+1","Ghostly Armor","Warcry","Thunderclap+1","Barricade","Limit Break","Seeing Red+1"],"relics":["Burning Blood","NeowsBlessing","Charon\u0027s Ashes","Ginger","Astrolabe","Bronze Scales","Vajra","MutagenicStrength","Orrery","Dream Catcher","Orichalcum"],"potions_floor_usage":[6,14,16,16,24,33,33,33],"damage_taken":[{"damage":0,"enemies":"Cultist","floor":1,"turns":1},{"damage":0,"enemies":"Small Slimes","floor":2,"turns":1},{"damage":0,"enemies":"2 Louse","floor":4,"turns":2},{"damage":0,"enemies":"Lagavulin","floor":6,"turns":8},{"damage":9,"enemies":"Exordium Thugs","floor":7,"turns":6},{"damage":6,"enemies":"Red Slaver","floor":8,"turns":4},{"damage":8,"enemies":"2 Fungi Beasts","floor":10,"turns":5},{"damage":0,"enemies":"3 Louse","floor":14,"turns":1},{"damage":42,"enemies":"The Guardian","floor":16,"turns":13},{"damage":26,"enemies":"3 Byrds","floor":18,"turns":6},{"damage":6,"enemies":"Shell Parasite","floor":22,"turns":4},{"damage":27,"enemies":"Book of Stabbing","floor":24,"turns":7},{"damage":10,"enemies":"Shelled Parasite and Fungi","floor":29,"turns":4},{"damage":10,"enemies":"Snecko","floor":31,"turns":4},{"damage":30,"enemies":"Automaton","floor":33,"turns":7},{"damage":17,"enemies":"Orb Walker","floor":35,"turns":3},{"damage":18,"enemies":"3 Shapes","floor":38,"turns":5},{"damage":23,"enemies":"Jaw Worm Horde","floor":39,"turns":4},{"damage":39,"enemies":"4 Shapes","floor":44,"turns":5},{"damage":59,"enemies":"Maw","floor":45,"turns":8}],"seed_played":"7774077687198602512","potions_obtained":[{"floor":1,"key":"PowerPotion"},{"floor":4,"key":"BloodPotion"},{"floor":7,"key":"SteroidPotion"},{"floor":8,"key":"Swift Potion"},{"floor":10,"key":"Explosive Potion"},{"floor":14,"key":"AttackPotion"},{"floor":24,"key":"Block Potion"},{"floor":29,"key":"Block Potion"},{"floor":31,"key":"SkillPotion"},{"floor":39,"key":"SteroidPotion"},{"floor":44,"key":"Explosive Potion"}],"is_trial":false,"path_per_floor":["M","M","?","M","$","E","M","M","T","M","?","R","$","M","R","B",null,"M","?","$","?","M","R","E","R","T","$","R","M","?","M","R","B",null,"M","?","T","M","M","R","$","?","T","M","M"],"character_chosen":"IRONCLAD","items_purchased":["Rage","Trip","Barricade"],"campfire_rested":1,"item_purchase_floors":[5,13,41],"current_hp_per_floor":[80,80,80,80,80,80,80,83,83,84,66,66,66,75,75,39,92,75,75,75,75,75,75,63,63,63,63,63,63,63,59,59,38,102,91,91,91,79,62,92,92,92,92,59,0],"gold":158,"neow_bonus":"THREE_ENEMY_KILL","is_prod":false,"is_daily":false,"chose_seed":false,"campfire_upgraded":5,"win_rate":0,"timestamp":1554859300,"path_taken":["M","M","?","M","?","E","M","M","T","?","?","R","$","M","R","BOSS","M","?","$","?","?","R","E","R","T","?","R","M","?","M","R","BOSS","M","?","?","M","?","R","$","?","T","M","M"],"build_version":"2019-01-23","purchased_purges":3,"victory":false,"max_hp_per_floor":[80,80,80,80,80,80,83,86,86,89,89,89,89,92,92,92,92,95,95,95,95,95,95,95,95,95,95,95,99,99,99,99,102,102,102,102,102,102,102,102,102,102,102,102,102],"card_choices":[{"not_picked":["Corruption","Blood for Blood"],"picked":"Armaments","floor":1},{"not_picked":["Shrug It Off","Wild Strike"],"picked":"Body Slam","floor":2},{"not_picked":["Iron Wave","Sword Boomerang"],"picked":"Feed","floor":4},{"not_picked":["Searing Blow","Fire Breathing"],"picked":"Warcry","floor":6},{"not_picked":["Armaments","Shockwave"],"picked":"Rage","floor":7},{"not_picked":["Searing Blow","Wild Strike"],"picked":"Shrug It Off","floor":8},{"not_picked":["Warcry","Dark Embrace"],"picked":"Headbutt","floor":10},{"not_picked":["Thunderclap","Anger"],"picked":"Body Slam","floor":14},{"not_picked":["Feed","Exhume"],"picked":"Bludgeon","floor":16},{"not_picked":["Headbutt","Battle Trance","Power Through"],"picked":"SKIP","floor":18},{"not_picked":["Headbutt","Havoc","Hemokinesis"],"picked":"SKIP","floor":22},{"not_picked":["Shrug It Off","Blood for Blood"],"picked":"Dual Wield","floor":24},{"not_picked":["Carnage+1","Wild Strike"],"picked":"Double Tap","floor":29},{"not_picked":["Sentinel+1","Armaments+1"],"picked":"Evolve","floor":31},{"not_picked":["Brutality","Double Tap"],"picked":"Demon Form","floor":33},{"not_picked":["Clothesline","Body Slam"],"picked":"Entrench+1","floor":34},{"not_picked":["Wild Strike+1","Combust"],"picked":"Ghostly Armor","floor":34},{"not_picked":["Wild Strike+1","Anger","Pummel"],"picked":"SKIP","floor":35},{"not_picked":["Metallicize","Sword Boomerang+1","Battle Trance"],"picked":"SKIP","floor":38},{"not_picked":["True Grit","Uppercut"],"picked":"Warcry","floor":39},{"not_picked":["Armaments","Bloodletting"],"picked":"Thunderclap+1","floor":40},{"not_picked":["Perfected Strike","Clash+1"],"picked":"Seeing Red+1","floor":44}],"player_experience":750060,"relics_obtained":[{"floor":6,"key":"Charon\u0027s Ashes"},{"floor":24,"key":"Bronze Scales"},{"floor":26,"key":"Vajra"},{"floor":37,"key":"Dream Catcher"},{"floor":43,"key":"Orichalcum"}],"event_choices":[{"damage_healed":0,"gold_gain":0,"player_choice":"1 cards matched","damage_taken":0,"max_hp_gain":0,"max_hp_loss":0,"event_name":"Match and Keep!","floor":3,"gold_loss":0,"cards_obtained":["Blind"]},{"damage_healed":0,"gold_gain":0,"player_choice":"Success","damage_taken":18,"relics_obtained":["Ginger"],"max_hp_gain":0,"max_hp_loss":0,"event_name":"Scrap Ooze","floor":11,"gold_loss":0},{"damage_healed":0,"gold_gain":0,"player_choice":"Ignored","damage_taken":0,"max_hp_gain":0,"max_hp_loss":0,"event_name":"Vampires","floor":19,"gold_loss":0},{"damage_healed":0,"gold_gain":0,"player_choice":"Copied","damage_taken":0,"max_hp_gain":0,"max_hp_loss":0,"event_name":"Duplicator","floor":21,"gold_loss":0,"cards_obtained":["Body Slam"]},{"damage_healed":0,"gold_gain":0,"player_choice":"Inject Mutagens","damage_taken":0,"relics_obtained":["MutagenicStrength"],"max_hp_gain":0,"max_hp_loss":0,"event_name":"Drug Dealer","floor":30,"gold_loss":0},{"cards_removed":["Feed"],"damage_healed":0,"gold_gain":0,"player_choice":"Removed Attack","damage_taken":0,"max_hp_gain":0,"max_hp_loss":0,"event_name":"Falling","floor":36,"gold_loss":0},{"damage_healed":0,"gold_gain":0,"player_choice":"1 cards matched","damage_taken":0,"max_hp_gain":0,"max_hp_loss":0,"event_name":"Match and Keep!","floor":42,"gold_loss":0,"cards_obtained":["Limit Break"]}],"is_beta":false,"boss_relics":[{"not_picked":["Philosopher\u0027s Stone","Tiny House"],"picked":"Astrolabe"},{"not_picked":["Coffee Dripper","Runic Dome"],"picked":"Orrery"}],"items_purged_floors":[5,13,20],"is_endless":false,"potions_floor_spawned":[1,4,7,8,10,14,24,29,31,39,44],"killed_by":"Maw","ascension_level":0}