{"path_per_floor":["M","$","?","?","?","R","E","R","T","E","$","M","?","M","R","B",null,"M","?","$","?","T","E","?","M","T","?","R","E","R","$","R","B",null,"M","?","B"],"character_chosen":"DEFECT","items_purchased":["Defragment","Coolheaded","Capacitor","Bag of Preparation"],"gold_per_floor":[115,36,36,36,36,36,68,68,68,97,25,45,45,58,58,154,154,166,166,79,79,106,140,140,160,185,185,185,247,247,44,44,140,140,155,155,155],"floor_reached":38,"campfire_rested":1,"playtime":1617,"item_purchase_floors":[],"current_hp_per_floor":[67,67,67,60,65,65,33,33,33,40,40,52,44,44,44,24,66,66,66,66,66,66,51,77,77,77,77,77,45,45,45,69,60,75,75,75,41],"items_purged":["Strike_B","Defend_B","Strike_B"],"gold":155,"score":837,"play_id":"d5d213e2-5184-430c-946c-0e68620116fe","local_time":"20180610004352","is_prod":false,"is_daily":false,"chose_seed":false,"is_ascension_mode":true,"campfire_upgraded":5,"win_rate":0,"timestamp":1528584232,"campfire_choices":[{"data":"Zap","floor":6.0,"key":"SMITH"},{"data":"Defragment","floor":8.0,"key":"SMITH"},{"data":"Coolheaded","floor":15.0,"key":"SMITH"},{"data":"Defragment","floor":28.0,"key":"SMITH"},{"data":"Capacitor","floor":30.0,"key":"SMITH"},{"floor":32.0,"key":"REST"}],"path_taken":["M","$","?","?","?","R","E","R","T","E","$","M","?","?","R","BOSS","M","?","$","?","?","E","?","?","T","?","R","E","R","$","R","BOSS","M","?","BOSS"],"build_version":"2018-06-07v3","seed_source_timestamp":150202484412234,"purchased_purges":3,"victory":true,"master_deck":["Strike_B","Defend_B","Defend_B","Zap+1","Dualcast+1","Conserve Battery","Defragment+1","Chill","Defragment+1","Coolheaded+1","Electrodynamics","Fission+1","FTL+1","Capacitor+1","Coolheaded+1","Defragment","Reboot"],"max_hp_per_floor":[75,75,75,75,80,80,80,80,80,80,80,80,80,80,80,80,80,80,80,80,80,80,80,80,80,80,80,80,80,80,80,80,80,80,80,80,80],"relics":["Cracked Core","Meat on the Bone","Centennial Puzzle","Smiling Mask","Nuclear Battery","Dream Catcher","Orichalcum","War Paint","Tiny Chest","Bag of Preparation","Black Star"],"card_choices":[{"not_picked":["Consume","Go for the Eyes"],"picked":"Conserve Battery","floor":1.0},{"not_picked":["Barrage","Chaos"],"picked":"Chill","floor":7.0},{"not_picked":["Turbo","Self Repair"],"picked":"Defragment","floor":10.0},{"not_picked":["Force Field","Static Discharge","Stack"],"picked":"SKIP","floor":12.0},{"not_picked":["Compile Driver","Barrage"],"picked":"Electrodynamics","floor":14.0},{"not_picked":["Core Surge","All For One"],"picked":"Fission","floor":16.0},{"not_picked":["Chill","Turbo"],"picked":"FTL+1","floor":18.0},{"not_picked":["FTL","Tempest","Redo"],"picked":"SKIP","floor":23.0},{"not_picked":["Leap+1","Ball Lightning+1","Cold Snap+1"],"picked":"SKIP","floor":25.0},{"not_picked":["Leap+1","Ball Lightning+1","Cold Snap+1"],"picked":"SKIP","floor":25.0},{"not_picked":["Steam","Meteor Strike"],"picked":"Coolheaded+1","floor":29.0},{"not_picked":["Double Energy","Chill+1"],"picked":"Defragment","floor":32.0},{"not_picked":["Electrodynamics","Amplify"],"picked":"Reboot","floor":33.0},{"not_picked":["Stack","Ball Lightning+1","Beam Cell"],"picked":"SKIP","floor":35.0}],"player_experience":570543,"potions_floor_usage":[37,37,37,37],"damage_taken":[{"damage":1.0,"enemies":"2 Louse","floor":1.0,"turns":2.0},{"damage":32.0,"enemies":"3 Sentries","floor":7.0,"turns":10.0},{"damage":5.0,"enemies":"Lagavulin","floor":10.0,"turns":6.0},{"damage":0.0,"enemies":"Cultist","floor":12.0,"turns":3.0},{"damage":0.0,"enemies":"Jaw Worm","floor":14.0,"turns":4.0},{"damage":32.0,"enemies":"Hexaghost","floor":16.0,"turns":11.0},{"damage":0.0,"enemies":"3 Byrds","floor":18.0,"turns":3.0},{"damage":27.0,"enemies":"Slavers","floor":23.0,"turns":3.0},{"damage":0.0,"enemies":"Shell Parasite","floor":25.0,"turns":6.0},{"damage":32.0,"enemies":"Book of Stabbing","floor":29.0,"turns":6.0},{"damage":9.0,"enemies":"Collector","floor":33.0,"turns":7.0},{"damage":0.0,"enemies":"3 Shapes","floor":35.0,"turns":2.0},{"damage":46,"enemies":"Awakened One","floor":37,"turns":18}],"relics_obtained":[{"floor":7.0,"key":"Meat on the Bone"},{"floor":9.0,"key":"Centennial Puzzle"},{"floor":10.0,"key":"Smiling Mask"},{"floor":22.0,"key":"Dream Catcher"},{"floor":23.0,"key":"Orichalcum"},{"floor":26.0,"key":"War Paint"},{"floor":29.0,"key":"Tiny Chest"}],"event_choices":[{"event_name":"The Lab","player_choice":"Got Potions","floor":3.0,"damage_taken":0.0},{"event_name":"Golden Wing","player_choice":"Card Removal","floor":4.0,"damage_taken":0.0},{"event_name":"Big Fish","player_choice":"Donut","floor":5.0,"damage_taken":0.0},{"event_name":"Wheel of Change","player_choice":"Damage","floor":13.0,"damage_taken":0.0},{"event_name":"Back to Basics","player_choice":"Elegance","floor":19.0,"damage_taken":0.0},{"event_name":"Vampires","player_choice":"Ignored","floor":21.0,"damage_taken":0.0},{"event_name":"The Library","player_choice":"Heal","floor":24.0,"damage_taken":0.0},{"event_name":"Drug Dealer","player_choice":"Ignored","floor":27.0,"damage_taken":0.0},{"event_name":"SecretPortal","player_choice":"Took Portal.","floor":36.0,"damage_taken":0.0}],"boss_relics":[{"not_picked":["Lizard Tail","Runic Dome"],"picked":"Nuclear Battery"},{"not_picked":["Cursed Key","Pandora\u0027s Box"],"picked":"Black Star"}],"items_purged_floors":[],"potions_floor_spawned":[1,7,16,25,33,35],"seed_played":"-9149368500334653452","ascension_level":8,"potions_obtained":[{"floor":1.0,"key":"AttackPotion"},{"floor":3.0,"key":"FearPotion"},{"floor":3.0,"key":"Dexterity Potion"},{"floor":7.0,"key":"PowerPotion"},{"floor":16.0,"key":"SpeedPotion"},{"floor":25.0,"key":"EntropicBrew"},{"floor":33.0,"key":"AttackPotion"},{"floor":35.0,"key":"EssenceOfSteel"}],"is_trial":false}