{"gold_per_floor":[118,118,193,70,86,86,97,97,97,124,142,142],"floor_reached":12,"playtime":386,"items_purged":["Strike_R"],"score":78,"play_id":"228aec94-bbc2-4a9b-9d32-0f9952b40993","local_time":"20181206203819","is_ascension_mode":false,"campfire_choices":[{"data":"Body Slam","floor":6,"key":"SMITH"},{"floor":8,"key":"RECALL"}],"neow_cost":"NONE","seed_source_timestamp":1079838733566805,"circlet_count":0,"master_deck":["Strike_R","Strike_R","Strike_R","Strike_R","Defend_R","Defend_R","Defend_R+1","Defend_R+1","Bash","Body Slam+1","Armaments","Thunderclap"],"relics":["Burning Blood","Boot","Oddly Smooth Stone"],"potions_floor_usage":[12],"damage_taken":[{"damage":8,"enemies":"Small Slimes","floor":1,"turns":3},{"damage":3,"enemies":"Jaw Worm","floor":5,"turns":4},{"damage":0,"enemies":"2 Louse","floor":7,"turns":2},{"damage":42,"enemies":"Lagavulin","floor":10,"turns":7},{"damage":0,"enemies":"Large Slime","floor":11,"turns":6},{"damage":30,"enemies":"Gremlin Nob","floor":12,"turns":3}],"seed_played":"4736954733309710821","potions_obtained":[{"floor":1,"key":"SteroidPotion"}],"is_trial":false,"path_per_floor":["M","?","?","$","M","R","M","R","T","E","M","E"],"character_chosen":"IRONCLAD","items_purchased":["Body Slam"],"campfire_rested":0,"item_purchase_floors":[4],"current_hp_per_floor":[78,62,51,51,54,54,60,60,60,24,30,0],"gold":142,"neow_bonus":"RANDOM_COMMON_RELIC","is_prod":false,"is_daily":false,"chose_seed":false,"campfire_upgraded":1,"win_rate":0,"timestamp":1544150299,"path_taken":["M","?","?","$","M","R","M","R","T","E","M","E"],"build_version":"2018-12-06","purchased_purges":1,"victory":false,"max_hp_per_floor":[80,80,80,80,80,80,80,80,80,80,80,80],"card_choices":[{"not_picked":["Combust","Anger","Rupture"],"picked":"SKIP","floor":1},{"not_picked":["Metallicize","Warcry"],"picked":"Armaments","floor":5},{"not_picked":["Reckless Charge","Combust","Twin Strike"],"picked":"SKIP","floor":7},{"not_picked":["Headbutt","True Grit","Flex"],"picked":"SKIP","floor":10},{"not_picked":["Disarm","Dark Embrace"],"picked":"Thunderclap","floor":11}],"player_experience":716935,"relics_obtained":[{"floor":10,"key":"Oddly Smooth Stone"}],"event_choices":[{"damage_healed":0,"gold_gain":0,"player_choice":"Entered Light","damage_taken":16,"max_hp_gain":0,"max_hp_loss":0,"event_name":"Shining Light","floor":2,"gold_loss":0,"cards_upgraded":["Defend_R","Defend_R"]},{"damage_healed":0,"gold_gain":75,"player_choice":"Gather Gold","damage_taken":11,"max_hp_gain":0,"max_hp_loss":0,"event_name":"World of Goop","floor":3,"gold_loss":0}],"is_beta":false,"boss_relics":[],"items_purged_floors":[4],"is_endless":false,"potions_floor_spawned":[1],"killed_by":"Gremlin Nob","ascension_level":0}