{"gold_per_floor":[109,109,159,171,171,171,199,199,199,225,236,251,261,281,281,281],"floor_reached":16,"playtime":375,"items_purged":[],"score":253,"play_id":"81e96476-fca2-4310-a11e-d1f36e90e61c","local_time":"20190118111231","is_ascension_mode":true,"campfire_choices":[{"data":"Zap","floor":6.0,"key":"SMITH"},{"data":"Redo","floor":8.0,"key":"SMITH"},{"data":"Defragment","floor":15,"key":"SMITH"}],"neow_cost":"NONE","seed_source_timestamp":776696872543162,"circlet_count":0,"master_deck":["AscendersBane","Strike_B","Strike_B","Strike_B","Defend_B","Defend_B","Defend_B","Defend_B","Zap+1","Dualcast","Gash","Redo+1","Melter","Conserve Battery","Blizzard","Skim","Defragment+1","Ball Lightning","Gash"],"special_seed":0,"relics":["Cracked Core","NeowsBlessing","Pear","Ancient Tea Set","Bottled Lightning","Dodecahedron"],"potions_floor_usage":[16],"damage_taken":[{"damage":0.0,"enemies":"Jaw Worm","floor":1.0,"turns":1.0},{"damage":0.0,"enemies":"Cultist","floor":4.0,"turns":1.0},{"damage":0.0,"enemies":"Gremlin Nob","floor":7.0,"turns":1.0},{"damage":23.0,"enemies":"3 Sentries","floor":10.0,"turns":11.0},{"damage":0.0,"enemies":"Small Slimes","floor":11.0,"turns":2.0},{"damage":7,"enemies":"3 Louse","floor":12,"turns":3},{"damage":0,"enemies":"Large Slime","floor":13,"turns":4},{"damage":11,"enemies":"Blue Slaver","floor":14,"turns":3},{"damage":8,"enemies":"The Guardian","floor":16,"turns":5}],"seed_played":"-8348245674427504692","potions_obtained":[{"floor":4.0,"key":"SkillPotion"},{"floor":11,"key":"Swift Potion"},{"floor":14,"key":"SkillPotion"}],"is_trial":false,"path_per_floor":["M","?","?","M","?","R","E","R","T","E","M","M","M","M","R","B"],"character_chosen":"DEFECT","items_purchased":[],"campfire_rested":0,"item_purchase_floors":[],"current_hp_per_floor":[64,48,48,48,48,48,48,48,48,25,25,18,18,7,7,0],"gold":281,"neow_bonus":"THREE_ENEMY_KILL","is_prod":false,"is_daily":false,"chose_seed":false,"campfire_upgraded":3,"win_rate":0,"timestamp":1547806351,"path_taken":["M","?","?","?","?","R","E","R","T","E","M","M","M","?","R","BOSS"],"build_version":"2019-01-17","purchased_purges":0,"victory":false,"max_hp_per_floor":[71,81,81,81,81,81,81,81,81,81,81,81,81,81,81,81],"card_choices":[{"not_picked":["Streamline","Hologram"],"picked":"Gash","floor":1.0},{"not_picked":["Compile Driver","Leap"],"picked":"Redo","floor":4.0},{"not_picked":["Barrage","Hyperbeam"],"picked":"Conserve Battery","floor":7.0},{"not_picked":["Tempest","Conserve Battery"],"picked":"Blizzard","floor":10.0},{"not_picked":["Undo","Capacitor"],"picked":"Skim","floor":11},{"not_picked":["Ball Lightning","White Noise"],"picked":"Defragment","floor":12},{"not_picked":["Go for the Eyes","Conserve Battery"],"picked":"Ball Lightning","floor":13},{"not_picked":["Sweeping Beam","Compile Driver"],"picked":"Gash","floor":14}],"player_experience":770256,"relics_obtained":[{"floor":7.0,"key":"Ancient Tea Set"},{"floor":9.0,"key":"Bottled Lightning"},{"floor":10.0,"key":"Dodecahedron"}],"event_choices":[{"damage_healed":0.0,"max_hp_gain":0.0,"max_hp_loss":0.0,"gold_gain":0.0,"event_name":"Scrap Ooze","player_choice":"Success","floor":2.0,"gold_loss":0.0,"damage_taken":26.0,"relics_obtained":["Pear"]},{"damage_healed":0.0,"max_hp_gain":0.0,"max_hp_loss":0.0,"gold_gain":50.0,"event_name":"Golden Shrine","player_choice":"Pray","floor":3.0,"gold_loss":0.0,"damage_taken":0.0},{"damage_healed":0.0,"max_hp_gain":0.0,"max_hp_loss":0.0,"gold_gain":0.0,"cards_transformed":["Strike_B"],"event_name":"Transmorgrifier","player_choice":"Transformed","floor":5.0,"gold_loss":0.0,"damage_taken":0.0,"cards_obtained":["Melter"]}],"is_beta":false,"boss_relics":[],"items_purged_floors":[],"is_endless":false,"potions_floor_spawned":[4,11,14],"killed_by":"The Guardian","ascension_level":17}