{"gold_per_floor":[215,229,241,259,276,276,276,276,276,276,310,323,323,339,339,443,443,463,463,476,39,55,86,86,116,161,181,181],"floor_reached":28,"playtime":1399,"items_purged":["Writhe"],"score":275,"play_id":"cdeaf628-1f4b-4ad2-bbd8-92a5c89bbc4a","local_time":"20190723174857","is_ascension_mode":true,"campfire_choices":[{"data":"Zap","floor":7,"key":"SMITH"},{"floor":10,"key":"REST"},{"data":"Hologram","floor":15,"key":"SMITH"},{"data":"Dualcast","floor":24,"key":"SMITH"}],"neow_cost":"NONE","seed_source_timestamp":1055449646386121,"circlet_count":0,"master_deck":["Strike_B","Strike_B+1","Strike_B","Defend_B","Defend_B","Defend_B","Defend_B+1","Zap+1","Dualcast+1","Storm","Coolheaded","Electrodynamics","Hologram+1","Cold Snap","Steam+1","Cold Snap","Multi-Cast+1","Coolheaded+1","Steam Power+1","Redo+1","Redo+1","Hologram+1","Biased Cognition","Defragment"],"relics":["Cracked Core","Toxic Egg 2","Matryoshka","White Beast Statue","DataDisk","Calipers","Symbiotic Virus","StoneCalendar","Bottled Tornado"],"potions_floor_usage":[11,16,22,23,23,25,25,28],"damage_taken":[{"damage":7,"enemies":"2 Louse","floor":1,"turns":3},{"damage":2,"enemies":"Small Slimes","floor":2,"turns":4},{"damage":0,"enemies":"Cultist","floor":3,"turns":4},{"damage":10,"enemies":"Large Slime","floor":4,"turns":5},{"damage":7,"enemies":"Blue Slaver","floor":5,"turns":6},{"damage":5,"enemies":"Lagavulin","floor":11,"turns":6},{"damage":0,"enemies":"3 Louse","floor":12,"turns":2},{"damage":15,"enemies":"Gremlin Gang","floor":14,"turns":3},{"damage":17,"enemies":"Hexaghost","floor":16,"turns":13},{"damage":8,"enemies":"3 Byrds","floor":18,"turns":4},{"damage":8,"enemies":"Spheric Guardian","floor":20,"turns":4},{"damage":7,"enemies":"Snake Plant","floor":22,"turns":5},{"damage":5,"enemies":"Gremlin Leader","floor":23,"turns":8},{"damage":42,"enemies":"Book of Stabbing","floor":25,"turns":8},{"damage":0,"enemies":"Sentry and Sphere","floor":27,"turns":7},{"damage":7,"enemies":"Centurion and Healer","floor":28,"turns":1}],"seed_played":"-5560619121213501752","potions_obtained":[{"floor":1,"key":"SteroidPotion"},{"floor":5,"key":"PowerPotion"},{"floor":11,"key":"Weak Potion"},{"floor":16,"key":"Dexterity Potion"},{"floor":18,"key":"PowerPotion"},{"floor":20,"key":"Fire Potion"},{"floor":22,"key":"GamblersBrew"},{"floor":23,"key":"EssenceOfSteel"},{"floor":25,"key":"SteroidPotion"},{"floor":27,"key":"Energy Potion"}],"is_trial":false,"path_per_floor":["M","M","M","M","M","?","R","?","T","R","E","M","?","M","R","B",null,"M","?","M","$","M","E","R","E","T","M","M"],"character_chosen":"DEFECT","items_purchased":["Redo+1","Calipers"],"campfire_rested":1,"item_purchase_floors":[21,21],"current_hp_per_floor":[68,66,66,56,49,34,34,34,34,56,51,51,51,36,36,19,75,67,67,59,59,52,47,47,5,5,5,0],"gold":181,"neow_bonus":"HUNDRED_GOLD","is_prod":false,"is_daily":false,"chose_seed":false,"campfire_upgraded":3,"win_rate":0,"timestamp":1563922137,"path_taken":["M","M","M","M","M","?","R","?","T","R","E","M","?","M","R","BOSS","M","?","M","$","M","E","R","E","T","M","M"],"build_version":"2019-07-17","purchased_purges":1,"victory":false,"max_hp_per_floor":[75,75,75,75,75,75,75,75,75,75,75,75,75,75,75,75,75,75,75,75,75,75,75,75,75,75,75,75],"card_choices":[{"not_picked":["Lockon","Compile Driver"],"picked":"Storm","floor":1},{"not_picked":["Rebound","Ball Lightning"],"picked":"Coolheaded","floor":2},{"not_picked":["Gash","Capacitor"],"picked":"Electrodynamics","floor":3},{"not_picked":["Aggregate","Heatsinks"],"picked":"Hologram","floor":4},{"not_picked":["Rip and Tear","Hologram","Compile Driver"],"picked":"SKIP","floor":5},{"not_picked":["Consume+1","Ball Lightning"],"picked":"Cold Snap","floor":11},{"not_picked":["Sunder","Hologram+1"],"picked":"Steam+1","floor":12},{"not_picked":["Recycle+1","Rip and Tear"],"picked":"Cold Snap","floor":14},{"not_picked":["Echo Form","Amplify+1"],"picked":"Multi-Cast+1","floor":16},{"not_picked":["Fusion+1","Storm"],"picked":"Coolheaded+1","floor":18},{"not_picked":["Barrage","Leap+1"],"picked":"Steam Power+1","floor":20},{"not_picked":["Undo+1","Chill+1"],"picked":"Redo+1","floor":22},{"not_picked":["Ball Lightning","Cold Snap"],"picked":"Hologram+1","floor":23},{"not_picked":["Compile Driver","Redo+1"],"picked":"Biased Cognition","floor":25},{"not_picked":["Force Field+1","Conserve Battery+1"],"picked":"Defragment","floor":27}],"player_experience":120665,"relics_obtained":[{"floor":9,"key":"Toxic Egg 2"},{"floor":11,"key":"Matryoshka"},{"floor":23,"key":"Symbiotic Virus"},{"floor":25,"key":"StoneCalendar"},{"floor":26,"key":"Bottled Tornado"}],"event_choices":[{"damage_healed":0,"gold_gain":0,"player_choice":"Entered Light","damage_taken":15,"max_hp_gain":0,"max_hp_loss":0,"event_name":"Shining Light","floor":6,"gold_loss":0,"cards_upgraded":["Strike_B","Defend_B"]},{"damage_healed":0,"gold_gain":0,"player_choice":"Searched \u00270\u0027 times","damage_taken":0,"max_hp_gain":0,"max_hp_loss":0,"event_name":"Dead Adventurer","floor":8,"gold_loss":0},{"cards_removed":["Strike_B"],"damage_healed":0,"gold_gain":0,"player_choice":"Forget","damage_taken":0,"max_hp_gain":0,"max_hp_loss":0,"event_name":"Living Wall","floor":13,"gold_loss":0},{"damage_healed":0,"gold_gain":0,"player_choice":"Opened","damage_taken":0,"relics_obtained":["DataDisk"],"max_hp_gain":0,"max_hp_loss":0,"event_name":"The Mausoleum","floor":19,"gold_loss":0,"cards_obtained":["Writhe"]}],"is_beta":false,"boss_relics":[{"not_picked":["Velvet Choker","Eternal Feather"],"picked":"White Beast Statue"}],"items_purged_floors":[21],"is_endless":false,"potions_floor_spawned":[1,5,11,16,18,20,22,23,25,27],"killed_by":"Centurion and Healer","ascension_level":1}