{"gold_per_floor":[113,133,133,144,18,18,43,43,43,8,20,20,48,62,62,136,136,150,150,150,166,186,186,205,205,205,70,70,70],"floor_reached":29,"playtime":842,"items_purged":["Strike_B"],"score":390,"play_id":"09e2dbe6-8c85-4abc-a602-9dd61bcff0a1","local_time":"20190112170620","is_ascension_mode":true,"campfire_choices":[{"data":"Hologram","floor":6.0,"key":"SMITH"},{"data":"Zap","floor":8.0,"key":"SMITH"},{"data":"Coolheaded","floor":12.0,"key":"SMITH"},{"data":"Go for the Eyes","floor":15.0,"key":"SMITH"},{"floor":23.0,"key":"REST"},{"data":"Purity","floor":28,"key":"SMITH"}],"neow_cost":"NONE","seed_source_timestamp":458517689487270,"circlet_count":0,"master_deck":["AscendersBane","Strike_B","Strike_B","Strike_B","Defend_B","Defend_B","Defend_B","Defend_B","Zap+1","Dualcast","Dramatic Entrance","Streamline","Hologram+1","Gash","Steam","Coolheaded+1","Go for the Eyes+1","Machine Learning","Seek","Defragment+1","Compile Driver","Conserve Battery","Self Repair","Gash","Purity+1"],"special_seed":0,"relics":["Cracked Core","Shuriken","DataDisk","Vajra","Odd Mushroom","Sozu","Question Card"],"potions_floor_usage":[29],"damage_taken":[{"damage":0.0,"enemies":"Cultist","floor":1.0,"turns":3.0},{"damage":7.0,"enemies":"2 Louse","floor":2.0,"turns":3.0},{"damage":0.0,"enemies":"Small Slimes","floor":4.0,"turns":2.0},{"damage":20.0,"enemies":"Lagavulin","floor":7.0,"turns":5.0},{"damage":3.0,"enemies":"Exordium Wildlife","floor":11.0,"turns":2.0},{"damage":16.0,"enemies":"The Mushroom Lair","floor":13.0,"turns":3.0},{"damage":2.0,"enemies":"Blue Slaver","floor":14.0,"turns":3.0},{"damage":15.0,"enemies":"The Guardian","floor":16.0,"turns":8.0},{"damage":1.0,"enemies":"Shell Parasite","floor":18.0,"turns":4.0},{"damage":11.0,"enemies":"Spheric Guardian","floor":21.0,"turns":4.0},{"damage":21.0,"enemies":"Centurion and Healer","floor":22.0,"turns":5.0},{"damage":13.0,"enemies":"3 Cultists","floor":24.0,"turns":6.0},{"damage":16,"enemies":"Book of Stabbing","floor":29,"turns":4}],"seed_played":"5153389163676984779","potions_obtained":[{"floor":4.0,"key":"Ancient Potion"},{"floor":13.0,"key":"Energy Potion"},{"floor":16.0,"key":"Ancient Potion"}],"is_trial":false,"path_per_floor":["M","M","T","M","$","R","E","R","T","?","M","R","?","M","R","B",null,"M","?","?","M","M","R","M","?","T","$","R","E"],"character_chosen":"DEFECT","items_purchased":["FearPotion","Gash","Purity"],"campfire_rested":1,"item_purchase_floors":[5,27,27],"current_hp_per_floor":[64,57,57,57,57,57,37,37,37,54,51,51,35,33,33,18,58,57,37,37,26,5,27,14,14,14,14,14,0],"gold":70,"neow_bonus":"RANDOM_COLORLESS","is_prod":false,"is_daily":false,"chose_seed":false,"campfire_upgraded":5,"win_rate":0,"timestamp":1547309180,"path_taken":["M","M","?","?","$","R","E","R","T","?","M","R","?","M","R","BOSS","M","?","?","?","M","R","?","?","T","$","R","E"],"build_version":"2019-01-10","purchased_purges":1,"victory":false,"max_hp_per_floor":[71,71,71,71,71,71,71,71,71,71,71,71,71,71,71,71,71,71,76,76,76,76,76,76,76,76,76,76,76],"card_choices":[{"not_picked":["Turbo","Auto Shields"],"picked":"Streamline","floor":1.0},{"not_picked":["Stack","Rebound"],"picked":"Hologram","floor":2.0},{"not_picked":["Rebound","Force Field"],"picked":"Gash","floor":4.0},{"not_picked":["Loop","Doom and Gloom"],"picked":"Steam","floor":7.0},{"not_picked":["Double Energy","Force Field"],"picked":"Coolheaded","floor":11.0},{"not_picked":["White Noise","Barrage"],"picked":"Go for the Eyes","floor":13.0},{"not_picked":["Streamline","BootSequence"],"picked":"Machine Learning","floor":14.0},{"not_picked":["Machine Learning","Electrodynamics"],"picked":"Seek","floor":16.0},{"not_picked":["Aggregate+1","Streamline"],"picked":"Defragment","floor":18.0},{"not_picked":["Sweeping Beam","Auto Shields"],"picked":"Compile Driver","floor":21.0},{"not_picked":["Ball Lightning","Compile Driver"],"picked":"Conserve Battery","floor":22.0},{"not_picked":["Steam","Beam Cell"],"picked":"Self Repair","floor":24.0}],"player_experience":708040,"relics_obtained":[{"floor":3.0,"key":"Shuriken"},{"floor":7.0,"key":"DataDisk"},{"floor":9.0,"key":"Vajra"},{"floor":13.0,"key":"Odd Mushroom"},{"floor":26,"key":"Question Card"}],"event_choices":[{"damage_healed":17.0,"max_hp_gain":0.0,"max_hp_loss":0.0,"gold_gain":0.0,"event_name":"The Cleric","player_choice":"Healed","floor":10.0,"gold_loss":35.0,"damage_taken":0.0},{"damage_healed":0.0,"max_hp_gain":0.0,"max_hp_loss":0.0,"gold_gain":0.0,"event_name":"Mushrooms","player_choice":"Fought Mushrooms","floor":13.0,"gold_loss":0.0,"damage_taken":0.0},{"damage_healed":0.0,"max_hp_gain":5.0,"max_hp_loss":0.0,"gold_gain":0.0,"event_name":"Forgotten Altar","player_choice":"Shed Blood","floor":19.0,"gold_loss":0.0,"damage_taken":25.0},{"damage_healed":0.0,"max_hp_gain":0.0,"max_hp_loss":0.0,"gold_gain":0.0,"event_name":"Accursed Blacksmith","player_choice":"Forge","floor":20.0,"gold_loss":0.0,"damage_taken":0.0,"cards_upgraded":["Defragment"]},{"damage_healed":0,"gold_gain":0,"player_choice":"Leave","damage_taken":0,"max_hp_gain":0,"max_hp_loss":0,"event_name":"FaceTrader","floor":25,"gold_loss":0}],"is_beta":false,"boss_relics":[{"not_picked":["Runic Dome","Inserter"],"picked":"Sozu"}],"items_purged_floors":[5],"is_endless":false,"potions_floor_spawned":[4,13,14,16,21,22],"killed_by":"Book of Stabbing","ascension_level":15}