{"gold_per_floor":[112,125,125,142,67,67,94,94,175,175,175,175,187,220,220,322,372,384,232,332,3,18,18,33,33,33,33,47,47,58,157,157,257,257,273,273,288,306,93,93,123,123,123,154,167,167,267,286,286,286,286,286,16,49,49],"floor_reached":55,"playtime":3279,"items_purged":["Strike_R","Strike_R","Strike_R","Strike_R+1"],"score":758,"play_id":"ee38906c-6dbe-4f67-937d-f4a1d9176a89","local_time":"20190414190330","is_ascension_mode":false,"campfire_choices":[{"data":"Searing Blow","floor":6,"key":"SMITH"},{"data":"Searing Blow+1","floor":8,"key":"SMITH"},{"data":"Searing Blow+2","floor":10,"key":"SMITH"},{"data":"Searing Blow+4","floor":12,"key":"SMITH"},{"data":"Searing Blow+5","floor":15,"key":"SMITH"},{"data":"Searing Blow+6","floor":23,"key":"SMITH"},{"data":"Inflame","floor":25,"key":"SMITH"},{"data":"Searing Blow+7","floor":27,"key":"SMITH"},{"data":"Armaments","floor":32,"key":"SMITH"},{"floor":40,"key":"RECALL"},{"data":"Searing Blow+10","floor":46,"key":"SMITH"},{"data":"Searing Blow+11","floor":49,"key":"SMITH"},{"data":"Searing Blow+12","floor":52,"key":"SMITH"}],"neow_cost":"TEN_PERCENT_HP_LOSS","seed_source_timestamp":341839072891122,"circlet_count":0,"master_deck":["Defend_R","Defend_R","Defend_R","Defend_R","Bash","Thunderclap","Offering","Searing Blow+13","Dual Wield","Inflame+1","Reaper","Flex","Armaments+1","Bandage Up","Offering","Infernal Blade+1","Enlightenment","Burning Pact+1","Exhume","Warcry"],"relics":["Burning Blood","Incense Burner","Omamori","Pantograph","Tiny House","Turnip","Singing Bowl","Bottled Tornado","Ornamental Fan","Black Star","Pen Nib","The Courier","Happy Flower","FossilizedHelix","Orichalcum","Champion Belt","Dodecahedron","Boot"],"potions_floor_usage":[7,7,7,14,16,16,16,20,20,33,33,47,48,50],"damage_taken":[{"damage":14,"enemies":"2 Louse","floor":1,"turns":3},{"damage":6,"enemies":"Cultist","floor":2,"turns":3},{"damage":2,"enemies":"Small Slimes","floor":4,"turns":3},{"damage":34,"enemies":"3 Sentries","floor":7,"turns":7},{"damage":5,"enemies":"Looter","floor":13,"turns":2},{"damage":24,"enemies":"Lagavulin","floor":14,"turns":3},{"damage":16,"enemies":"The Guardian","floor":16,"turns":5},{"damage":11,"enemies":"Shell Parasite","floor":18,"turns":2},{"damage":9,"enemies":"Colosseum Slavers","floor":20,"turns":3},{"damage":32,"enemies":"Colosseum Nobs","floor":20,"turns":4},{"damage":1,"enemies":"Spheric Guardian","floor":22,"turns":1},{"damage":33,"enemies":"Centurion and Healer","floor":24,"turns":4},{"damage":22,"enemies":"3 Cultists","floor":28,"turns":5},{"damage":17,"enemies":"Snake Plant","floor":30,"turns":3},{"damage":77,"enemies":"Collector","floor":33,"turns":7},{"damage":64,"enemies":"3 Darklings","floor":35,"turns":7},{"damage":12,"enemies":"Orb Walker","floor":37,"turns":1},{"damage":28,"enemies":"Maw","floor":38,"turns":5},{"damage":5,"enemies":"Nemesis","floor":41,"turns":3},{"damage":21,"enemies":"Giant Head","floor":44,"turns":3},{"damage":6,"enemies":"Spire Growth","floor":45,"turns":1},{"damage":31,"enemies":"Mind Bloom Boss Battle","floor":47,"turns":3},{"damage":34,"enemies":"Sphere and 2 Shapes","floor":48,"turns":3},{"damage":60,"enemies":"Awakened One","floor":50,"turns":7},{"damage":12,"enemies":"Shield and Spear","floor":54,"turns":4},{"damage":122,"enemies":"The Heart","floor":55,"turns":5}],"seed_played":"2374489163445143929","potions_obtained":[{"floor":1,"key":"EntropicBrew"},{"floor":4,"key":"Regen Potion"},{"floor":13,"key":"FearPotion"},{"floor":14,"key":"SkillPotion"},{"floor":17,"key":"Fire Potion"},{"floor":18,"key":"Fire Potion"},{"floor":20,"key":"SpeedPotion"},{"floor":30,"key":"SpeedPotion"},{"floor":33,"key":"Weak Potion"},{"floor":35,"key":"SpeedPotion"},{"floor":41,"key":"Energy Potion"},{"floor":45,"key":"Fire Potion"}],"is_trial":false,"path_per_floor":["M","M","?","M","$","R","E","R","T","R","?","R","M","E","R","B",null,"M","$","?","$","M","R","M","R","T","R","M","$","M","?","R","B",null,"M","?","M","M","$","R","E","?","T","E","M","R","?","M","R","B",null,"R","$","E","B"],"character_chosen":"IRONCLAD","items_purchased":["Armaments","Bottled Tornado","Bandage Up","Enlightenment","Exhume","Warcry"],"campfire_rested":0,"item_purchase_floors":[19,21,21,39,53,53],"current_hp_per_floor":[64,64,64,68,68,68,54,54,54,54,54,54,55,37,37,52,77,72,72,60,60,67,67,58,58,58,58,73,73,68,68,68,41,87,74,74,70,64,64,64,68,68,68,82,82,82,78,56,56,66,99,99,99,99,0],"gold":49,"neow_bonus":"ONE_RARE_RELIC","is_prod":false,"is_daily":false,"chose_seed":false,"campfire_upgraded":12,"win_rate":0,"timestamp":1555286610,"path_taken":["M","M","?","M","?","R","E","R","T","R","?","R","M","E","R","BOSS","M","$","?","$","M","R","M","R","T","R","M","?","?","?","R","BOSS","M","?","?","?","$","R","E","?","T","E","?","R","?","M","R","BOSS","R","$","E","BOSS"],"build_version":"2019-01-23","purchased_purges":4,"victory":false,"max_hp_per_floor":[72,72,72,72,72,72,72,72,72,72,72,72,72,72,72,72,77,77,77,79,79,81,81,83,83,83,83,85,85,87,87,87,87,87,87,87,89,91,91,91,93,93,93,95,95,95,97,99,99,99,99,99,99,101,101],"card_choices":[{"not_picked":["Heavy Blade","Headbutt"],"picked":"Thunderclap","floor":1},{"not_picked":["True Grit","Thunderclap"],"picked":"Offering","floor":2},{"not_picked":["Anger","Sword Boomerang"],"picked":"Dual Wield","floor":4},{"not_picked":["Havoc","Wild Strike","Disarm"],"picked":"SKIP","floor":7},{"not_picked":["Bloodletting","Cleave","Heavy Blade"],"picked":"SKIP","floor":13},{"not_picked":["Metallicize","Rage"],"picked":"Inflame","floor":14},{"not_picked":["Fiend Fire","Impervious"],"picked":"Reaper","floor":16},{"not_picked":["Twin Strike","Thunderclap"],"picked":"Flex","floor":17},{"not_picked":["Headbutt","Havoc","Rage"],"picked":"SKIP","floor":18},{"not_picked":["Cleave","Havoc","Body Slam"],"picked":"Singing Bowl","floor":20},{"not_picked":["Hemokinesis","Anger","Juggernaut"],"picked":"Singing Bowl","floor":22},{"not_picked":["True Grit","Sword Boomerang","Power Through+1"],"picked":"Singing Bowl","floor":24},{"not_picked":["Wild Strike+1","Corruption","Sentinel"],"picked":"Singing Bowl","floor":28},{"not_picked":["True Grit","Shrug It Off","Flex"],"picked":"Singing Bowl","floor":30},{"not_picked":["Brutality","Exhume"],"picked":"Offering","floor":33},{"not_picked":["Thunderclap","Seeing Red"],"picked":"Infernal Blade+1","floor":35},{"not_picked":["Cleave+1","Heavy Blade","Bloodletting"],"picked":"Singing Bowl","floor":37},{"not_picked":["Havoc+1","Wild Strike","Evolve+1"],"picked":"Singing Bowl","floor":38},{"not_picked":["Iron Wave+1","Anger+1","Rupture"],"picked":"Singing Bowl","floor":41},{"not_picked":["Feed","Anger+1","Heavy Blade+1"],"picked":"Singing Bowl","floor":44},{"not_picked":["Headbutt","Clothesline+1"],"picked":"Burning Pact+1","floor":45},{"not_picked":["Body Slam","Clothesline","Anger"],"picked":"Singing Bowl","floor":47},{"not_picked":["Anger","Thunderclap","Flame Barrier"],"picked":"Singing Bowl","floor":48},{"not_picked":["Immolate","Spot Weakness","Havoc+1"],"picked":"Singing Bowl","floor":54}],"player_experience":775542,"relics_obtained":[{"floor":7,"key":"Omamori"},{"floor":14,"key":"Pantograph"},{"floor":20,"key":"Turnip"},{"floor":20,"key":"Singing Bowl"},{"floor":26,"key":"Ornamental Fan"},{"floor":41,"key":"Pen Nib"},{"floor":41,"key":"The Courier"},{"floor":43,"key":"Happy Flower"},{"floor":44,"key":"FossilizedHelix"},{"floor":44,"key":"Orichalcum"},{"floor":47,"key":"Champion Belt"},{"floor":54,"key":"Dodecahedron"},{"floor":54,"key":"Boot"}],"event_choices":[{"damage_healed":0,"gold_gain":0,"cards_transformed":["Strike_R"],"player_choice":"Transformed","damage_taken":0,"max_hp_gain":0,"max_hp_loss":0,"event_name":"Transmorgrifier","floor":3,"gold_loss":0,"cards_obtained":["Searing Blow"]},{"damage_healed":0,"gold_gain":0,"player_choice":"Grow","damage_taken":0,"max_hp_gain":0,"max_hp_loss":0,"event_name":"Living Wall","floor":11,"gold_loss":0,"cards_upgraded":["Searing Blow"]},{"damage_healed":0,"gold_gain":0,"player_choice":"Fight","damage_taken":0,"max_hp_gain":0,"max_hp_loss":0,"event_name":"Colosseum","floor":20,"gold_loss":0},{"damage_healed":0,"gold_gain":0,"player_choice":"Fought Nobs","damage_taken":0,"max_hp_gain":0,"max_hp_loss":0,"event_name":"Colosseum","floor":20,"gold_loss":0},{"damage_healed":0,"gold_gain":99,"player_choice":"Stole From Cult","damage_taken":0,"max_hp_gain":0,"max_hp_loss":0,"event_name":"Nest","floor":31,"gold_loss":0},{"damage_healed":0,"gold_gain":0,"player_choice":"Forge","damage_taken":0,"max_hp_gain":0,"max_hp_loss":0,"event_name":"Accursed Blacksmith","floor":36,"gold_loss":0,"cards_upgraded":["Searing Blow"]},{"damage_healed":0,"gold_gain":0,"player_choice":"Upgraded","damage_taken":0,"max_hp_gain":0,"max_hp_loss":0,"event_name":"Upgrade Shrine","floor":42,"gold_loss":0,"cards_upgraded":["Searing Blow"]},{"damage_healed":0,"gold_gain":0,"player_choice":"Fight","damage_taken":0,"max_hp_gain":0,"max_hp_loss":0,"event_name":"MindBloom","floor":47,"gold_loss":0}],"is_beta":false,"boss_relics":[{"not_picked":["Snecko Eye","Busted Crown"],"picked":"Tiny House"},{"not_picked":["Velvet Choker","White Beast Statue"],"picked":"Black Star"}],"items_purged_floors":[5,19,39,53],"is_endless":false,"potions_floor_spawned":[1,4,13,14,18,20,30,33,35,41,45],"killed_by":"The Heart","ascension_level":0}