{"gold_per_floor":[113,127,139,156,173,208,96,96,96,96,130,149,49,83,83,183,183,203,223,243,158,158,158,186,196,273,273,283,283],"floor_reached":29,"playtime":2224,"items_purged":["Strike_R","Strike_R"],"score":360,"play_id":"43d0bde3-dde6-4205-a82b-1aa6e32b1005","local_time":"20190721232525","is_ascension_mode":true,"campfire_choices":[{"floor":8,"key":"REST"},{"data":"Flame Barrier","floor":10,"key":"SMITH"},{"data":"Shockwave","floor":15,"key":"SMITH"},{"floor":23,"key":"REST"},{"floor":27,"key":"REST"}],"neow_cost":"NONE","seed_source_timestamp":356960438244097,"circlet_count":0,"master_deck":["Defend_R","Defend_R","Defend_R","Defend_R","Bash","Pommel Strike","Armaments","Reaper","Flame Barrier+1","Shockwave+1","Carnage","Barricade+1","Clash+1","Havoc+1","Burning Pact+1","Body Slam+1","Corruption+1","Shrug It Off"],"relics":["Burning Blood","NeowsBlessing","Orichalcum","Frozen Egg 2","Du-Vu Doll","Question Card","Astrolabe","Singing Bowl","Dodecahedron","Tiny Chest"],"potions_floor_usage":[6,11,20,24,24,24,24,24,28],"damage_taken":[{"damage":0,"enemies":"Cultist","floor":1,"turns":1},{"damage":0,"enemies":"2 Louse","floor":2,"turns":1},{"damage":0,"enemies":"Small Slimes","floor":3,"turns":1},{"damage":6,"enemies":"Exordium Wildlife","floor":4,"turns":3},{"damage":11,"enemies":"Blue Slaver","floor":5,"turns":3},{"damage":40,"enemies":"Lagavulin","floor":6,"turns":6},{"damage":14,"enemies":"Gremlin Nob","floor":11,"turns":5},{"damage":3,"enemies":"Red Slaver","floor":12,"turns":3},{"damage":13,"enemies":"3 Sentries","floor":14,"turns":8},{"damage":56,"enemies":"Hexaghost","floor":16,"turns":11},{"damage":3,"enemies":"Shell Parasite","floor":18,"turns":6},{"damage":39,"enemies":"Spheric Guardian","floor":19,"turns":10},{"damage":22,"enemies":"Snake Plant","floor":20,"turns":5},{"damage":37,"enemies":"Slavers","floor":24,"turns":10},{"damage":36,"enemies":"Chosen and Byrds","floor":25,"turns":7},{"damage":31,"enemies":"Cultist and Chosen","floor":28,"turns":8},{"damage":15,"enemies":"3 Cultists","floor":29,"turns":3}],"seed_played":"-6754157315742324487","potions_obtained":[{"floor":4,"key":"SteroidPotion"},{"floor":6,"key":"Regen Potion"},{"floor":14,"key":"Ancient Potion"},{"floor":16,"key":"EntropicBrew"},{"floor":19,"key":"SkillPotion"},{"floor":20,"key":"Poison Potion"},{"floor":25,"key":"PowerPotion"}],"is_trial":false,"path_per_floor":["M","M","M","M","M","E","$","R","T","R","E","M","$","E","R","B",null,"M","M","M","?","?","R","E","M","T","R","M","M"],"character_chosen":"IRONCLAD","items_purchased":["Flame Barrier"],"campfire_rested":3,"item_purchase_floors":[7],"current_hp_per_floor":[78,80,80,80,75,41,41,65,65,65,71,74,74,67,67,17,64,67,34,18,18,18,42,40,14,14,38,15,0],"gold":283,"neow_bonus":"THREE_ENEMY_KILL","is_prod":false,"is_daily":false,"chose_seed":false,"campfire_upgraded":2,"win_rate":0,"timestamp":1563776725,"path_taken":["M","M","?","?","M","E","$","R","T","R","E","M","?","E","R","BOSS","M","M","M","?","?","R","E","M","T","R","?","M"],"build_version":"2019-07-05","purchased_purges":2,"victory":false,"max_hp_per_floor":[80,80,80,80,80,80,80,80,80,80,80,80,80,80,80,80,80,80,80,80,80,80,80,82,82,82,82,84,84],"card_choices":[{"not_picked":["Wild Strike","Sword Boomerang","Metallicize"],"picked":"SKIP","floor":1},{"not_picked":["Cleave","True Grit","Clash"],"picked":"SKIP","floor":2},{"not_picked":["Warcry","Evolve"],"picked":"Pommel Strike","floor":3},{"not_picked":["Iron Wave","Perfected Strike"],"picked":"Armaments","floor":4},{"not_picked":["Warcry","Dark Embrace","True Grit"],"picked":"SKIP","floor":5},{"not_picked":["Bloodletting","Searing Blow"],"picked":"Reaper","floor":6},{"not_picked":["Clothesline","Warcry"],"picked":"Shockwave","floor":11},{"not_picked":["Blood for Blood","Heavy Blade"],"picked":"Carnage","floor":12},{"not_picked":["Sword Boomerang","True Grit","Rampage"],"picked":"SKIP","floor":14},{"not_picked":["Reaper","Impervious","Double Tap"],"picked":"Barricade+1","floor":16},{"not_picked":["Perfected Strike","Wild Strike+1","Second Wind"],"picked":"Body Slam","floor":18},{"not_picked":["Heavy Blade+1","Anger+1","Pommel Strike"],"picked":"Corruption+1","floor":19},{"not_picked":["Brutality+1","Pommel Strike+1","Sever Soul+1","Corruption+1"],"picked":"SKIP","floor":20},{"not_picked":["Perfected Strike","Reckless Charge+1","Rampage+1","Hemokinesis+1"],"picked":"Singing Bowl","floor":24},{"not_picked":["Sever Soul","Heavy Blade","Searing Blow"],"picked":"Shrug It Off","floor":25},{"not_picked":["Flex","Inflame+1","Bloodletting","Twin Strike"],"picked":"Singing Bowl","floor":28}],"player_experience":96397,"relics_obtained":[{"floor":6,"key":"Orichalcum"},{"floor":9,"key":"Frozen Egg 2"},{"floor":11,"key":"Du-Vu Doll"},{"floor":14,"key":"Question Card"},{"floor":24,"key":"Dodecahedron"},{"floor":26,"key":"Tiny Chest"}],"event_choices":[{"damage_healed":0,"gold_gain":0,"player_choice":"Obtained Relic","damage_taken":0,"relics_obtained":["Singing Bowl"],"max_hp_gain":0,"max_hp_loss":0,"event_name":"Addict","floor":21,"gold_loss":85},{"damage_healed":0,"gold_gain":0,"player_choice":"Upgraded","damage_taken":0,"max_hp_gain":0,"max_hp_loss":0,"event_name":"Upgrade Shrine","floor":22,"gold_loss":0,"cards_upgraded":["Body Slam"]}],"is_beta":false,"boss_relics":[{"not_picked":["Empty Cage","Black Blood"],"picked":"Astrolabe"}],"items_purged_floors":[7,13],"is_endless":false,"potions_floor_spawned":[4,6,14,16,19,20,25],"killed_by":"3 Cultists","ascension_level":7}