{"gold_per_floor":[112,112,125,50,225,252,252,281,281,281,292,242,262,277,277,380,430,447,347,365,365,240,240,240,240],"floor_reached":25,"playtime":1605,"items_purged":["Strike_R","Strike_R","Strike_R"],"score":271,"play_id":"3943295c-c697-46de-916e-411fb0efa1c4","local_time":"20190723233626","is_ascension_mode":true,"campfire_choices":[{"data":"Bash","floor":7.0,"key":"SMITH"},{"data":"Doubt","floor":10.0,"key":"PURGE"},{"floor":15.0,"key":"DIG"},{"data":"Heavy Blade","floor":23.0,"key":"SMITH"}],"neow_cost":"NONE","seed_source_timestamp":1112293587727600,"circlet_count":0,"master_deck":["Strike_R+1","Defend_R","Defend_R","Defend_R","Defend_R","Bash+1","Body Slam","Pommel Strike","Demon Form","Heavy Blade+1","Flame Barrier","Feed","J.A.X."],"special_seed":0,"relics":["Burning Blood","NeowsBlessing","Mango","Shovel","Peace Pipe","Thread and Needle","Tiny House"],"potions_floor_usage":[25,25,25],"damage_taken":[{"damage":0.0,"enemies":"Small Slimes","floor":1.0,"turns":1.0},{"damage":0.0,"enemies":"Cultist","floor":3.0,"turns":1.0},{"damage":0.0,"enemies":"3 Sentries","floor":6.0,"turns":1.0},{"damage":58.0,"enemies":"Lagavulin","floor":8.0,"turns":11.0},{"damage":3.0,"enemies":"Jaw Worm","floor":11.0,"turns":3.0},{"damage":23.0,"enemies":"Red Slaver","floor":13.0,"turns":4.0},{"damage":14.0,"enemies":"Exordium Thugs","floor":14.0,"turns":5.0},{"damage":7.0,"enemies":"Hexaghost","floor":16.0,"turns":9.0},{"damage":47.0,"enemies":"Spheric Guardian","floor":18.0,"turns":8.0},{"damage":19.0,"enemies":"Shell Parasite","floor":20.0,"turns":7.0},{"damage":80,"enemies":"Gremlin Leader","floor":25,"turns":6}],"seed_played":"-7499867820532628816","potions_obtained":[{"floor":1.0,"key":"Weak Potion"},{"floor":2.0,"key":"BloodPotion"},{"floor":2.0,"key":"SpeedPotion"},{"floor":13.0,"key":"PowerPotion"},{"floor":20.0,"key":"Block Potion"}],"is_trial":false,"path_per_floor":["M","?","M","$","?","E","R","E","T","R","M","?","M","M","R","B",null,"M","$","M","?","$","R","?","E"],"character_chosen":"IRONCLAD","items_purchased":[],"campfire_rested":0,"item_purchase_floors":[],"current_hp_per_floor":[80,80,80,80,80,94,94,42,42,42,45,45,28,20,20,19,99,58,58,48,48,48,48,48,0],"gold":240,"neow_bonus":"THREE_ENEMY_KILL","is_prod":false,"is_daily":false,"chose_seed":false,"campfire_upgraded":2,"win_rate":0,"timestamp":1563950186,"path_taken":["M","?","?","$","?","E","R","E","T","R","M","?","M","M","R","BOSS","M","$","M","?","$","R","?","E"],"build_version":"2019-07-18","purchased_purges":3,"victory":false,"max_hp_per_floor":[80,80,80,80,80,94,94,94,94,94,94,94,94,94,94,94,99,99,99,102,102,102,102,102,102],"card_choices":[{"not_picked":["Intimidate","Twin Strike"],"picked":"Body Slam","floor":1.0},{"not_picked":["Twin Strike","Thunderclap","Rampage"],"picked":"SKIP","floor":3.0},{"not_picked":["Heavy Blade","Cleave"],"picked":"Pommel Strike","floor":6.0},{"not_picked":["True Grit","Shrug It Off"],"picked":"Demon Form","floor":8.0},{"not_picked":["Carnage","Second Wind"],"picked":"Heavy Blade","floor":11.0},{"not_picked":["Pummel","Headbutt","Cleave"],"picked":"SKIP","floor":13.0},{"not_picked":["Havoc","Battle Trance"],"picked":"Flame Barrier","floor":14.0},{"not_picked":["Wild Strike","Metallicize"],"picked":"Feed","floor":18.0},{"not_picked":["Body Slam","Sentinel+1","Headbutt"],"picked":"SKIP","floor":20.0}],"player_experience":158313,"relics_obtained":[{"floor":6.0,"key":"Mango"},{"floor":8.0,"key":"Shovel"},{"floor":9.0,"key":"Peace Pipe"},{"floor":15.0,"key":"Thread and Needle"}],"event_choices":[{"damage_healed":0.0,"max_hp_gain":0.0,"max_hp_loss":0.0,"gold_gain":0.0,"event_name":"Lab","player_choice":"Got Potions","floor":2.0,"gold_loss":0.0,"damage_taken":0.0},{"damage_healed":0.0,"max_hp_gain":0.0,"max_hp_loss":0.0,"gold_gain":175.0,"event_name":"Liars Game","player_choice":"AGREE","floor":5.0,"gold_loss":0.0,"damage_taken":0.0,"cards_obtained":["Doubt"]},{"cards_removed":["Strike_R"],"damage_healed":0.0,"max_hp_gain":0.0,"max_hp_loss":0.0,"gold_gain":0.0,"event_name":"The Cleric","player_choice":"Card Removal","floor":12.0,"gold_loss":50.0,"damage_taken":0.0},{"damage_healed":0.0,"max_hp_gain":0.0,"max_hp_loss":0.0,"gold_gain":0.0,"event_name":"Drug Dealer","player_choice":"Obtain J.A.X.","floor":21.0,"gold_loss":0.0,"damage_taken":0.0,"cards_obtained":["J.A.X."]},{"damage_healed":0.0,"max_hp_gain":0.0,"max_hp_loss":0.0,"gold_gain":0.0,"event_name":"Vampires","player_choice":"Ignored","floor":24.0,"gold_loss":0.0,"damage_taken":0.0}],"is_beta":true,"boss_relics":[{"not_picked":["Philosopher\u0027s Stone","Runic Cube"],"picked":"Tiny House"}],"items_purged_floors":[4,19,22],"is_endless":false,"potions_floor_spawned":[1,6,13,18,20],"killed_by":"Gremlin Leader","ascension_level":1}