{"gold_per_floor":[111,123,123,141,168,201,217,217,244,36,36,69,69,97,97,171,171,183,99,66,66,66],"floor_reached":22,"playtime":992,"items_purged":["Strike_G"],"score":454,"play_id":"736c6de5-11bb-46c1-9649-6c8af076d5b1","local_time":"20190203205804","is_ascension_mode":true,"campfire_choices":[{"data":"Cloak And Dagger","floor":8.0,"key":"SMITH"},{"data":"Neutralize","floor":11.0,"key":"SMITH"},{"data":"Deadly Poison","floor":13.0,"key":"SMITH"},{"data":"Acrobatics","floor":15.0,"key":"SMITH"}],"neow_cost":"NONE","seed_source_timestamp":258518027126653,"circlet_count":0,"master_deck":["AscendersBane","Defend_G","Defend_G","Defend_G","Defend_G","Defend_G","Strike_G","Strike_G","Strike_G","Strike_G","Survivor","Neutralize+1","Deadly Poison+1","Cloak And Dagger+1","Tools of the Trade","Deflect","Footwork","Acrobatics+1","Blur","Bane","After Image","PiercingWail","Noxious Fumes","Deflect"],"special_seed":0,"relics":["WristBlade","Strawberry","Oddly Smooth Stone","Anchor","Orichalcum","Bag of Preparation","Eternal Feather","MutagenicStrength"],"potions_floor_usage":[],"damage_taken":[{"damage":3.0,"enemies":"Cultist","floor":1.0,"turns":4.0},{"damage":7.0,"enemies":"2 Louse","floor":2.0,"turns":4.0},{"damage":5.0,"enemies":"Jaw Worm","floor":4.0,"turns":4.0},{"damage":15.0,"enemies":"3 Sentries","floor":6.0,"turns":10.0},{"damage":3.0,"enemies":"Looter","floor":7.0,"turns":4.0},{"damage":2.0,"enemies":"Lagavulin","floor":12.0,"turns":8.0},{"damage":29.0,"enemies":"Gremlin Nob","floor":14.0,"turns":5.0},{"damage":0.0,"enemies":"Hexaghost","floor":16.0,"turns":11.0},{"damage":23,"enemies":"Chosen","floor":18,"turns":6},{"damage":15,"enemies":"2 Thieves","floor":20,"turns":5},{"damage":18,"enemies":"Cultist and Chosen","floor":22,"turns":4}],"seed_played":"-35144483572285537","potions_obtained":[{"floor":1.0,"key":"SmokeBomb"},{"floor":2.0,"key":"AttackPotion"},{"floor":4.0,"key":"SteroidPotion"},{"floor":7.0,"key":"EssenceOfSteel"},{"floor":16,"key":"Weak Potion"},{"floor":20,"key":"Block Potion"}],"is_trial":false,"path_per_floor":["M","M","?","M","T","E","M","R","T","$","R","E","R","E","R","B",null,"M","$","M","?","M"],"character_chosen":"THE_SILENT","items_purchased":["Footwork","Acrobatics","Noxious Fumes"],"campfire_rested":0,"item_purchase_floors":[10,10,19],"current_hp_per_floor":[56,49,49,44,51,36,33,33,33,33,33,31,31,2,2,2,55,32,32,17,17,0],"gold":66,"neow_bonus":"BOSS_RELIC","is_prod":false,"is_daily":false,"chose_seed":false,"campfire_upgraded":4,"win_rate":0,"timestamp":1549223884,"path_taken":["M","?","?","M","?","E","M","R","T","$","R","E","R","E","R","BOSS","BOSS","M","$","M","?","M"],"build_version":"2019-01-23","purchased_purges":1,"victory":false,"max_hp_per_floor":[66,66,66,66,73,73,73,73,73,73,73,73,73,73,73,73,73,73,73,73,73,73],"card_choices":[{"not_picked":["Escape Plan","Reflex"],"picked":"Deadly Poison","floor":1.0},{"not_picked":["Bouncing Flask","Sucker Punch"],"picked":"Cloak And Dagger","floor":2.0},{"not_picked":["Finisher","Deadly Poison","PiercingWail"],"picked":"SKIP","floor":4.0},{"not_picked":["Underhanded Strike","Sucker Punch"],"picked":"Tools of the Trade","floor":6.0},{"not_picked":["PiercingWail","Flechettes"],"picked":"Deflect","floor":7.0},{"not_picked":["Bane","Predator"],"picked":"Blur","floor":12.0},{"not_picked":["Wraith Form v2","Flying Knee"],"picked":"Bane","floor":14.0},{"not_picked":["Die Die Die","Night Terror"],"picked":"After Image","floor":16},{"not_picked":["Riddle With Holes","Catalyst"],"picked":"PiercingWail","floor":18},{"not_picked":["Dagger Throw","Distraction"],"picked":"Deflect","floor":20}],"player_experience":775876,"relics_obtained":[{"floor":5.0,"key":"Strawberry"},{"floor":6.0,"key":"Oddly Smooth Stone"},{"floor":9.0,"key":"Anchor"},{"floor":12.0,"key":"Orichalcum"},{"floor":14.0,"key":"Bag of Preparation"}],"event_choices":[{"damage_healed":0.0,"max_hp_gain":0.0,"max_hp_loss":0.0,"gold_gain":0.0,"event_name":"Golden Idol","player_choice":"Ignored","floor":3.0,"gold_loss":0.0,"damage_taken":0.0},{"damage_healed":0,"gold_gain":0,"player_choice":"Inject Mutagens","damage_taken":0,"relics_obtained":["MutagenicStrength"],"max_hp_gain":0,"max_hp_loss":0,"event_name":"Drug Dealer","floor":21,"gold_loss":0}],"is_beta":false,"boss_relics":[{"not_picked":["HoveringKite","Snecko Eye"],"picked":"Eternal Feather"}],"items_purged_floors":[10],"is_endless":false,"potions_floor_spawned":[1,2,4,7,12,16,20],"killed_by":"Cultist and Chosen","ascension_level":16}