{"gold_per_floor":[13,30,50,63,30,30,56,56,56,56,70,90,15,31,31,106,106,117,117,22,22,36,65,65,83,154,154,167,167,183,83,83,161,161,179,194,194,59,79,97,97,110,110,110,121,121,131,131,131,131],"floor_reached":51,"playtime":1954,"items_purged":["Strike_B","Strike_B"],"score":1184,"play_id":"5ee16ab7-f836-4d90-8e6a-5da73cebb63b","local_time":"20190113193131","is_ascension_mode":true,"campfire_choices":[{"data":"Zap","floor":6.0,"key":"SMITH"},{"data":"Dualcast","floor":10.0,"key":"SMITH"},{"data":"Loop","floor":15.0,"key":"SMITH"},{"data":"Trip","floor":24.0,"key":"SMITH"},{"floor":29.0,"key":"REST"},{"data":"Redo","floor":32.0,"key":"SMITH"},{"data":"Hologram","floor":41.0,"key":"SMITH"},{"data":"Scrape","floor":44.0,"key":"SMITH"},{"data":"Coolheaded","floor":46,"key":"SMITH"},{"floor":49,"key":"REST"}],"neow_cost":"NO_GOLD","seed_source_timestamp":528358506155992,"circlet_count":0,"master_deck":["AscendersBane","Defend_B+1","Defend_B+1","Zap+1","Dualcast+1","BootSequence+1","Chill+1","Gash+1","Melter+1","Loop+1","Compile Driver+1","Gash+1","Core Surge+1","Defragment+1","Skim+1","All For One+1","Scrape+1","Trip+1","Gash+1","Coolheaded+1","Glacier+1","Redo+1","Compile Driver+1","Hologram+1","All For One+1"],"special_seed":0,"relics":["Cracked Core","Nunchaku","Art of War","Symbiotic Virus","Astrolabe","Enchiridion","Calipers","Shuriken","MutagenicStrength","Eternal Feather","Question Card","Mark of the Bloom"],"potions_floor_usage":[45,50,50],"damage_taken":[{"damage":0.0,"enemies":"Cultist","floor":1.0,"turns":4.0},{"damage":0.0,"enemies":"Small Slimes","floor":2.0,"turns":3.0},{"damage":0.0,"enemies":"Jaw Worm","floor":3.0,"turns":3.0},{"damage":14.0,"enemies":"Large Slime","floor":4.0,"turns":7.0},{"damage":11.0,"enemies":"Lagavulin","floor":7.0,"turns":6.0},{"damage":6.0,"enemies":"Blue Slaver","floor":11.0,"turns":3.0},{"damage":0.0,"enemies":"3 Louse","floor":12.0,"turns":3.0},{"damage":0.0,"enemies":"Exordium Wildlife","floor":14.0,"turns":4.0},{"damage":15.0,"enemies":"Hexaghost","floor":16.0,"turns":7.0},{"damage":2.0,"enemies":"Chosen","floor":18.0,"turns":4.0},{"damage":0.0,"enemies":"Spheric Guardian","floor":22.0,"turns":2.0},{"damage":0.0,"enemies":"Gremlin Leader","floor":23.0,"turns":5.0},{"damage":14.0,"enemies":"Snake Plant","floor":25.0,"turns":2.0},{"damage":0.0,"enemies":"Snecko","floor":28.0,"turns":3.0},{"damage":2.0,"enemies":"3 Cultists","floor":30.0,"turns":4.0},{"damage":13.0,"enemies":"Champ","floor":33.0,"turns":5.0},{"damage":1.0,"enemies":"3 Darklings","floor":35.0,"turns":4.0},{"damage":0.0,"enemies":"3 Shapes","floor":36.0,"turns":4.0},{"damage":4.0,"enemies":"Spire Growth","floor":39.0,"turns":3.0},{"damage":13.0,"enemies":"Maw","floor":40.0,"turns":5.0},{"damage":0.0,"enemies":"Transient","floor":42.0,"turns":5.0},{"damage":28,"enemies":"Writhing Mass","floor":45,"turns":5},{"damage":0,"enemies":"Spire Growth","floor":47,"turns":4},{"damage":7,"enemies":"Awakened One","floor":50,"turns":10}],"seed_played":"4488722378274084320","potions_obtained":[{"floor":2.0,"key":"Ancient Potion"},{"floor":7.0,"key":"SneckoOil"},{"floor":12.0,"key":"FocusPotion"},{"floor":22.0,"key":"GamblersBrew"},{"floor":36.0,"key":"Block Potion"},{"floor":42.0,"key":"Weak Potion"},{"floor":47,"key":"FocusPotion"}],"is_trial":false,"path_per_floor":["M","M","M","M","$","R","E","?","T","R","M","M","$","M","R","B",null,"M","?","$","?","M","E","R","M","T","?","M","R","M","$","R","B",null,"M","M","?","$","M","M","R","M","T","R","M","R","M","?","R","B",null],"character_chosen":"DEFECT","items_purchased":["Melter","Trip","All For One"],"campfire_rested":2,"item_purchase_floors":[5,20,38],"current_hp_per_floor":[64,64,64,50,50,50,39,39,39,39,33,33,33,33,33,18,58,56,56,56,35,35,35,35,21,21,21,21,42,40,40,40,27,60,59,59,59,59,55,42,57,57,57,71,43,58,58,58,58,51],"gold":131,"neow_bonus":"ONE_RARE_RELIC","is_prod":false,"is_daily":false,"chose_seed":false,"campfire_upgraded":8,"win_rate":0,"timestamp":1547404291,"path_taken":["M","?","M","M","$","R","E","?","T","R","M","M","$","M","R","BOSS","M","?","$","?","M","E","R","M","T","?","M","R","M","?","R","BOSS","M","M","?","$","M","M","R","M","T","R","M","R","M","?","R","BOSS"],"build_version":"2019-01-10","purchased_purges":2,"victory":true,"max_hp_per_floor":[71,71,71,71,71,71,71,71,71,71,71,71,71,71,71,71,71,71,71,71,71,71,71,71,71,71,71,71,71,71,71,71,71,71,71,71,71,71,71,71,71,71,71,71,71,71,71,71,71,71],"card_choices":[{"not_picked":["Redo","Rebound"],"picked":"BootSequence","floor":1.0},{"not_picked":["Consume","Reprogram"],"picked":"Chill","floor":2.0},{"not_picked":["Steam Power","Hologram"],"picked":"Gash","floor":3.0},{"not_picked":["Rebound","Tempest","Turbo"],"picked":"SKIP","floor":4.0},{"not_picked":["Darkness","Rebound","Barrage"],"picked":"SKIP","floor":7.0},{"not_picked":["Leap","Meteor Strike"],"picked":"Loop","floor":11.0},{"not_picked":["Steam","Consume"],"picked":"Compile Driver","floor":12.0},{"not_picked":["Auto Shields","Conserve Battery"],"picked":"Gash","floor":14.0},{"not_picked":["Biased Cognition","Amplify"],"picked":"Core Surge","floor":16.0},{"not_picked":["Self Repair","Melter"],"picked":"Scrape","floor":18.0},{"not_picked":["Steam Power","Stack"],"picked":"Gash","floor":22.0},{"not_picked":["Leap+1","Thunder Strike"],"picked":"Coolheaded","floor":23.0},{"not_picked":["Turbo","Darkness"],"picked":"Glacier","floor":25.0},{"not_picked":["Conserve Battery","BootSequence+1"],"picked":"Redo","floor":28.0},{"not_picked":["Stack","Ball Lightning"],"picked":"Compile Driver","floor":30.0},{"not_picked":["Streamline","Defragment"],"picked":"Hologram","floor":35.0},{"not_picked":["Compile Driver+1","Hologram","Sweeping Beam+1"],"picked":"SKIP","floor":36.0},{"not_picked":["Tempest+1","Turbo","Glacier"],"picked":"SKIP","floor":39.0},{"not_picked":["Sunder+1","Steam Power+1","Cold Snap+1"],"picked":"SKIP","floor":40.0},{"not_picked":["Undo","White Noise","Leap"],"picked":"SKIP","floor":42.0},{"not_picked":["BootSequence","Skim","Turbo","Machine Learning"],"picked":"SKIP","floor":45},{"not_picked":["Rebound","Barrage","Conserve Battery","Coolheaded"],"picked":"SKIP","floor":47}],"player_experience":728225,"relics_obtained":[{"floor":7.0,"key":"Art of War"},{"floor":9.0,"key":"Symbiotic Virus"},{"floor":21.0,"key":"Enchiridion"},{"floor":23.0,"key":"Calipers"},{"floor":26.0,"key":"Shuriken"},{"floor":43.0,"key":"Question Card"}],"event_choices":[{"damage_healed":0.0,"max_hp_gain":0.0,"max_hp_loss":0.0,"gold_gain":0.0,"event_name":"Golden Idol","player_choice":"Ignored","floor":8.0,"gold_loss":0.0,"damage_taken":0.0},{"cards_removed":["Strike_B"],"damage_healed":0.0,"max_hp_gain":0.0,"max_hp_loss":0.0,"gold_gain":0.0,"event_name":"Back to Basics","player_choice":"Elegance","floor":19.0,"gold_loss":0.0,"damage_taken":0.0},{"damage_healed":0.0,"max_hp_gain":0.0,"max_hp_loss":0.0,"gold_gain":0.0,"event_name":"Cursed Tome","player_choice":"Obtained Book","floor":21.0,"gold_loss":0.0,"damage_taken":21.0},{"damage_healed":0.0,"max_hp_gain":0.0,"max_hp_loss":0.0,"gold_gain":0.0,"event_name":"Drug Dealer","player_choice":"Inject Mutagens","floor":27.0,"gold_loss":0.0,"damage_taken":0.0,"relics_obtained":["MutagenicStrength"]},{"damage_healed":0.0,"max_hp_gain":0.0,"max_hp_loss":0.0,"gold_gain":0.0,"event_name":"SensoryStone","player_choice":"Memory 1","floor":37.0,"gold_loss":0.0,"damage_taken":0.0},{"damage_healed":0,"gold_gain":0,"player_choice":"Upgrade","damage_taken":0,"relics_obtained":["Mark of the Bloom"],"max_hp_gain":0,"max_hp_loss":0,"event_name":"MindBloom","floor":48,"gold_loss":0,"cards_upgraded":["Defend_B","Defend_B","BootSequence","Chill","Gash","Melter","Compile Driver","Gash","Core Surge","Gash","Glacier","Compile Driver","All For One"]}],"is_beta":false,"boss_relics":[{"not_picked":["Cursed Key","Velvet Choker"],"picked":"Astrolabe"},{"not_picked":["White Beast Statue","FrozenCore"],"picked":"Eternal Feather"}],"items_purged_floors":[13,31],"is_endless":false,"potions_floor_spawned":[2,7,12,16,22,28,33,36,39,42,47],"ascension_level":15}