{"gold_per_floor":[115,128,128,141,216,229,229,257,281,281],"floor_reached":10,"playtime":160,"items_purged":[],"score":68,"play_id":"fdf4bfaf-1233-4263-9772-45bd5f69739d","local_time":"20190511230023","is_ascension_mode":false,"campfire_choices":[],"neow_cost":"NONE","seed_source_timestamp":382119949209700,"circlet_count":0,"master_deck":["Strike_R","Strike_R","Strike_R","Strike_R","Strike_R","Defend_R","Defend_R","Defend_R","Defend_R","Bash","Spot Weakness","Regret"],"relics":["Burning Blood","NeowsBlessing","Juzu Bracelet","Oddly Smooth Stone"],"potions_floor_usage":[8,10],"damage_taken":[{"damage":0,"enemies":"2 Louse","floor":1,"turns":1},{"damage":0,"enemies":"Jaw Worm","floor":2,"turns":1},{"damage":0,"enemies":"Cultist","floor":4,"turns":1},{"damage":21,"enemies":"Exordium Wildlife","floor":6,"turns":5},{"damage":37,"enemies":"Gremlin Nob","floor":8,"turns":5},{"damage":36,"enemies":"Lagavulin Event","floor":10,"turns":3}],"seed_played":"-3662511370388804134","potions_obtained":[{"floor":6,"key":"SteroidPotion"},{"floor":8,"key":"Fire Potion"}],"is_trial":false,"path_per_floor":["M","M","?","M","?","M","?","E","T","?"],"character_chosen":"IRONCLAD","items_purchased":[],"campfire_rested":0,"item_purchase_floors":[],"current_hp_per_floor":[80,80,80,80,69,54,54,23,23,0],"gold":281,"neow_bonus":"THREE_ENEMY_KILL","is_prod":false,"is_daily":false,"chose_seed":false,"campfire_upgraded":0,"win_rate":0,"timestamp":1557633623,"path_taken":["M","M","?","M","?","M","?","E","T","?"],"build_version":"2019-01-23","purchased_purges":0,"victory":false,"max_hp_per_floor":[80,80,80,80,80,80,80,80,80,80],"card_choices":[{"not_picked":["Havoc","Headbutt","True Grit"],"picked":"SKIP","floor":1},{"not_picked":["Sever Soul","Rampage"],"picked":"Spot Weakness","floor":2},{"not_picked":["Uppercut","Metallicize","Fire Breathing"],"picked":"SKIP","floor":4},{"not_picked":["Sword Boomerang","Clothesline","Uppercut"],"picked":"SKIP","floor":6},{"not_picked":["Wild Strike","Sword Boomerang","Warcry"],"picked":"SKIP","floor":8}],"player_experience":813306,"relics_obtained":[{"floor":8,"key":"Oddly Smooth Stone"}],"event_choices":[{"damage_healed":0,"gold_gain":0,"player_choice":"Box","damage_taken":0,"relics_obtained":["Juzu Bracelet"],"max_hp_gain":0,"max_hp_loss":0,"event_name":"Big Fish","floor":3,"gold_loss":0,"cards_obtained":["Regret"]},{"damage_healed":0,"gold_gain":75,"player_choice":"Gather Gold","damage_taken":11,"max_hp_gain":0,"max_hp_loss":0,"event_name":"World of Goop","floor":5,"gold_loss":0},{"damage_healed":0,"gold_gain":0,"player_choice":"Ignored","damage_taken":0,"max_hp_gain":0,"max_hp_loss":0,"event_name":"NoteForYourself","floor":7,"gold_loss":0},{"damage_healed":0,"gold_gain":0,"player_choice":"Searched \u00271\u0027 times","damage_taken":0,"max_hp_gain":0,"max_hp_loss":0,"event_name":"Dead Adventurer","floor":10,"gold_loss":0}],"is_beta":false,"boss_relics":[],"items_purged_floors":[],"is_endless":false,"potions_floor_spawned":[6,8],"killed_by":"Lagavulin Event","ascension_level":0}