{"path_per_floor":["M","M","$","?","?","E","R","M","T","R","M","M","$","E","R","B",null,"M","?","?","M","?"],"character_chosen":"THE_SILENT","items_purchased":["Trip"],"gold_per_floor":[114,128,35,35,35,69,69,89,89,89,109,122,47,72,72,174,174,193,193,193,209,209],"floor_reached":23,"campfire_rested":1,"playtime":1417,"current_hp_per_floor":[62,61,61,54,59,35,35,31,31,31,31,31,31,27,49,35,65,60,60,67,58,58],"items_purged":["Strike_G"],"gold":209,"score":269,"play_id":"5afd4ebe-dee1-4b0a-a5ac-3c140320b7cb","is_prod":false,"is_daily":false,"is_ascension_mode":true,"campfire_upgraded":2,"path_taken":["M","M","$","?","?","E","R","M","T","R","?","M","$","E","R","BOSS","M","?","?","?","?","E"],"build_version":"2018-02-15-PROD1","purchased_purges":1,"victory":false,"master_deck":["Defend_G","Defend_G","Defend_G","Defend_G","Strike_G","Strike_G","Strike_G","Strike_G","Survivor","Neutralize","Bouncing Flask+1","Blur","Trip+1","Dagger Throw","Well Laid Plans","Bane","Bouncing Flask","Writhe","Deflect+1"],"max_hp_per_floor":[70,70,70,70,75,75,75,75,75,75,75,75,75,75,75,75,75,75,75,82,82,82],"relics":["Ring of the Snake","Snake Skull","Ninja Scroll","Centennial Puzzle","Black Star","Nloth\u0027s Gift","Strawberry"],"card_choices":[{"not_picked":["Underhanded Strike","Riddle With Holes"],"picked":"Bouncing Flask"},{"not_picked":["Infinite Blades","Acrobatics"],"picked":"Blur"},{"not_picked":["Dagger Spray","Finisher"],"picked":"Dagger Throw"},{"not_picked":["Skewer","Underhanded Strike"],"picked":"Well Laid Plans"},{"not_picked":["Crippling Poison","Setup"],"picked":"Bane"},{"not_picked":["Heel Hook","Sucker Punch"],"picked":"Bouncing Flask"},{"not_picked":["Night Terror","Backstab"],"picked":"Deflect"}],"player_experience":300313,"potions_floor_usage":[23],"damage_taken":[{"damage":1.0,"enemies":"Jaw Worm","floor":1.0,"turns":5.0},{"damage":1.0,"enemies":"Small Slimes","floor":2.0,"turns":3.0},{"damage":24.0,"enemies":"Gremlin Nob","floor":6.0,"turns":4.0},{"damage":4.0,"enemies":"2 Louse","floor":8.0,"turns":2.0},{"damage":0.0,"enemies":"Exordium Thugs","floor":11.0,"turns":2.0},{"damage":0.0,"enemies":"Exordium Wildlife","floor":12.0,"turns":2.0},{"damage":4.0,"enemies":"3 Sentries","floor":14.0,"turns":6.0},{"damage":14.0,"enemies":"Hexaghost","floor":16.0,"turns":8.0},{"damage":5.0,"enemies":"Spheric Guardian","floor":18.0,"turns":4.0},{"damage":9.0,"enemies":"3 Byrds","floor":21.0,"turns":3.0},{"damage":74,"enemies":"Gremlin Leader","floor":23,"turns":7}],"event_choices":[{"event_name":"Golden Wing","player_choice":"Card Removal","floor":4.0,"damage_taken":0.0},{"event_name":"Big Fish","player_choice":"Donut","floor":5.0,"damage_taken":0.0},{"event_name":"N\u0027loth","player_choice":"Traded a Bag of Preparation","floor":19.0,"damage_taken":0.0},{"event_name":"The Mausoleum","player_choice":"Yes","floor":20.0,"damage_taken":0.0},{"event_name":"Vampires","player_choice":"Ignored","floor":22.0,"damage_taken":0.0}],"boss_relics":[],"potions_floor_spawned":[8,11,12,18],"seed_played":"-1030893600306036092","killed_by":"Gremlin Leader","ascension_level":7,"is_trial":false}