{"path_per_floor":["M","M","?","?","M","R","E","R","T","M","M","E","R","M","R","B",null,"M","$","M","?","M","R"],"character_chosen":"DEFECT","items_purchased":["Torii"],"gold_per_floor":[116,134,209,209,223,223,257,257,257,272,286,314,314,324,324,422,422,439,53,67,67,81,81,81],"floor_reached":24,"campfire_rested":0,"playtime":1215,"current_hp_per_floor":[66,66,55,55,55,55,37,37,37,36,35,25,25,23,23,4,57,57,57,54,54,53,53,0],"items_purged":["Defend_B"],"gold":81,"score":302,"play_id":"eb5d2a66-f1a3-44c5-9a40-4d69346367a3","local_time":"20180517202056","is_prod":false,"is_daily":false,"chose_seed":false,"is_ascension_mode":true,"campfire_upgraded":5,"timestamp":1526581256,"campfire_choices":[{"data":"Zap","floor":6,"key":"SMITH"},{"data":"Redo","floor":8,"key":"SMITH"},{"data":"Coolheaded","floor":13,"key":"SMITH"},{"data":"Coolheaded","floor":15,"key":"SMITH"},{"data":"Seek","floor":23,"key":"SMITH"}],"path_taken":["M","M","?","?","M","R","E","R","T","M","M","E","R","M","R","BOSS","M","$","M","?","M","R","E"],"build_version":"2018-05-17","seed_source_timestamp":302883347740481,"purchased_purges":1,"victory":false,"master_deck":["Strike_B","Defend_B","Defend_B","Zap+1","Dualcast","Reboot","Conserve Battery","Ball Lightning","Redo+1","Coolheaded+1","Sweeping Beam","Coolheaded+1","Seek+1","BootSequence+1","Reboot+1","Multi-Cast+1","Melter","FTL","Gash+1"],"max_hp_per_floor":[75,75,75,75,75,75,75,75,75,75,75,75,75,75,75,75,75,75,75,75,75,75,75,75],"relics":["Cracked Core","Gremlin Horn","Omamori","Prayer Wheel","Astrolabe","Torii"],"card_choices":[{"not_picked":["Leap","Gash","Self Repair"],"picked":"SKIP","floor":1},{"not_picked":["Capacitor","Rebound"],"picked":"Conserve Battery","floor":2},{"not_picked":["Recycle","Doom and Gloom"],"picked":"Ball Lightning","floor":5},{"not_picked":["Stack","Turbo"],"picked":"Redo","floor":7},{"not_picked":["Axe Kick","Leap","Consume"],"picked":"SKIP","floor":10},{"not_picked":["Barrage","Ball Lightning"],"picked":"Coolheaded","floor":11},{"not_picked":["Amplify","Gash"],"picked":"Sweeping Beam","floor":12},{"not_picked":["Hologram","Axe Kick"],"picked":"Coolheaded","floor":14},{"not_picked":["Reinforced Body","Redo","Doom and Gloom"],"picked":"SKIP","floor":14},{"not_picked":["Buffer","Fission"],"picked":"Seek","floor":16},{"not_picked":["Barrage","Axe Kick+1","Gash"],"picked":"SKIP","floor":18},{"not_picked":["Scrape","Rebound","Stack"],"picked":"SKIP","floor":18},{"not_picked":["Conserve Battery","Go for the Eyes+1"],"picked":"Melter","floor":20},{"not_picked":["Skim","Conserve Battery"],"picked":"FTL","floor":20},{"not_picked":["Fission","Skim"],"picked":"Gash+1","floor":22},{"not_picked":["Loop","Streamline","Go for the Eyes"],"picked":"SKIP","floor":22}],"player_experience":678408,"potions_floor_usage":[7,12,24,24],"damage_taken":[{"damage":2,"enemies":"Jaw Worm","floor":1,"turns":3},{"damage":0,"enemies":"Small Slimes","floor":2,"turns":3},{"damage":0,"enemies":"Cultist","floor":5,"turns":3},{"damage":18,"enemies":"Gremlin Nob","floor":7,"turns":3},{"damage":1,"enemies":"3 Louse","floor":10,"turns":2},{"damage":1,"enemies":"2 Fungi Beasts","floor":11,"turns":2},{"damage":10,"enemies":"3 Sentries","floor":12,"turns":7},{"damage":2,"enemies":"Large Slime","floor":14,"turns":4},{"damage":19,"enemies":"The Guardian","floor":16,"turns":16},{"damage":0,"enemies":"Spheric Guardian","floor":18,"turns":3},{"damage":3,"enemies":"Shell Parasite","floor":20,"turns":8},{"damage":1,"enemies":"Snake Plant","floor":22,"turns":5},{"damage":56,"enemies":"Slavers","floor":24,"turns":4}],"relics_obtained":[{"floor":7,"key":"Gremlin Horn"},{"floor":9,"key":"Omamori"},{"floor":12,"key":"Prayer Wheel"}],"event_choices":[{"event_name":"World of Goop","player_choice":"Gather Gold","floor":3,"damage_taken":0},{"event_name":"Bonfire Elementals","player_choice":"BASIC","floor":4,"damage_taken":0},{"event_name":"Drug Dealer","player_choice":"Ignored","floor":21,"damage_taken":0}],"boss_relics":[{"not_picked":["Runic Dome","Philosopher\u0027s Stone"],"picked":"Astrolabe"}],"potions_floor_spawned":[2,10,12,16,18],"seed_played":"-8973236779663332297","killed_by":"Slavers","ascension_level":9,"potions_obtained":[{"floor":2,"key":"Poison Potion"},{"floor":10,"key":"SpeedPotion"},{"floor":12,"key":"SpeedPotion"},{"floor":16,"key":"SpeedPotion"},{"floor":18,"key":"SkillPotion"}],"is_trial":false}