{"gold_per_floor":[109,129,145,157,157,189,189,205,205,205,205,216,273,273,273,350,350,335,104,121,51,63,63,63],"floor_reached":24,"playtime":835,"items_purged":["Strike_B"],"score":368,"play_id":"03f07a69-a855-4d1d-a93e-fe6d6e141121","local_time":"20190112060619","is_ascension_mode":true,"campfire_choices":[{"data":"Zap","floor":7.0,"key":"SMITH"},{"data":"Barrage","floor":10.0,"key":"SMITH"},{"data":"Coolheaded","floor":15.0,"key":"SMITH"},{"data":"Consume","floor":23,"key":"SMITH"}],"neow_cost":"NONE","seed_source_timestamp":419005859585669,"circlet_count":0,"master_deck":["AscendersBane","Strike_B","Strike_B","Defend_B","Defend_B","Defend_B","Defend_B","Zap+1","Dualcast","Self Repair","Barrage+1","Melter","Ball Lightning","Conserve Battery","Coolheaded+1","Buffer","Compile Driver","Capacitor","Consume+1","Capacitor","Heatsinks"],"special_seed":0,"relics":["Cracked Core","Meat on the Bone","Dream Catcher","Mercury Hourglass","Tiny Chest","Pear","Black Star"],"potions_floor_usage":[24],"damage_taken":[{"damage":1.0,"enemies":"Cultist","floor":1.0,"turns":3.0},{"damage":8.0,"enemies":"Small Slimes","floor":2.0,"turns":4.0},{"damage":13.0,"enemies":"Jaw Worm","floor":3.0,"turns":4.0},{"damage":6.0,"enemies":"Blue Slaver","floor":4.0,"turns":4.0},{"damage":35.0,"enemies":"Lagavulin","floor":6.0,"turns":5.0},{"damage":6.0,"enemies":"Looter","floor":8.0,"turns":3.0},{"damage":15.0,"enemies":"Exordium Thugs","floor":12.0,"turns":5.0},{"damage":23.0,"enemies":"3 Sentries","floor":13.0,"turns":5.0},{"damage":27.0,"enemies":"Slime Boss","floor":16.0,"turns":9.0},{"damage":27.0,"enemies":"2 Thieves","floor":18.0,"turns":4.0},{"damage":19,"enemies":"Spheric Guardian","floor":20,"turns":4},{"damage":40,"enemies":"Snake Plant","floor":22,"turns":4},{"damage":44,"enemies":"Slavers","floor":24,"turns":2}],"seed_played":"2481469402068061457","potions_obtained":[{"floor":3.0,"key":"SkillPotion"},{"floor":6.0,"key":"SteroidPotion"},{"floor":13.0,"key":"Weak Potion"},{"floor":18.0,"key":"EssenceOfSteel"}],"is_trial":false,"path_per_floor":["M","M","M","M","?","E","R","M","T","R","T","M","E","T","R","B",null,"M","$","M","$","M","R","E"],"character_chosen":"DEFECT","items_purchased":["Capacitor","Consume","Capacitor"],"campfire_rested":0,"item_purchase_floors":[19,19,21],"current_hp_per_floor":[74,73,67,68,73,45,45,58,58,58,58,50,46,56,56,48,80,60,60,60,60,39,39,0],"gold":63,"neow_bonus":"TRANSFORM_CARD","is_prod":false,"is_daily":false,"chose_seed":false,"campfire_upgraded":4,"win_rate":0,"timestamp":1547269579,"path_taken":["M","?","?","M","?","E","R","M","T","R","?","M","E","?","R","BOSS","M","$","M","$","M","R","E"],"build_version":"2019-01-10","purchased_purges":1,"victory":false,"max_hp_per_floor":[75,75,75,75,80,80,80,80,80,80,80,80,80,90,90,90,90,90,90,90,90,90,90,90],"card_choices":[{"not_picked":["Streamline","Skim","Lockon"],"picked":"SKIP","floor":1.0},{"not_picked":["Turbo","Streamline"],"picked":"Barrage","floor":2.0},{"not_picked":["Barrage","Leap"],"picked":"Melter","floor":3.0},{"not_picked":["Reinforced Body","White Noise"],"picked":"Ball Lightning","floor":4.0},{"not_picked":["Barrage","Ball Lightning"],"picked":"Conserve Battery","floor":6.0},{"not_picked":["Skim","Echo Form","Go for the Eyes"],"picked":"SKIP","floor":8.0},{"not_picked":["Storm","Fusion"],"picked":"Coolheaded","floor":12.0},{"not_picked":["Undo","Ball Lightning","Chaos"],"picked":"SKIP","floor":13.0},{"not_picked":["Multi-Cast","Reboot"],"picked":"Buffer","floor":16.0},{"not_picked":["Double Energy","Redo"],"picked":"Compile Driver","floor":18.0},{"not_picked":["Leap+1","Static Discharge","Chaos"],"picked":"SKIP","floor":20},{"not_picked":["Auto Shields","Hello World+1"],"picked":"Heatsinks","floor":22}],"player_experience":701103,"relics_obtained":[{"floor":6.0,"key":"Meat on the Bone"},{"floor":9.0,"key":"Dream Catcher"},{"floor":11.0,"key":"Mercury Hourglass"},{"floor":13.0,"key":"Tiny Chest"},{"floor":14.0,"key":"Pear"}],"event_choices":[{"damage_healed":0.0,"max_hp_gain":5.0,"max_hp_loss":0.0,"gold_gain":0.0,"event_name":"Big Fish","player_choice":"Donut","floor":5.0,"gold_loss":0.0,"damage_taken":0.0}],"is_beta":false,"boss_relics":[{"not_picked":["Philosopher\u0027s Stone","Fusion Hammer"],"picked":"Black Star"}],"items_purged_floors":[19],"is_endless":false,"potions_floor_spawned":[3,6,8,13,18],"killed_by":"Slavers","ascension_level":13}