{"gold_per_floor":[109,109,28,46,46,71,71,85,108,108,36,36,53,69,69,144,144,163,213,224,115,128,128,28,78,78,88,104,133,133,133,133,207,207,226,226,246,264,3,28,81,81,81,57,85,85,85,96,96,96],"floor_reached":51,"playtime":1805,"items_purged":["Strike_R","Strike_R"],"score":1228,"play_id":"69a46c69-644b-4f51-a943-c65d055b3dd6","local_time":"20190114234616","is_ascension_mode":true,"campfire_choices":[{"data":"Flame Barrier","floor":7.0,"key":"SMITH"},{"floor":10.0,"key":"REST"},{"data":"Inflame","floor":12.0,"key":"SMITH"},{"data":"Inflame","floor":15.0,"key":"SMITH"},{"data":"Heavy Blade","floor":23.0,"key":"SMITH"},{"data":"Battle Trance","floor":30,"key":"SMITH"},{"data":"Offering","floor":32,"key":"SMITH"},{"data":"Shrug It Off","floor":42,"key":"SMITH"},{"data":"Reaper","floor":46,"key":"SMITH"},{"data":"Heavy Blade","floor":49,"key":"SMITH"}],"neow_cost":"TEN_PERCENT_HP_LOSS","seed_source_timestamp":594267318356802,"circlet_count":0,"master_deck":["AscendersBane","Strike_R","Strike_R","Defend_R","Defend_R","Defend_R","Defend_R","Bash+1","Shrug It Off+1","Flame Barrier+1","Twin Strike","Inflame+1","Inflame+1","Iron Wave","Cleave","Offering+1","Dropkick","Heavy Blade+1","Ghostly Armor","Battle Trance+1","Reaper+1","Iron Wave+1","Headbutt","Heavy Blade+1"],"special_seed":0,"relics":["Burning Blood","Thread and Needle","Dream Catcher","Strawberry","Coffee Dripper","Mango","Happy Flower","Sozu","Bottled Lightning","Potion Belt","Du-Vu Doll","Mercury Hourglass","Paper Frog"],"potions_floor_usage":[33,33,50],"damage_taken":[{"damage":2.0,"enemies":"Jaw Worm","floor":1.0,"turns":5.0},{"damage":0.0,"enemies":"Small Slimes","floor":4.0,"turns":5.0},{"damage":38.0,"enemies":"3 Sentries","floor":6.0,"turns":13.0},{"damage":2.0,"enemies":"Cultist","floor":8.0,"turns":4.0},{"damage":0.0,"enemies":"2 Fungi Beasts","floor":13.0,"turns":3.0},{"damage":8.0,"enemies":"Lots of Slimes","floor":14.0,"turns":5.0},{"damage":56.0,"enemies":"Hexaghost","floor":16.0,"turns":9.0},{"damage":6.0,"enemies":"Spheric Guardian","floor":18.0,"turns":3.0},{"damage":11.0,"enemies":"Shell Parasite","floor":20.0,"turns":3.0},{"damage":15.0,"enemies":"Centurion and Healer","floor":22.0,"turns":4.0},{"damage":14.0,"enemies":"Cultist and Chosen","floor":27.0,"turns":4.0},{"damage":0.0,"enemies":"Snecko","floor":28.0,"turns":5.0},{"damage":16.0,"enemies":"Book of Stabbing","floor":29.0,"turns":4.0},{"damage":29,"enemies":"Automaton","floor":33,"turns":10},{"damage":4,"enemies":"3 Shapes","floor":35,"turns":5},{"damage":6,"enemies":"Orb Walker","floor":37,"turns":3},{"damage":27,"enemies":"Maw","floor":38,"turns":6},{"damage":36,"enemies":"Reptomancer","floor":40,"turns":6},{"damage":55,"enemies":"2 Orb Walkers","floor":41,"turns":5},{"damage":15,"enemies":"Giant Head","floor":45,"turns":6},{"damage":6,"enemies":"4 Shapes","floor":48,"turns":3},{"damage":65,"enemies":"Awakened One","floor":50,"turns":10}],"seed_played":"-5624028798512192173","potions_obtained":[{"floor":1.0,"key":"SteroidPotion"},{"floor":4.0,"key":"BloodPotion"},{"floor":6.0,"key":"LiquidBronze"},{"floor":8.0,"key":"PowerPotion"},{"floor":18.0,"key":"SpeedPotion"},{"floor":27.0,"key":"Energy Potion"},{"floor":33,"key":"PowerPotion"}],"is_trial":false,"path_per_floor":["M","?","$","M","?","E","R","M","T","R","$","R","M","M","R","B",null,"M","?","M","$","M","R","$","?","T","M","M","E","R","?","R","B",null,"M","?","M","M","$","E","?","R","T","$","E","R","?","M","R","B",null],"character_chosen":"IRONCLAD","items_purchased":["Flame Barrier","Inflame","Dropkick","Bottled Lightning","Headbutt"],"campfire_rested":1,"item_purchase_floors":[3,11,21,39,44],"current_hp_per_floor":[68,61,61,67,67,35,35,39,46,68,68,68,74,72,72,22,62,62,62,57,57,48,48,48,48,62,54,60,50,50,24,24,10,73,75,75,89,68,68,49,30,30,30,30,37,37,73,73,73,35],"gold":96,"neow_bonus":"ONE_RARE_RELIC","is_prod":false,"is_daily":false,"chose_seed":false,"campfire_upgraded":9,"win_rate":0,"timestamp":1547505976,"path_taken":["M","?","$","M","?","E","R","M","T","R","$","R","M","?","R","BOSS","M","?","?","$","M","R","$","?","T","?","M","E","R","?","R","BOSS","M","?","M","M","$","E","?","R","T","$","E","R","?","M","R","BOSS"],"build_version":"2019-01-10","purchased_purges":2,"victory":true,"max_hp_per_floor":[68,68,68,68,68,68,68,68,75,75,75,75,75,75,75,75,75,75,75,75,75,75,75,75,75,89,89,89,89,89,94,94,94,94,94,89,89,89,89,89,89,89,89,89,89,89,73,73,73,73],"card_choices":[{"not_picked":["Armaments","Perfected Strike"],"picked":"Shrug It Off","floor":1.0},{"not_picked":["Dual Wield","Sever Soul","Flex"],"picked":"SKIP","floor":4.0},{"not_picked":["Carnage","True Grit","Blood for Blood"],"picked":"SKIP","floor":6.0},{"not_picked":["Body Slam","Sentinel"],"picked":"Twin Strike","floor":8.0},{"not_picked":["Whirlwind","Ghostly Armor"],"picked":"Inflame","floor":10.0},{"not_picked":["True Grit","Headbutt"],"picked":"Iron Wave","floor":13.0},{"not_picked":["Shockwave","Searing Blow"],"picked":"Cleave","floor":14.0},{"not_picked":["Bludgeon","Berserk"],"picked":"Offering","floor":16.0},{"not_picked":["Fire Breathing","Corruption","Wild Strike"],"picked":"SKIP","floor":18.0},{"not_picked":["Iron Wave","Flex","Dual Wield"],"picked":"SKIP","floor":20.0},{"not_picked":["Intimidate+1","Metallicize"],"picked":"Heavy Blade","floor":22.0},{"not_picked":["Dropkick","True Grit"],"picked":"Ghostly Armor","floor":27.0},{"not_picked":["Clash","Perfected Strike","Shockwave"],"picked":"SKIP","floor":28.0},{"not_picked":["Clash","Whirlwind+1"],"picked":"Battle Trance","floor":29.0},{"not_picked":["Bludgeon","Feed"],"picked":"Reaper","floor":33},{"not_picked":["Clash","Perfected Strike","Infernal Blade"],"picked":"SKIP","floor":35},{"not_picked":["Clash","Perfected Strike","Infernal Blade"],"picked":"SKIP","floor":35},{"not_picked":["Sword Boomerang","Pommel Strike","Blood for Blood"],"picked":"SKIP","floor":37},{"not_picked":["Iron Wave","True Grit+1","Whirlwind+1"],"picked":"SKIP","floor":38},{"not_picked":["Iron Wave","True Grit+1","Whirlwind+1"],"picked":"SKIP","floor":38},{"not_picked":["Anger","Second Wind+1","Armaments+1"],"picked":"SKIP","floor":40},{"not_picked":["Intimidate","Armaments"],"picked":"Iron Wave+1","floor":41},{"not_picked":["Hemokinesis","Pummel","Bloodletting"],"picked":"SKIP","floor":45},{"not_picked":["Cleave+1","Anger"],"picked":"Heavy Blade","floor":48}],"player_experience":739795,"relics_obtained":[{"floor":6.0,"key":"Dream Catcher"},{"floor":9.0,"key":"Strawberry"},{"floor":26.0,"key":"Mango"},{"floor":29.0,"key":"Happy Flower"},{"floor":40,"key":"Potion Belt"},{"floor":41,"key":"Du-Vu Doll"},{"floor":43,"key":"Mercury Hourglass"},{"floor":45,"key":"Paper Frog"}],"event_choices":[{"cards_removed":["Strike_R"],"damage_healed":0.0,"max_hp_gain":0.0,"max_hp_loss":0.0,"gold_gain":0.0,"event_name":"Golden Wing","player_choice":"Card Removal","floor":2.0,"gold_loss":0.0,"damage_taken":7.0},{"damage_healed":0.0,"max_hp_gain":0.0,"max_hp_loss":0.0,"gold_gain":0.0,"event_name":"Upgrade Shrine","player_choice":"Upgraded","floor":5.0,"gold_loss":0.0,"damage_taken":0.0,"cards_upgraded":["Bash"]},{"damage_healed":0.0,"max_hp_gain":0.0,"max_hp_loss":0.0,"gold_gain":100.0,"event_name":"The Joust","player_choice":"Bet on Murderer","floor":19.0,"gold_loss":50.0,"damage_taken":0.0},{"damage_healed":0.0,"max_hp_gain":0.0,"max_hp_loss":0.0,"gold_gain":50.0,"event_name":"Golden Shrine","player_choice":"Pray","floor":25.0,"gold_loss":0.0,"damage_taken":0.0},{"damage_healed":0,"gold_gain":0,"player_choice":"Shed Blood","damage_taken":31,"max_hp_gain":5,"max_hp_loss":0,"event_name":"Forgotten Altar","floor":31,"gold_loss":0},{"damage_healed":0,"gold_gain":0,"player_choice":"Max HP","damage_taken":0,"max_hp_gain":0,"max_hp_loss":5,"event_name":"Winding Halls","floor":36,"gold_loss":0},{"damage_healed":0,"gold_gain":0,"player_choice":"Fight","damage_taken":0,"max_hp_gain":0,"max_hp_loss":0,"event_name":"Mysterious Sphere","floor":41,"gold_loss":0},{"damage_healed":73,"gold_gain":0,"player_choice":"Heal","damage_taken":0,"max_hp_gain":0,"max_hp_loss":16,"event_name":"The Moai Head","floor":47,"gold_loss":0}],"is_beta":false,"boss_relics":[{"not_picked":["Pandora\u0027s Box","Black Star"],"picked":"Coffee Dripper"},{"not_picked":["Mark of Pain","Philosopher\u0027s Stone"],"picked":"Sozu"}],"items_purged_floors":[21,24],"is_endless":false,"potions_floor_spawned":[1,4,6,8,18,27,33,38,40,41,45],"ascension_level":15}