{"path_per_floor":["M","M","M","?","$","R","M","R","T","E","?","R","$","M","R","B",null,"M","M","?","?","M","E","M","R","T","M","$","T","$","M","R","B",null,"M","M","$","?","M","R","?","R","T","R","$","M","T","M","R","B"],"character_chosen":"DEFECT","items_purchased":["Defragment","Defragment","Go for the Eyes+1","Electrodynamics"],"gold_per_floor":[111,124,139,139,70,70,86,86,86,121,121,121,44,56,56,161,161,179,190,190,190,202,227,237,237,291,304,207,207,49,69,69,172,172,184,204,104,104,121,121,121,121,144,144,19,38,89,107,107,107],"floor_reached":51,"campfire_rested":3,"playtime":2434,"item_purchase_floors":[],"current_hp_per_floor":[66,66,60,42,42,42,41,41,41,41,41,41,41,38,38,35,70,69,65,65,65,45,11,4,28,28,23,23,23,23,15,15,7,63,26,21,21,48,18,44,44,44,44,44,44,25,25,25,51,15],"items_purged":["Defend_B","Strike_B","Defend_B"],"gold":107,"score":945,"play_id":"6985bdb2-806e-49dd-b935-9b70d5a9377d","local_time":"20180521133640","is_prod":false,"is_daily":false,"chose_seed":false,"is_ascension_mode":true,"campfire_upgraded":3,"timestamp":1526902600,"campfire_choices":[{"data":"Defragment","floor":6.0,"key":"SMITH"},{"data":"Dualcast","floor":8.0,"key":"SMITH"},{"data":"Strike_B","floor":12.0,"key":"PURGE"},{"data":"Strike_B","floor":15.0,"key":"PURGE"},{"floor":25.0,"key":"REST"},{"data":"Defragment","floor":32.0,"key":"SMITH"},{"floor":40.0,"key":"REST"},{"data":"Writhe","floor":42.0,"key":"PURGE"},{"data":"Writhe","floor":44.0,"key":"PURGE"},{"floor":49,"key":"REST"}],"path_taken":["M","M","M","?","$","R","M","R","T","E","?","R","$","M","R","BOSS","M","M","?","?","M","E","?","R","T","M","?","?","$","?","R","BOSS","M","M","$","?","M","R","?","R","T","R","$","?","?","?","R","BOSS"],"build_version":"2018-05-18","seed_source_timestamp":188015841169842,"purchased_purges":3,"victory":true,"master_deck":["Strike_B","Defend_B","Defend_B","Zap+1","Dualcast+1","Steam","Glacier","Defragment+1","Sweeping Beam","Blizzard","Defragment+1","Machine Learning","Coolheaded","Coolheaded","Go for the Eyes+1","Electrodynamics","Rebound+1","Recycle+1","Hologram+1","Coolheaded+1"],"max_hp_per_floor":[75,75,75,75,75,75,75,75,75,82,82,82,82,82,82,82,82,82,82,82,82,82,82,82,82,82,82,82,82,82,82,82,82,82,82,82,82,88,88,88,88,88,88,88,88,88,88,88,88,88],"relics":["Cracked Core","Emotion Chip","Peace Pipe","Strawberry","Orrery","Letter Opener","Molten Egg 2","Tiny Chest","Darkstone Periapt","Sozu","Bronze Scales","Oddly Smooth Stone"],"card_choices":[{"not_picked":["Heatsinks","Rebound"],"picked":"Steam","floor":1.0},{"not_picked":["Hologram","Ball Lightning","Tempest"],"picked":"SKIP","floor":2.0},{"not_picked":["Leap","Recycle"],"picked":"Glacier","floor":3.0},{"not_picked":["All For One","Go for the Eyes"],"picked":"Sweeping Beam","floor":7.0},{"not_picked":["Force Field","Cold Snap"],"picked":"Blizzard","floor":10.0},{"not_picked":["Skim","Sweeping Beam","Rebound"],"picked":"SKIP","floor":14.0},{"not_picked":["Thunder Strike","Creative AI"],"picked":"Machine Learning","floor":16.0},{"not_picked":["Axe Kick","Steam"],"picked":"Coolheaded","floor":17.0},{"not_picked":["Reinforced Body","Darkness","Buffer"],"picked":"SKIP","floor":18.0},{"not_picked":["Cold Snap","Beam Cell","Stack"],"picked":"SKIP","floor":19.0},{"not_picked":["Capacitor","Skim+1"],"picked":"Coolheaded","floor":22.0},{"not_picked":["Streamline","Consume","Fusion+1"],"picked":"SKIP","floor":23.0},{"not_picked":["Doom and Gloom+1","Undo","Skim"],"picked":"SKIP","floor":24.0},{"not_picked":["Stack","Fusion+1","Sweeping Beam+1"],"picked":"SKIP","floor":27.0},{"not_picked":["Redo","Beam Cell+1"],"picked":"Rebound+1","floor":31.0},{"not_picked":["Steam+1","Undo+1"],"picked":"Recycle+1","floor":35.0},{"not_picked":["Axe Kick+1","Ball Lightning+1","Beam Cell+1"],"picked":"SKIP","floor":36.0},{"not_picked":["Barrage+1","Rebound+1"],"picked":"Hologram+1","floor":39.0},{"not_picked":["Fusion+1","Ball Lightning+1","Chaos+1"],"picked":"SKIP","floor":46.0},{"not_picked":["Skim+1","Sweeping Beam+1"],"picked":"Coolheaded+1","floor":48}],"player_experience":699452,"potions_floor_usage":[],"damage_taken":[{"damage":2.0,"enemies":"Jaw Worm","floor":1.0,"turns":3.0},{"damage":0.0,"enemies":"Small Slimes","floor":2.0,"turns":3.0},{"damage":6.0,"enemies":"Cultist","floor":3.0,"turns":3.0},{"damage":1.0,"enemies":"3 Louse","floor":7.0,"turns":3.0},{"damage":7.0,"enemies":"Lagavulin","floor":10.0,"turns":7.0},{"damage":3.0,"enemies":"Red Slaver","floor":14.0,"turns":2.0},{"damage":3.0,"enemies":"Slime Boss","floor":16.0,"turns":13.0},{"damage":1.0,"enemies":"Spheric Guardian","floor":18.0,"turns":6.0},{"damage":4.0,"enemies":"Shell Parasite","floor":19.0,"turns":10.0},{"damage":20.0,"enemies":"Snake Plant","floor":22.0,"turns":6.0},{"damage":34.0,"enemies":"Slavers","floor":23.0,"turns":8.0},{"damage":7.0,"enemies":"Chosen and Byrds","floor":24.0,"turns":9.0},{"damage":5.0,"enemies":"Centurion and Healer","floor":27.0,"turns":9.0},{"damage":8.0,"enemies":"Slaver and Parasite","floor":31.0,"turns":7.0},{"damage":8.0,"enemies":"Collector","floor":33.0,"turns":13.0},{"damage":37.0,"enemies":"3 Darklings","floor":35.0,"turns":5.0},{"damage":5.0,"enemies":"Orb Walker","floor":36.0,"turns":5.0},{"damage":30.0,"enemies":"Sphere and 2 Shapes","floor":39.0,"turns":7.0},{"damage":19.0,"enemies":"4 Shapes","floor":46.0,"turns":3.0},{"damage":0,"enemies":"Flame Bruiser 2 Orb","floor":48,"turns":8},{"damage":36,"enemies":"Donu and Deca","floor":50,"turns":11}],"relics_obtained":[{"floor":9.0,"key":"Peace Pipe"},{"floor":10.0,"key":"Strawberry"},{"floor":23.0,"key":"Molten Egg 2"},{"floor":26.0,"key":"Tiny Chest"},{"floor":29.0,"key":"Darkstone Periapt"},{"floor":43.0,"key":"Bronze Scales"},{"floor":47.0,"key":"Oddly Smooth Stone"}],"event_choices":[{"event_name":"Scrap Ooze","player_choice":"success","floor":4.0,"damage_taken":18.0},{"event_name":"Accursed Blacksmith","player_choice":"Ignore","floor":11.0,"damage_taken":0.0},{"event_name":"Cursed Tome","player_choice":"Ignored","floor":20.0,"damage_taken":0.0},{"event_name":"The Mausoleum","player_choice":"Yes","floor":21.0,"damage_taken":0.0},{"event_name":"Winding Halls","player_choice":"Writhe","floor":38.0,"damage_taken":0.0},{"event_name":"Mysterious Sphere","player_choice":"Ignore","floor":41.0,"damage_taken":0.0}],"boss_relics":[],"items_purged_floors":[],"potions_floor_spawned":[2,3,18,23,24,27,31,33,35,39],"seed_played":"-6830756266880112237","ascension_level":9,"potions_obtained":[{"floor":2.0,"key":"Strength Potion"},{"floor":3.0,"key":"Dexterity Potion"},{"floor":18.0,"key":"GamblersBrew"},{"floor":23.0,"key":"FocusPotion"},{"floor":24.0,"key":"Energy Potion"},{"floor":27.0,"key":"AttackPotion"},{"floor":31.0,"key":"EntropicBrew"},{"floor":33.0,"key":"SteroidPotion"}],"is_trial":false}