{"gold_per_floor":[118,129,79,90,90,90,120,130,179,179,210,229,264,42,42,147,147,161,161,161,86,97,128,128,82,105,136,148,0,25,52,64,174,186,218,81,99,99,146,146,159,159,159,172,203,203],"floor_reached":46,"playtime":2120,"items_purged":["Strike_B"],"score":584,"play_id":"7f863883-c88e-4788-8061-b7b67ecd0cb9","local_time":"20190725134530","is_ascension_mode":true,"campfire_choices":[{"data":"Echo Form","floor":6,"key":"SMITH"},{"data":"Dualcast","floor":10,"key":"SMITH"},{"floor":15,"key":"REST"},{"data":"Double Energy","floor":24,"key":"SMITH"},{"floor":28,"key":"REST"},{"data":"Defragment","floor":32,"key":"SMITH"},{"floor":40,"key":"REST"}],"neow_cost":"NONE","seed_source_timestamp":82612371669722,"circlet_count":0,"master_deck":["Strike_B+1","Strike_B+1","Defend_B+1","Defend_B+1","Defend_B+1","Defend_B+1","Dualcast+1","Coolheaded","Glacier","Echo Form+1","Leap","Conserve Battery","Conserve Battery","Double Energy+1","Defragment+1","Meteor Strike","Core Surge","Darkness+1","Biased Cognition","Hologram","Rebound+1","Sunder+1","Steam Power","Creative AI","Hyperbeam","Capacitor+1","Panacea","Defragment+1","Chill"],"relics":["Lizard Tail","Pantograph","Oddly Smooth Stone","Boot","Darkstone Periapt","Black Star","Symbiotic Virus","Mercury Hourglass","Potion Belt","Blood Vial","MawBank","StoneCalendar","Philosopher\u0027s Stone","Juzu Bracelet","Unceasing Top","Frozen Egg 2","Bottled Tornado"],"potions_floor_usage":[7,11,16,16,23,33,35,39,39,45,45],"damage_taken":[{"damage":13,"enemies":"Cultist","floor":1,"turns":5},{"damage":1,"enemies":"2 Louse","floor":2,"turns":4},{"damage":1,"enemies":"Jaw Worm","floor":4,"turns":5},{"damage":8,"enemies":"Lagavulin","floor":7,"turns":17},{"damage":0,"enemies":"2 Fungi Beasts","floor":8,"turns":7},{"damage":87,"enemies":"Gremlin Nob","floor":11,"turns":10},{"damage":0,"enemies":"Blue Slaver","floor":12,"turns":5},{"damage":0,"enemies":"Lagavulin","floor":13,"turns":12},{"damage":23,"enemies":"Slime Boss","floor":16,"turns":16},{"damage":5,"enemies":"Chosen","floor":18,"turns":10},{"damage":0,"enemies":"3 Byrds","floor":22,"turns":6},{"damage":0,"enemies":"Book of Stabbing","floor":23,"turns":6},{"damage":54,"enemies":"Gremlin Leader","floor":27,"turns":10},{"damage":0,"enemies":"Snake Plant","floor":30,"turns":7},{"damage":0,"enemies":"Chosen and Byrds","floor":31,"turns":6},{"damage":45,"enemies":"Automaton","floor":33,"turns":9},{"damage":23,"enemies":"Orb Walker","floor":35,"turns":4},{"damage":0,"enemies":"3 Darklings","floor":37,"turns":5},{"damage":34,"enemies":"2 Orb Walkers","floor":39,"turns":4},{"damage":19,"enemies":"4 Shapes","floor":41,"turns":6},{"damage":15,"enemies":"Jaw Worm Horde","floor":44,"turns":5},{"damage":26,"enemies":"Nemesis","floor":45,"turns":9},{"damage":11,"enemies":"Maw","floor":46,"turns":4}],"seed_played":"-7041944116063747399","potions_obtained":[{"floor":2,"key":"Ancient Potion"},{"floor":5,"key":"Fire Potion"},{"floor":5,"key":"SkillPotion"},{"floor":12,"key":"PowerPotion"},{"floor":13,"key":"FocusPotion"},{"floor":16,"key":"FairyPotion"},{"floor":18,"key":"Energy Potion"},{"floor":22,"key":"FocusPotion"},{"floor":27,"key":"Swift Potion"},{"floor":30,"key":"Fire Potion"},{"floor":33,"key":"AttackPotion"},{"floor":41,"key":"GamblersBrew"},{"floor":44,"key":"PowerPotion"}],"is_trial":false,"path_per_floor":["M","M","?","M","?","R","E","M","T","R","E","M","E","$","R","B",null,"M","?","T","?","M","E","R","$","T","E","R","?","M","M","R","B",null,"M","$","M","?","?","R","M","?","T","M","E","M"],"character_chosen":"DEFECT","items_purchased":["Defragment","Meteor Strike","Hologram","Juzu Bracelet"],"campfire_rested":3,"item_purchase_floors":[14,14,25,36],"current_hp_per_floor":[62,61,61,60,60,60,52,52,52,52,20,20,20,20,42,44,75,70,70,70,70,70,70,70,70,70,18,40,40,42,44,44,26,75,52,52,54,54,22,44,27,27,27,14,5,0],"gold":203,"neow_bonus":"BOSS_RELIC","is_prod":false,"is_daily":false,"chose_seed":false,"campfire_upgraded":4,"win_rate":0,"timestamp":1564080330,"path_taken":["M","M","?","M","?","R","E","?","T","R","E","M","E","$","R","BOSS","M","?","?","?","M","E","R","$","T","E","R","?","M","M","R","BOSS","M","$","M","?","?","R","M","?","T","M","E","M"],"build_version":"2019-07-17","purchased_purges":1,"victory":false,"max_hp_per_floor":[75,75,75,75,75,75,75,75,75,75,75,75,75,75,75,75,75,75,75,75,75,75,75,75,75,75,75,75,75,75,75,75,75,75,75,75,75,75,75,75,75,75,75,75,75,75],"card_choices":[{"not_picked":["Hologram","Stack"],"picked":"Coolheaded","floor":1},{"not_picked":["Conserve Battery","Rebound"],"picked":"Glacier","floor":2},{"not_picked":["Tempest","Static Discharge"],"picked":"Echo Form","floor":4},{"not_picked":["Turbo","Sweeping Beam"],"picked":"Leap","floor":7},{"not_picked":["Undo","Go for the Eyes"],"picked":"Conserve Battery","floor":8},{"not_picked":["Machine Learning","Seek"],"picked":"Conserve Battery","floor":11},{"not_picked":["Skim","Turbo"],"picked":"Double Energy","floor":12},{"not_picked":["Go for the Eyes","Rip and Tear"],"picked":"Steam","floor":13},{"not_picked":["All For One","Thunder Strike"],"picked":"Core Surge","floor":16},{"not_picked":["Steam","Ball Lightning"],"picked":"Darkness+1","floor":18},{"not_picked":["Beam Cell","Tempest+1","Auto Shields"],"picked":"SKIP","floor":22},{"not_picked":["Redo","Rip and Tear"],"picked":"Biased Cognition","floor":23},{"not_picked":["Ball Lightning","Beam Cell"],"picked":"Rebound+1","floor":27},{"not_picked":["Redo","Barrage"],"picked":"Sunder+1","floor":30},{"not_picked":["Go for the Eyes","Hologram"],"picked":"Steam Power","floor":31},{"not_picked":["Fission","Rainbow"],"picked":"Creative AI","floor":33},{"not_picked":["Gash+1","Sweeping Beam","Go for the Eyes"],"picked":"SKIP","floor":35},{"not_picked":["Cold Snap+1","Gash+1"],"picked":"Hyperbeam","floor":37},{"not_picked":["Loop+1","Stack+1"],"picked":"Capacitor+1","floor":41},{"not_picked":["Magnetism","Jack Of All Trades"],"picked":"Panacea","floor":42},{"not_picked":["Go for the Eyes","Ball Lightning"],"picked":"Defragment+1","floor":44},{"not_picked":["Genetic Algorithm","Seek"],"picked":"Chill","floor":45}],"player_experience":127897,"relics_obtained":[{"floor":7,"key":"Pantograph"},{"floor":9,"key":"Oddly Smooth Stone"},{"floor":11,"key":"Boot"},{"floor":13,"key":"Darkstone Periapt"},{"floor":20,"key":"Symbiotic Virus"},{"floor":23,"key":"Mercury Hourglass"},{"floor":23,"key":"Potion Belt"},{"floor":26,"key":"Blood Vial"},{"floor":27,"key":"MawBank"},{"floor":27,"key":"StoneCalendar"},{"floor":39,"key":"Unceasing Top"},{"floor":45,"key":"Frozen Egg 2"},{"floor":45,"key":"Bottled Tornado"}],"event_choices":[{"cards_removed":["Strike_B"],"damage_healed":0,"gold_gain":0,"player_choice":"Card Removal","damage_taken":0,"max_hp_gain":0,"max_hp_loss":0,"event_name":"The Cleric","floor":3,"gold_loss":50},{"damage_healed":0,"gold_gain":0,"player_choice":"Got Potions","damage_taken":0,"max_hp_gain":0,"max_hp_loss":0,"event_name":"Lab","floor":5,"gold_loss":0},{"damage_healed":0,"gold_gain":0,"player_choice":"Simplicity","damage_taken":0,"max_hp_gain":0,"max_hp_loss":0,"event_name":"Back to Basics","floor":19,"gold_loss":0,"cards_upgraded":["Strike_B","Strike_B","Defend_B","Defend_B","Defend_B","Defend_B"]},{"cards_removed":["Zap"],"damage_healed":0,"gold_gain":0,"player_choice":"Gave Gold","damage_taken":0,"max_hp_gain":0,"max_hp_loss":0,"event_name":"Beggar","floor":21,"gold_loss":75},{"damage_healed":0,"gold_gain":0,"player_choice":"Paid Fearfully","damage_taken":0,"max_hp_gain":0,"max_hp_loss":0,"event_name":"Masked Bandits","floor":29,"gold_loss":160},{"cards_removed":["Steam"],"damage_healed":0,"gold_gain":0,"player_choice":"Removed Skill","damage_taken":0,"max_hp_gain":0,"max_hp_loss":0,"event_name":"Falling","floor":38,"gold_loss":0},{"damage_healed":0,"gold_gain":0,"player_choice":"Fight","damage_taken":0,"max_hp_gain":0,"max_hp_loss":0,"event_name":"Mysterious Sphere","floor":39,"gold_loss":0},{"damage_healed":0,"gold_gain":0,"player_choice":"Memory 1","damage_taken":0,"max_hp_gain":0,"max_hp_loss":0,"event_name":"SensoryStone","floor":42,"gold_loss":0}],"is_beta":false,"boss_relics":[{"not_picked":["Cursed Key","Sozu"],"picked":"Black Star"},{"not_picked":["Astrolabe","Orrery"],"picked":"Philosopher\u0027s Stone"}],"items_purged_floors":[14],"is_endless":false,"potions_floor_spawned":[2,12,13,16,18,22,27,30,33,41,44],"killed_by":"Maw","ascension_level":1}