{"path_per_floor":["M","$","M","M","?","?","M","R","T","T","$","R","E","M","R","B",null,"M","$","?","$","?","R","E","M","T","?","$","E","R","M","R","B",null,"M","M","$","M","M","R","M","E","T","E","$","?","R","T","R","B"],"character_chosen":"DEFECT","items_purchased":["Defragment","DataDisk","Runic Capacitor","Coolheaded+1"],"gold_per_floor":[112,37,47,62,62,62,82,82,82,82,47,47,82,99,99,202,202,182,26,26,26,0,0,31,43,43,43,43,77,77,91,91,192,192,205,219,26,43,63,63,75,108,108,133,38,38,38,65,65,65],"floor_reached":51,"campfire_rested":2,"playtime":2817,"item_purchase_floors":[],"current_hp_per_floor":[61,61,59,59,44,44,43,43,43,43,43,43,33,33,33,17,61,58,58,58,58,58,58,58,58,58,58,58,28,50,46,46,35,65,65,65,65,65,61,61,54,54,54,44,44,44,44,44,66,66],"items_purged":["Strike_B","Strike_B"],"gold":65,"score":1078,"play_id":"9362986e-1e74-4b6e-abbc-4650c1cf70dc","local_time":"20180608222945","is_prod":false,"is_daily":false,"chose_seed":false,"is_ascension_mode":true,"campfire_upgraded":7,"win_rate":0,"timestamp":1528489785,"campfire_choices":[{"data":"Dualcast","floor":8.0,"key":"SMITH"},{"data":"Defragment","floor":12.0,"key":"SMITH"},{"data":"Coolheaded","floor":15.0,"key":"SMITH"},{"data":"Loop","floor":23.0,"key":"SMITH"},{"floor":30.0,"key":"REST"},{"data":"Go for the Eyes","floor":32.0,"key":"SMITH"},{"data":"Blizzard","floor":40,"key":"SMITH"},{"data":"Chill","floor":47,"key":"SMITH"},{"floor":49,"key":"REST"}],"path_taken":["M","$","M","M","?","?","?","R","T","?","$","R","E","?","R","BOSS","M","$","?","$","?","R","E","M","T","?","$","E","R","M","R","BOSS","M","M","$","M","M","R","M","E","T","E","$","?","R","?","R","BOSS"],"build_version":"2018-06-07v3","seed_source_timestamp":0,"purchased_purges":2,"victory":true,"master_deck":["Strike_B","Defend_B+1","Defend_B+1","Zap+1","Dualcast+1","Coolheaded+1","Chill+1","Loop+1","Compile Driver","Defragment+1","Fusion+1","Seek+1","Coolheaded+1","Redo+1","Go for the Eyes+1","Coolheaded+1","Barrage+1","Blizzard+1","Conserve Battery+1","Reboot+1","Redo+1","Glacier+1","Coolheaded+1"],"max_hp_per_floor":[75,75,75,75,75,75,75,75,75,75,75,75,75,75,75,75,75,75,75,75,75,75,75,75,75,75,75,75,75,75,75,75,75,75,75,75,75,75,75,75,75,75,75,75,75,75,75,75,75,75],"relics":["Cracked Core","Bag of Preparation","Kunai","Toxic Egg 2","Orrery","DataDisk","Boot","Bottled Lightning","Turnip","Inserter","Runic Capacitor","Smiling Mask","Matryoshka","Dream Catcher","Juzu Bracelet","Lantern"],"card_choices":[{"not_picked":["Leap","Chaos"],"picked":"Coolheaded","floor":1.0},{"not_picked":["Storm","Reprogram"],"picked":"Chill","floor":3.0},{"not_picked":["Gash","Hello World"],"picked":"Loop","floor":4.0},{"not_picked":["Gash","Beam Cell"],"picked":"Compile Driver","floor":7.0},{"not_picked":["White Noise","Sweeping Beam","Chaos"],"picked":"SKIP","floor":13.0},{"not_picked":["Storm","Fission+1"],"picked":"Fusion+1","floor":14.0},{"not_picked":["Machine Learning","Buffer"],"picked":"Seek+1","floor":16.0},{"not_picked":["Fusion+1","Storm"],"picked":"Coolheaded+1","floor":17.0},{"not_picked":["Steam+1","Ball Lightning"],"picked":"Redo+1","floor":17.0},{"not_picked":["Barrage","Reinforced Body+1"],"picked":"Go for the Eyes","floor":17.0},{"not_picked":["Beam Cell","Barrage"],"picked":"Coolheaded+1","floor":18.0},{"not_picked":["Compile Driver","Gash"],"picked":"Barrage+1","floor":24.0},{"not_picked":["Loop","Scrape","Aggregate+1"],"picked":"SKIP","floor":25.0},{"not_picked":["Loop","Scrape","Aggregate+1"],"picked":"SKIP","floor":25.0},{"not_picked":["Ball Lightning","Stack+1"],"picked":"Blizzard","floor":29.0},{"not_picked":["Hello World","Hyperbeam"],"picked":"Conserve Battery+1","floor":31.0},{"not_picked":["Rainbow+1","All For One"],"picked":"Reboot+1","floor":33.0},{"not_picked":["Gash","Genetic Algorithm+1","Barrage"],"picked":"SKIP","floor":35.0},{"not_picked":["Static Discharge","Redo+1","White Noise+1"],"picked":"SKIP","floor":36},{"not_picked":["Stack+1","Turbo+1","Ball Lightning+1"],"picked":"SKIP","floor":38},{"not_picked":["Rainbow+1","Streamline+1","Compile Driver"],"picked":"SKIP","floor":39},{"not_picked":["Rainbow+1","Streamline+1","Compile Driver"],"picked":"SKIP","floor":39},{"not_picked":["Ball Lightning","Doom and Gloom+1"],"picked":"Redo+1","floor":41},{"not_picked":["Leap+1","Rebound","Stack+1"],"picked":"SKIP","floor":42},{"not_picked":["Steam+1","Sweeping Beam"],"picked":"Glacier+1","floor":44}],"player_experience":559054,"potions_floor_usage":[44,50],"damage_taken":[{"damage":7.0,"enemies":"Small Slimes","floor":1.0,"turns":3.0},{"damage":2.0,"enemies":"Jaw Worm","floor":3.0,"turns":4.0},{"damage":0.0,"enemies":"2 Louse","floor":4.0,"turns":2.0},{"damage":1.0,"enemies":"Blue Slaver","floor":7.0,"turns":3.0},{"damage":10.0,"enemies":"Gremlin Nob","floor":13.0,"turns":4.0},{"damage":0.0,"enemies":"Large Slime","floor":14.0,"turns":5.0},{"damage":16.0,"enemies":"The Guardian","floor":16.0,"turns":9.0},{"damage":3.0,"enemies":"2 Thieves","floor":18.0,"turns":4.0},{"damage":0.0,"enemies":"Book of Stabbing","floor":24.0,"turns":7.0},{"damage":0.0,"enemies":"3 Byrds","floor":25.0,"turns":4.0},{"damage":30.0,"enemies":"Slavers","floor":29.0,"turns":10.0},{"damage":4.0,"enemies":"Centurion and Healer","floor":31.0,"turns":5.0},{"damage":11.0,"enemies":"Champ","floor":33.0,"turns":11.0},{"damage":0.0,"enemies":"Orb Walker","floor":35.0,"turns":5.0},{"damage":0,"enemies":"3 Shapes","floor":36,"turns":5},{"damage":0,"enemies":"3 Darklings","floor":38,"turns":3},{"damage":4,"enemies":"4 Shapes","floor":39,"turns":4},{"damage":7,"enemies":"Maw","floor":41,"turns":7},{"damage":0,"enemies":"Giant Head","floor":42,"turns":8},{"damage":10,"enemies":"2 Orb Walkers","floor":44,"turns":5},{"damage":0,"enemies":"Donu and Deca","floor":50,"turns":7}],"relics_obtained":[{"floor":9.0,"key":"Bag of Preparation"},{"floor":10.0,"key":"Kunai"},{"floor":13.0,"key":"Toxic Egg 2"},{"floor":24.0,"key":"Boot"},{"floor":26.0,"key":"Bottled Lightning"},{"floor":29.0,"key":"Turnip"},{"floor":42,"key":"Smiling Mask"},{"floor":43,"key":"Matryoshka"},{"floor":44,"key":"Dream Catcher"},{"floor":48,"key":"Juzu Bracelet"},{"floor":48,"key":"Lantern"}],"event_choices":[{"event_name":"Shining Light","player_choice":"Entered Light","floor":5.0,"damage_taken":0.0},{"event_name":"Living Wall","player_choice":"Forget","floor":6.0,"damage_taken":0.0},{"event_name":"Back to Basics","player_choice":"Elegance","floor":20.0,"damage_taken":0.0},{"event_name":"Accursed Blacksmith","player_choice":"Ignore","floor":27.0,"damage_taken":0.0},{"event_name":"Purifier","player_choice":"One Purge","floor":46,"damage_taken":0}],"boss_relics":[{"not_picked":["Runic Dome","Runic Pyramid"],"picked":"Orrery"},{"not_picked":["Pandora\u0027s Box","Busted Crown"],"picked":"Inserter"}],"items_purged_floors":[],"potions_floor_spawned":[4,13,14,16,18,29,31,36,41,44],"seed_played":"2656228263372698852","ascension_level":6,"potions_obtained":[{"floor":4.0,"key":"Poison Potion"},{"floor":13.0,"key":"Ancient Potion"},{"floor":14.0,"key":"Fire Potion"},{"floor":16.0,"key":"Dexterity Potion"},{"floor":18.0,"key":"Weak Potion"},{"floor":29.0,"key":"Energy Potion"},{"floor":36,"key":"GamblersBrew"},{"floor":41,"key":"Block Potion"},{"floor":44,"key":"Dexterity Potion"}],"is_trial":false}