{"gold_per_floor":[16,35,52,64,14,14,31,64,64,82,82,82,109,128,128,128],"floor_reached":16,"playtime":660,"items_purged":[],"score":208,"play_id":"3961b144-db94-4082-93a2-b51e52c3559a","local_time":"20190309005828","is_ascension_mode":true,"campfire_choices":[{"data":"Bash","floor":6,"key":"SMITH"},{"floor":12,"key":"REST"},{"data":"Battle Trance","floor":15,"key":"SMITH"}],"neow_cost":"NO_GOLD","seed_source_timestamp":23956649285381,"circlet_count":0,"master_deck":["AscendersBane","Strike_R","Strike_R","Strike_R","Strike_R","Strike_R","Defend_R+1","Defend_R+1","Defend_R","Defend_R","Bash+1","Shrug It Off","Iron Wave","Headbutt","Battle Trance+1"],"relics":["Burning Blood","Turnip","Boot","Gremlin Horn","Dodecahedron","War Paint"],"potions_floor_usage":[14],"damage_taken":[{"damage":7,"enemies":"Cultist","floor":1,"turns":4},{"damage":9,"enemies":"Jaw Worm","floor":2,"turns":5},{"damage":0,"enemies":"Small Slimes","floor":3,"turns":4},{"damage":16,"enemies":"Blue Slaver","floor":4,"turns":6},{"damage":6,"enemies":"3 Louse","floor":7,"turns":4},{"damage":58,"enemies":"Lagavulin","floor":8,"turns":8},{"damage":5,"enemies":"Exordium Wildlife","floor":10,"turns":5},{"damage":0,"enemies":"Lots of Slimes","floor":14,"turns":2},{"damage":0,"enemies":"Hexaghost","floor":16,"turns":1}],"seed_played":"4272442491997486409","potions_obtained":[{"floor":3,"key":"Dexterity Potion"},{"floor":10,"key":"Fire Potion"},{"floor":14,"key":"Swift Potion"}],"is_trial":false,"path_per_floor":["M","M","M","M","$","R","M","E","T","M","?","R","T","M","R","B"],"character_chosen":"IRONCLAD","items_purchased":["Iron Wave"],"campfire_rested":1,"item_purchase_floors":[5],"current_hp_per_floor":[67,64,70,60,60,60,60,8,8,9,9,31,31,37,37,37],"gold":128,"neow_bonus":"ONE_RARE_RELIC","is_prod":false,"is_daily":false,"chose_seed":false,"campfire_upgraded":2,"win_rate":0,"timestamp":1552089508,"path_taken":["M","M","?","M","$","R","M","E","T","M","?","R","?","M","R","BOSS"],"build_version":"2019-01-23","purchased_purges":0,"victory":false,"max_hp_per_floor":[75,75,75,75,75,75,75,75,75,75,75,75,75,75,75,75],"card_choices":[{"not_picked":["Perfected Strike","Disarm","Blood for Blood"],"picked":"SKIP","floor":1},{"not_picked":["Uppercut","Sword Boomerang","Entrench"],"picked":"SKIP","floor":2},{"not_picked":["Fire Breathing","Clash"],"picked":"Shrug It Off","floor":3},{"not_picked":["Perfected Strike","Shrug It Off","Sentinel"],"picked":"SKIP","floor":4},{"not_picked":["Iron Wave","Clothesline"],"picked":"Headbutt","floor":7},{"not_picked":["Disarm","Wild Strike"],"picked":"Battle Trance","floor":8},{"not_picked":["Sword Boomerang","Heavy Blade","Exhume"],"picked":"SKIP","floor":10},{"not_picked":["Evolve","Intimidate","Body Slam"],"picked":"SKIP","floor":14}],"player_experience":958906,"relics_obtained":[{"floor":8,"key":"Boot"},{"floor":9,"key":"Gremlin Horn"},{"floor":13,"key":"War Paint"}],"event_choices":[{"damage_healed":0,"gold_gain":0,"player_choice":"Searched \u00271\u0027 times","damage_taken":0,"relics_obtained":["Dodecahedron"],"max_hp_gain":0,"max_hp_loss":0,"event_name":"Dead Adventurer","floor":11,"gold_loss":0}],"is_beta":false,"boss_relics":[],"items_purged_floors":[],"is_endless":false,"potions_floor_spawned":[3,10,14],"killed_by":"Hexaghost","ascension_level":20}