{"gold_per_floor":[119,44,62,62,62,87,100,110,164,184,184,284,303,322,322,322],"floor_reached":16,"playtime":502,"items_purged":["Defend_R"],"score":114,"play_id":"c010eda4-56c2-4945-9856-44b6ed8b4a0b","local_time":"20190630194341","is_ascension_mode":true,"campfire_choices":[{"data":"Rampage","floor":11,"key":"SMITH"},{"data":"Rage","floor":15,"key":"SMITH"}],"neow_cost":"NONE","seed_source_timestamp":1477009995280408,"circlet_count":0,"master_deck":["Strike_R","Strike_R","Strike_R","Strike_R","Strike_R","Defend_R","Defend_R","Bash+1","Rage+1","Rampage+1"],"relics":["Burning Blood","Letter Opener","Omamori"],"potions_floor_usage":[16,16,16],"damage_taken":[{"damage":6,"enemies":"Cultist","floor":1,"turns":3},{"damage":1,"enemies":"Small Slimes","floor":3,"turns":3},{"damage":29,"enemies":"Gremlin Nob","floor":6,"turns":5},{"damage":5,"enemies":"Jaw Worm","floor":7,"turns":3},{"damage":17,"enemies":"3 Louse","floor":8,"turns":4},{"damage":12,"enemies":"2 Fungi Beasts","floor":10,"turns":4},{"damage":11,"enemies":"Exordium Thugs","floor":13,"turns":4},{"damage":20,"enemies":"Blue Slaver","floor":14,"turns":3},{"damage":26,"enemies":"Slime Boss","floor":16,"turns":8}],"seed_played":"832448572991612935","potions_obtained":[{"floor":3,"key":"Ancient Potion"},{"floor":6,"key":"Dexterity Potion"},{"floor":7,"key":"Ancient Potion"},{"floor":10,"key":"Dexterity Potion"}],"is_trial":false,"path_per_floor":["M","$","M","$","?","E","M","M","T","M","R","?","M","M","R","B"],"character_chosen":"IRONCLAD","items_purchased":[],"campfire_rested":0,"item_purchase_floors":[],"current_hp_per_floor":[80,80,80,80,80,57,58,47,47,41,41,41,36,22,22,0],"gold":322,"neow_bonus":"UPGRADE_CARD","is_prod":false,"is_daily":false,"chose_seed":false,"campfire_upgraded":2,"win_rate":0,"timestamp":1561938221,"path_taken":["M","$","?","$","?","E","M","M","T","?","R","?","?","M","R","BOSS"],"build_version":"2019-01-23","purchased_purges":1,"victory":false,"max_hp_per_floor":[80,80,80,80,80,80,80,80,80,80,80,80,80,80,80,80],"card_choices":[{"not_picked":["Clash","True Grit","Perfected Strike"],"picked":"SKIP","floor":1},{"not_picked":["Clothesline","Headbutt","Spot Weakness"],"picked":"SKIP","floor":3},{"not_picked":["Shrug It Off","Uppercut","Inflame"],"picked":"SKIP","floor":6},{"not_picked":["Anger","Double Tap"],"picked":"Rampage","floor":7},{"not_picked":["Twin Strike","Armaments","Pummel"],"picked":"SKIP","floor":8},{"not_picked":["Power Through","Shockwave","Havoc"],"picked":"SKIP","floor":10},{"not_picked":["Cleave","Burning Pact","Entrench"],"picked":"SKIP","floor":13},{"not_picked":["Heavy Blade","Shrug It Off","Evolve"],"picked":"SKIP","floor":14}],"player_experience":82307,"relics_obtained":[{"floor":6,"key":"Letter Opener"},{"floor":9,"key":"Omamori"}],"event_choices":[{"damage_healed":0,"gold_gain":0,"cards_transformed":["Defend_R"],"player_choice":"Transformed","damage_taken":0,"max_hp_gain":0,"max_hp_loss":0,"event_name":"Transmorgrifier","floor":5,"gold_loss":0,"cards_obtained":["Rage"]},{"damage_healed":0,"gold_gain":100,"player_choice":"Pray","damage_taken":0,"max_hp_gain":0,"max_hp_loss":0,"event_name":"Golden Shrine","floor":12,"gold_loss":0}],"is_beta":false,"boss_relics":[],"items_purged_floors":[2],"is_endless":false,"potions_floor_spawned":[3,6,7,10],"killed_by":"Slime Boss","ascension_level":2}