{"gold_per_floor":[116,132,142,158,108,108,141,155,155,155,166,22,54,74,74,173,173,185,185,151,165,178,178,178],"floor_reached":24,"playtime":1269,"items_purged":["Strike_R"],"score":212,"play_id":"65326e59-d63a-4eac-b49c-474e1cb0b43d","local_time":"20190412182937","is_ascension_mode":false,"campfire_choices":[{"data":"Armaments","floor":6,"key":"SMITH"},{"floor":10,"key":"RECALL"},{"data":"Body Slam","floor":15,"key":"SMITH"},{"data":"Body Slam","floor":23,"key":"SMITH"}],"neow_cost":"NONE","seed_source_timestamp":168956057453762,"circlet_count":0,"master_deck":["Strike_R","Defend_R","Defend_R","Defend_R","Defend_R","Bash","Armaments+1","Evolve+1","Body Slam+1","Rage","Seeing Red","Power Through","Headbutt","Demon Form","Limit Break+1","Sever Soul+1","Intimidate+1","Body Slam+1","Second Wind"],"relics":["Burning Blood","NeowsBlessing","Centennial Puzzle","PreservedInsect","Lantern","Astrolabe"],"potions_floor_usage":[7,11,13,13,20,24],"damage_taken":[{"damage":0,"enemies":"Small Slimes","floor":1,"turns":1},{"damage":0,"enemies":"2 Louse","floor":2,"turns":1},{"damage":0,"enemies":"Cultist","floor":3,"turns":1},{"damage":11,"enemies":"Blue Slaver","floor":4,"turns":4},{"damage":20,"enemies":"3 Sentries","floor":7,"turns":10},{"damage":13,"enemies":"Exordium Wildlife","floor":8,"turns":5},{"damage":8,"enemies":"3 Louse","floor":11,"turns":5},{"damage":13,"enemies":"Lagavulin","floor":13,"turns":8},{"damage":10,"enemies":"Gremlin Gang","floor":14,"turns":7},{"damage":36,"enemies":"Hexaghost","floor":16,"turns":15},{"damage":33,"enemies":"Spheric Guardian","floor":18,"turns":7},{"damage":10,"enemies":"2 Thieves","floor":20,"turns":5},{"damage":31,"enemies":"Cultist and Chosen","floor":21,"turns":7},{"damage":17,"enemies":"Snecko","floor":22,"turns":5},{"damage":15,"enemies":"Colosseum Slavers","floor":24,"turns":3}],"seed_played":"8330943032825727086","potions_obtained":[{"floor":2,"key":"Block Potion"},{"floor":4,"key":"SpeedPotion"},{"floor":7,"key":"Ancient Potion"},{"floor":8,"key":"PowerPotion"},{"floor":16,"key":"SkillPotion"},{"floor":22,"key":"Fire Potion"}],"is_trial":false,"path_per_floor":["M","M","M","M","?","R","E","M","T","R","M","$","E","M","R","B",null,"M","?","M","M","M","R","?"],"character_chosen":"IRONCLAD","items_purchased":["Seeing Red"],"campfire_rested":0,"item_purchase_floors":[12],"current_hp_per_floor":[80,80,80,75,75,75,61,54,54,54,52,52,45,41,41,11,80,53,53,49,24,13,13,0],"gold":178,"neow_bonus":"THREE_ENEMY_KILL","is_prod":false,"is_daily":false,"chose_seed":false,"campfire_upgraded":3,"win_rate":0,"timestamp":1555111777,"path_taken":["M","M","M","M","?","R","E","M","T","R","M","$","E","M","R","BOSS","M","?","M","M","?","R","?"],"build_version":"2019-01-23","purchased_purges":1,"victory":false,"max_hp_per_floor":[80,80,80,80,80,80,80,80,80,80,80,80,80,80,80,80,80,80,80,80,80,80,80,80],"card_choices":[{"not_picked":["Flex","Clash"],"picked":"Armaments","floor":1},{"not_picked":["Fire Breathing","Anger"],"picked":"Evolve","floor":2},{"not_picked":["Armaments","Heavy Blade","Wild Strike"],"picked":"SKIP","floor":3},{"not_picked":["Anger","Sever Soul"],"picked":"Second Wind","floor":4},{"not_picked":["Reckless Charge","Iron Wave"],"picked":"Body Slam","floor":7},{"not_picked":["Heavy Blade","Twin Strike","Clothesline"],"picked":"SKIP","floor":8},{"not_picked":["Reckless Charge","Thunderclap"],"picked":"Rage","floor":11},{"not_picked":["Thunderclap","Hemokinesis"],"picked":"Power Through","floor":13},{"not_picked":["Whirlwind","Havoc"],"picked":"Headbutt","floor":14},{"not_picked":["Impervious","Offering"],"picked":"Demon Form","floor":16},{"not_picked":["Spot Weakness","Perfected Strike+1","Headbutt"],"picked":"SKIP","floor":18},{"not_picked":["Flex","Twin Strike","Reckless Charge"],"picked":"SKIP","floor":20},{"not_picked":["Metallicize","Headbutt"],"picked":"Body Slam","floor":21},{"not_picked":["Power Through","Rupture+1"],"picked":"Second Wind","floor":22}],"player_experience":754121,"relics_obtained":[{"floor":7,"key":"Centennial Puzzle"},{"floor":9,"key":"PreservedInsect"},{"floor":13,"key":"Lantern"}],"event_choices":[{"cards_removed":["Second Wind"],"damage_healed":0,"gold_gain":0,"player_choice":"Card Removal","damage_taken":0,"max_hp_gain":0,"max_hp_loss":0,"event_name":"The Cleric","floor":5,"gold_loss":50},{"damage_healed":0,"gold_gain":0,"player_choice":"Upgraded","damage_taken":0,"max_hp_gain":0,"max_hp_loss":0,"event_name":"Upgrade Shrine","floor":19,"gold_loss":0,"cards_upgraded":["Evolve"]},{"damage_healed":0,"gold_gain":0,"player_choice":"Fight","damage_taken":0,"max_hp_gain":0,"max_hp_loss":0,"event_name":"Colosseum","floor":24,"gold_loss":0}],"is_beta":false,"boss_relics":[{"not_picked":["Velvet Choker","White Beast Statue"],"picked":"Astrolabe"}],"items_purged_floors":[12],"is_endless":false,"potions_floor_spawned":[2,4,7,8,16,22],"killed_by":"Colosseum Slavers","ascension_level":0}