{"path_per_floor":["M","?","?","M","M","R","M","E","T","$","M","R","?","M","R","B",null,"M","M","$","M"],"character_chosen":"DEFECT","items_purchased":["Capacitor","Meat on the Bone"],"gold_per_floor":[19,94,94,106,119,119,136,170,222,101,121,121,121,132,132,228,228,239,259,18,28,28],"floor_reached":22,"campfire_rested":1,"playtime":1168,"current_hp_per_floor":[74,63,63,55,55,55,47,25,25,25,19,41,41,41,41,36,75,58,32,32,29,0],"items_purged":["Defend_B"],"gold":28,"score":188,"play_id":"b5caa174-6706-4ad9-9a50-6c73eb62e0cd","local_time":"20180430232211","is_prod":false,"is_daily":false,"chose_seed":false,"is_ascension_mode":false,"campfire_upgraded":2,"timestamp":1525123331,"path_taken":["M","?","?","?","M","R","M","E","T","$","M","R","?","M","R","BOSS","M","M","$","M","M"],"build_version":"2018-04-27v3","seed_source_timestamp":512835171933102,"purchased_purges":1,"victory":false,"master_deck":["Strike_B","Strike_B+1","Defend_B","Defend_B","Defend_B","Zap+1","Dualcast","Go for the Eyes","Echo Form","Rebound","Conserve Battery","Barrage+1","Cold Snap","Rainbow+1","Capacitor+1","Ball Lightning","Amplify","Impulse","Capacitor","White Noise","Double Energy+1"],"max_hp_per_floor":[75,75,75,75,75,75,75,75,75,75,75,75,75,75,75,75,75,75,75,75,75,75],"relics":["Cracked Core","Bottled Flame","Whetstone","Orrery","Meat on the Bone"],"card_choices":[{"not_picked":["Axe Kick","Sweeping Beam"],"picked":"Rebound","floor":1},{"not_picked":["Loop","Leap"],"picked":"Conserve Battery","floor":4},{"not_picked":["Rebound","Skim"],"picked":"Barrage","floor":5},{"not_picked":["Gash","Turbo"],"picked":"Cold Snap","floor":7},{"not_picked":["Go for the Eyes","Double Energy"],"picked":"Rainbow","floor":8},{"not_picked":["Axe Kick","Beam Cell"],"picked":"Ball Lightning","floor":14},{"not_picked":["All For One","Rainbow"],"picked":"Amplify","floor":16},{"not_picked":["Turbo","Rebound"],"picked":"Impulse","floor":17},{"not_picked":["Skim","Chaos"],"picked":"Capacitor","floor":17},{"not_picked":["Sweeping Beam","Beam Cell"],"picked":"White Noise","floor":19},{"not_picked":["Impulse","Glacier"],"picked":"Double Energy","floor":21}],"player_experience":555019,"potions_floor_usage":[16,18,22],"damage_taken":[{"damage":1,"enemies":"2 Louse","floor":1,"turns":3},{"damage":8,"enemies":"Jaw Worm","floor":4,"turns":3},{"damage":0,"enemies":"Cultist","floor":5,"turns":4},{"damage":8,"enemies":"2 Fungi Beasts","floor":7,"turns":4},{"damage":22,"enemies":"3 Sentries","floor":8,"turns":6},{"damage":6,"enemies":"Lots of Slimes","floor":11,"turns":3},{"damage":0,"enemies":"Large Slime","floor":14,"turns":4},{"damage":5,"enemies":"Slime Boss","floor":16,"turns":6},{"damage":17,"enemies":"Shell Parasite","floor":18,"turns":5},{"damage":26,"enemies":"Spheric Guardian","floor":19,"turns":4},{"damage":15,"enemies":"Snecko","floor":21,"turns":6},{"damage":43,"enemies":"Snake Plant","floor":22,"turns":5}],"event_choices":[{"event_name":"World of Goop","player_choice":"Gather Gold","floor":2,"damage_taken":0},{"event_name":"The Woman in Blue","player_choice":"Bought 0 Potions","floor":3,"damage_taken":0},{"event_name":"Accursed Blacksmith","player_choice":"Forge","floor":13,"damage_taken":0}],"boss_relics":[{"not_picked":["Velvet Choker","Calling Bell"],"picked":"Orrery"}],"potions_floor_spawned":[5,11,14,16,19],"seed_played":"7239366859292753809","killed_by":"Snake Plant","ascension_level":0,"is_trial":false}