{"path_per_floor":["M","M","$","M","M","R","?","?","T","R","E","R","M","M","R"],"character_chosen":"DEFECT","items_purchased":["Capacitor"],"gold_per_floor":[119,132,31,48,60,60,60,135,158,158,188,188,202,220,220,220],"floor_reached":16,"campfire_rested":0,"playtime":508,"item_purchase_floors":[],"current_hp_per_floor":[64,63,63,63,52,52,52,41,41,41,29,29,27,27,27,0],"items_purged":["Defend_B"],"gold":220,"score":153,"play_id":"d57356d2-e649-47d2-8679-9a918d3269e2","local_time":"20180523121243","is_prod":false,"is_daily":false,"chose_seed":false,"is_ascension_mode":true,"campfire_upgraded":4,"win_rate":0.1491228,"timestamp":1527070363,"campfire_choices":[{"data":"Zap","floor":6.0,"key":"SMITH"},{"data":"Beam Cell","floor":10.0,"key":"SMITH"},{"data":"Dualcast","floor":12,"key":"SMITH"},{"data":"Genetic Algorithm","floor":15,"key":"SMITH"}],"path_taken":["M","M","$","M","M","R","?","?","T","R","E","R","?","M","R","BOSS"],"build_version":"2018-05-22","seed_source_timestamp":293577100477319,"purchased_purges":1,"victory":false,"master_deck":["Strike_B","Strike_B","Defend_B","Defend_B","Defend_B","Zap+1","Dualcast+1","AscendersBane","Beam Cell+1","Capacitor","Sweeping Beam","Chill","Genetic Algorithm+1","Steam"],"max_hp_per_floor":[68,68,68,68,68,68,68,68,68,68,68,68,68,68,68,68],"relics":["Cracked Core","Oddly Smooth Stone","Lantern"],"card_choices":[{"not_picked":["Hologram","Turbo","Leap"],"picked":"SKIP","floor":1.0},{"not_picked":["White Noise","Consume"],"picked":"Beam Cell","floor":2.0},{"not_picked":["Beam Cell","Lockon"],"picked":"Sweeping Beam","floor":4.0},{"not_picked":["Heatsinks","Ball Lightning"],"picked":"Chill","floor":5.0},{"not_picked":["Steam","Stack","Redo"],"picked":"SKIP","floor":11},{"not_picked":["Steam","Stack","Redo"],"picked":"SKIP","floor":11},{"not_picked":["Cold Snap","Go for the Eyes"],"picked":"Genetic Algorithm","floor":13},{"not_picked":["Axe Kick","Hologram"],"picked":"Steam","floor":14}],"player_experience":710549,"potions_floor_usage":[16],"damage_taken":[{"damage":4.0,"enemies":"2 Louse","floor":1.0,"turns":2.0},{"damage":1.0,"enemies":"Cultist","floor":2.0,"turns":4.0},{"damage":0.0,"enemies":"Small Slimes","floor":4.0,"turns":3.0},{"damage":11.0,"enemies":"3 Louse","floor":5.0,"turns":3.0},{"damage":12,"enemies":"3 Sentries","floor":11,"turns":8},{"damage":2,"enemies":"Red Slaver","floor":13,"turns":3},{"damage":0,"enemies":"Large Slime","floor":14,"turns":5},{"damage":38,"enemies":"Slime Boss","floor":16,"turns":3}],"relics_obtained":[{"floor":9.0,"key":"Oddly Smooth Stone"},{"floor":11,"key":"Lantern"}],"event_choices":[{"event_name":"Match and Keep!","player_choice":"0 cards matched","floor":7.0,"damage_taken":0.0},{"event_name":"World of Goop","player_choice":"Gather Gold","floor":8.0,"damage_taken":0.0}],"boss_relics":[],"items_purged_floors":[],"potions_floor_spawned":[2,13,14],"seed_played":"3886658810594735781","killed_by":"Slime Boss","ascension_level":10,"potions_obtained":[{"floor":2.0,"key":"FearPotion"},{"floor":13,"key":"GamblersBrew"},{"floor":14,"key":"Swift Potion"}],"is_trial":false}