{"gold_per_floor":[117,117,42,57,57,57,85,95,395,409,96,127,146,176,188,200],"floor_reached":16,"playtime":337,"items_purged":["Strike_R"],"score":290,"play_id":"35e404e4-8a08-4975-b134-7fa4f336c355","local_time":"20190306174025","is_ascension_mode":true,"campfire_choices":[{"data":"Bash","floor":6,"key":"SMITH"},{"data":"1","floor":15,"key":"LIFT"}],"neow_cost":"NONE","seed_source_timestamp":120775782734517,"circlet_count":0,"master_deck":["AscendersBane","Strike_R","Strike_R","Strike_R","Strike_R","Defend_R","Defend_R","Defend_R","Defend_R","Bash+1","Heavy Blade","True Grit","Immolate","Sentinel","Evolve"],"relics":["Burning Blood","NeowsBlessing","Mummified Hand","Girya","Old Coin","ClockworkSouvenir","Nunchaku","MawBank"],"potions_floor_usage":[13,14,16],"damage_taken":[{"damage":0,"enemies":"Cultist","floor":1,"turns":1},{"damage":0,"enemies":"Jaw Worm","floor":4,"turns":1},{"damage":0,"enemies":"Lagavulin","floor":7,"turns":1},{"damage":5,"enemies":"2 Louse","floor":8,"turns":2},{"damage":2,"enemies":"Red Slaver","floor":10,"turns":3},{"damage":38,"enemies":"3 Sentries","floor":12,"turns":5},{"damage":10,"enemies":"Gremlin Gang","floor":13,"turns":3},{"damage":40,"enemies":"Gremlin Nob","floor":14,"turns":5},{"damage":25,"enemies":"Slime Boss","floor":16,"turns":4}],"seed_played":"2495447494049398297","potions_obtained":[{"floor":4,"key":"Regen Potion"},{"floor":12,"key":"SkillPotion"},{"floor":14,"key":"PowerPotion"}],"is_trial":false,"path_per_floor":["M","?","$","M","$","R","E","M","T","M","$","E","M","E","R","B"],"character_chosen":"IRONCLAD","items_purchased":["ClockworkSouvenir","Evolve"],"campfire_rested":0,"item_purchase_floors":[11,11],"current_hp_per_floor":[74,56,56,62,62,62,68,69,69,73,73,41,37,8,8,0],"gold":200,"neow_bonus":"THREE_ENEMY_KILL","is_prod":false,"is_daily":false,"chose_seed":false,"campfire_upgraded":1,"win_rate":0,"timestamp":1551890425,"path_taken":["M","?","$","M","?","R","E","?","T","?","$","E","M","E","R","BOSS"],"build_version":"2019-01-23","purchased_purges":1,"victory":false,"max_hp_per_floor":[75,75,75,75,75,75,75,75,75,75,75,75,75,75,75,75],"card_choices":[{"not_picked":["Wild Strike","Perfected Strike"],"picked":"Heavy Blade","floor":1},{"not_picked":["Feel No Pain","Body Slam"],"picked":"True Grit","floor":4},{"not_picked":["Sword Boomerang","Clash"],"picked":"Immolate","floor":7},{"not_picked":["Pommel Strike","Heavy Blade"],"picked":"Sentinel","floor":8},{"not_picked":["Headbutt","Seeing Red","Blood for Blood"],"picked":"SKIP","floor":10},{"not_picked":["Heavy Blade","Carnage","Cleave"],"picked":"SKIP","floor":12},{"not_picked":["Wild Strike","Combust","Dropkick"],"picked":"SKIP","floor":13},{"not_picked":["Ghostly Armor","Heavy Blade","Perfected Strike"],"picked":"SKIP","floor":14}],"player_experience":945270,"relics_obtained":[{"floor":7,"key":"Girya"},{"floor":9,"key":"Old Coin"},{"floor":12,"key":"Nunchaku"},{"floor":14,"key":"MawBank"}],"event_choices":[{"damage_healed":0,"gold_gain":0,"player_choice":"Success","damage_taken":18,"relics_obtained":["Mummified Hand"],"max_hp_gain":0,"max_hp_loss":0,"event_name":"Scrap Ooze","floor":2,"gold_loss":0}],"is_beta":false,"boss_relics":[],"items_purged_floors":[3],"is_endless":false,"potions_floor_spawned":[4,12,14],"killed_by":"Slime Boss","ascension_level":20}