{"gold_per_floor":[12,12,27,47,47,47,76,76,76,91,110,30,30,40,40,139,139,154,154,69,82,97,97,110,110,110,110,145,70,98,23,23,23],"floor_reached":33,"playtime":1290,"items_purged":["Strike_B"],"score":299,"play_id":"03cff56d-2568-4837-8c59-35b934b35d91","local_time":"20190716171053","is_ascension_mode":true,"campfire_choices":[{"data":"Multi-Cast","floor":6,"key":"SMITH"},{"data":"Chaos","floor":8,"key":"SMITH"},{"data":"Reinforced Body","floor":13,"key":"SMITH"},{"data":"Defragment","floor":15,"key":"SMITH"},{"data":"Tempest","floor":23,"key":"SMITH"},{"data":"Buffer","floor":25,"key":"SMITH"},{"data":"Chaos","floor":27,"key":"SMITH"},{"floor":32,"key":"REST"}],"neow_cost":"NO_GOLD","seed_source_timestamp":426792662006758,"circlet_count":0,"master_deck":["Strike_B","Strike_B","Defend_B","Defend_B","Defend_B","Defend_B","Zap","Dualcast","Multi-Cast+1","Chaos+1","Defragment+1","Reinforced Body+1","Buffer+1","Sweeping Beam","BootSequence+1","BootSequence","Turbo","Chaos+1","Tempest+1","Leap+1"],"relics":["Cracked Core","Bronze Scales","Happy Flower","Darkstone Periapt","Orrery","PreservedInsect","FossilizedHelix","Question Card","War Paint"],"potions_floor_usage":[7,11,14,28,28,30],"damage_taken":[{"damage":9,"enemies":"2 Louse","floor":1,"turns":3},{"damage":1,"enemies":"Cultist","floor":3,"turns":3},{"damage":2,"enemies":"Small Slimes","floor":4,"turns":4},{"damage":34,"enemies":"3 Sentries","floor":7,"turns":6},{"damage":4,"enemies":"Exordium Thugs","floor":10,"turns":3},{"damage":13,"enemies":"Large Slime","floor":11,"turns":4},{"damage":7,"enemies":"Exordium Wildlife","floor":14,"turns":4},{"damage":16,"enemies":"Slime Boss","floor":16,"turns":10},{"damage":5,"enemies":"Spheric Guardian","floor":18,"turns":3},{"damage":0,"enemies":"Chosen","floor":21,"turns":5},{"damage":38,"enemies":"Centurion and Healer","floor":22,"turns":6},{"damage":21,"enemies":"Snake Plant","floor":24,"turns":3},{"damage":22,"enemies":"Slavers","floor":28,"turns":4},{"damage":15,"enemies":"Book of Stabbing","floor":30,"turns":5},{"damage":60,"enemies":"Collector","floor":33,"turns":8}],"seed_played":"-4202730808643926516","potions_obtained":[{"floor":3,"key":"SkillPotion"},{"floor":7,"key":"LiquidBronze"},{"floor":10,"key":"AttackPotion"},{"floor":11,"key":"EssenceOfSteel"},{"floor":18,"key":"SteroidPotion"},{"floor":24,"key":"Regen Potion"},{"floor":28,"key":"Regen Potion"}],"is_trial":false,"path_per_floor":["M","?","M","M","$","R","E","R","T","M","M","$","R","M","R","B",null,"M","$","?","M","M","R","M","R","T","R","E","?","E","$","R","B"],"character_chosen":"DEFECT","items_purchased":["Reinforced Body"],"campfire_rested":1,"item_purchase_floors":[12],"current_hp_per_floor":[80,80,79,77,77,77,43,43,43,39,26,26,26,19,19,3,89,84,84,84,84,46,46,25,25,25,25,15,15,15,15,41,0],"gold":23,"neow_bonus":"TWENTY_PERCENT_HP_BONUS","is_prod":false,"is_daily":false,"chose_seed":false,"campfire_upgraded":7,"win_rate":0,"timestamp":1563311453,"path_taken":["M","?","M","M","?","R","E","R","T","M","M","$","R","M","R","BOSS","M","?","?","?","M","R","M","R","T","R","E","?","E","?","R","BOSS"],"build_version":"2019-07-05","purchased_purges":1,"victory":false,"max_hp_per_floor":[89,89,89,89,89,89,89,89,89,89,89,89,89,89,89,89,89,89,89,89,89,89,89,89,89,89,89,89,89,89,89,89,89],"card_choices":[{"not_picked":["Go for the Eyes","Streamline"],"picked":"Sweeping Beam","floor":1},{"not_picked":["Hologram","Gash"],"picked":"Multi-Cast","floor":3},{"not_picked":["Gash","Heatsinks","Streamline"],"picked":"SKIP","floor":4},{"not_picked":["Self Repair","Go for the Eyes"],"picked":"Chaos","floor":7},{"not_picked":["Go for the Eyes","Stack"],"picked":"Defragment","floor":10},{"not_picked":["Gash","Beam Cell","Turbo"],"picked":"SKIP","floor":11},{"not_picked":["Stack","Undo","Coolheaded"],"picked":"SKIP","floor":14},{"not_picked":["Reboot","Machine Learning"],"picked":"Buffer","floor":16},{"not_picked":["Cold Snap","Undo"],"picked":"Sweeping Beam","floor":17},{"not_picked":["Scrape","Hello World"],"picked":"BootSequence","floor":17},{"not_picked":["Double Energy","Stack"],"picked":"BootSequence","floor":17},{"not_picked":["Hologram","Conserve Battery"],"picked":"Turbo","floor":17},{"not_picked":["Go for the Eyes","Hologram"],"picked":"Chaos","floor":18},{"not_picked":["Meteor Strike","Rebound"],"picked":"Tempest","floor":21},{"not_picked":["Cold Snap+1","Genetic Algorithm","Streamline"],"picked":"SKIP","floor":22},{"not_picked":["Sunder","Sweeping Beam","Conserve Battery"],"picked":"SKIP","floor":24},{"not_picked":["Blizzard","Gash+1"],"picked":"Leap","floor":28},{"not_picked":["Turbo","Amplify","Streamline","Conserve Battery"],"picked":"SKIP","floor":30}],"player_experience":162561,"relics_obtained":[{"floor":7,"key":"Happy Flower"},{"floor":9,"key":"Darkstone Periapt"},{"floor":26,"key":"FossilizedHelix"},{"floor":28,"key":"Question Card"},{"floor":30,"key":"War Paint"}],"event_choices":[{"cards_removed":["Sweeping Beam"],"damage_healed":0,"gold_gain":0,"player_choice":"Gave Card","damage_taken":0,"relics_obtained":["Bronze Scales"],"max_hp_gain":0,"max_hp_loss":0,"event_name":"WeMeetAgain","floor":2,"gold_loss":0},{"damage_healed":0,"gold_gain":0,"player_choice":"Obtained Relic","damage_taken":0,"relics_obtained":["PreservedInsect"],"max_hp_gain":0,"max_hp_loss":0,"event_name":"Addict","floor":20,"gold_loss":85},{"cards_removed":["Strike_B"],"damage_healed":0,"gold_gain":0,"player_choice":"Gave Gold","damage_taken":0,"max_hp_gain":0,"max_hp_loss":0,"event_name":"Beggar","floor":29,"gold_loss":75}],"is_beta":false,"boss_relics":[{"not_picked":["Velvet Choker","Snecko Eye"],"picked":"Orrery"}],"items_purged_floors":[31],"is_endless":false,"potions_floor_spawned":[3,7,10,11,18,24,28],"killed_by":"Collector","ascension_level":1}