{"path_per_floor":["M","M","?","M","M","R","M","E","T","R","?","M","M","M","R"],"character_chosen":"IRONCLAD","items_purchased":[],"gold_per_floor":[109,121,121,141,151,151,167,199,246,246,301,314,331,343,343],"floor_reached":16,"campfire_rested":0,"playtime":1631,"current_hp_per_floor":[72,73,73,63,52,52,49,41,41,41,23,29,37,38,38],"items_purged":[],"gold":343,"play_id":"7bb1cd7e-bc15-4928-ac30-cfd42b74518b","is_prod":false,"is_daily":false,"is_ascension_mode":false,"campfire_upgraded":3,"path_taken":["M","M","?","M","M","R","M","E","T","R","?","M","M","M","R","BOSS"],"build_version":"2018-02-01-PROD3","purchased_purges":0,"victory":false,"master_deck":["Strike_R","Strike_R","Strike_R","Strike_R","Defend_R","Defend_R","Defend_R","Defend_R","Bash","Demon Form","Rampage+1","Headbutt","Inflame","Battle Trance","Pommel Strike+1","Feed","Whirlwind","Flex+1"],"max_hp_per_floor":[80,80,80,80,80,80,80,80,80,80,80,83,83,86,86],"relics":["Burning Blood","Juzu Bracelet","Oddly Smooth Stone","Blood Vial"],"card_choices":[{"not_picked":["True Grit","Pommel Strike"],"picked":"Rampage"},{"not_picked":["Limit Break","Twin Strike"],"picked":"Headbutt"},{"not_picked":["Perfected Strike","Flex"],"picked":"Inflame"},{"not_picked":["Flame Barrier","Cleave"],"picked":"Battle Trance"},{"not_picked":["Anger","Rampage"],"picked":"Pommel Strike"},{"not_picked":["Twin Strike","Headbutt"],"picked":"Feed"},{"not_picked":["Searing Blow","Burning Pact"],"picked":"Whirlwind"},{"not_picked":["Clash","Intimidate"],"picked":"Flex"}],"player_experience":45786,"potions_floor_usage":[5,7,8,14],"damage_taken":[{"damage":14,"enemies":"Jaw Worm","floor":1,"turns":4},{"damage":5,"enemies":"Cultist","floor":2,"turns":4},{"damage":16,"enemies":"Blue Slaver","floor":4,"turns":4},{"damage":17,"enemies":"Large Slime","floor":5,"turns":5},{"damage":9,"enemies":"2 Fungi Beasts","floor":7,"turns":2},{"damage":14,"enemies":"Gremlin Nob","floor":8,"turns":3},{"damage":26,"enemies":"Lagavulin Event","floor":11,"turns":5},{"damage":5,"enemies":"Exordium Wildlife","floor":12,"turns":4},{"damage":0,"enemies":"Large Slime","floor":13,"turns":4},{"damage":10,"enemies":"Exordium Thugs","floor":14,"turns":5},{"damage":44,"enemies":"Hexaghost","floor":16,"turns":9}],"event_choices":[{"event_name":"Purifier","player_choice":"One Purge","floor":3,"damage_taken":0},{"event_name":"Dead Adventurer","player_choice":"Searched \u00273\u0027 times","floor":11,"damage_taken":0}],"boss_relics":[],"potions_floor_spawned":[2,4,5,13],"seed_played":"-5746822464397222214","killed_by":"Hexaghost","ascension_level":0,"is_trial":false}