{"path_per_floor":["M","?","M","?","M","R","E","R","T","$","R","M","E","M","R","B",null,"M","M","M","?","$","R","M","R","T","E","R","M","$","M","R","B",null,"M","?","$","?","M","R","E","R","T","E","M","M","M","$","R","B"],"character_chosen":"DEFECT","items_purchased":["Double Energy","Defragment","Bag of Preparation"],"gold_per_floor":[117,117,128,128,140,140,171,171,196,121,121,138,165,179,179,279,279,294,311,323,323,223,223,238,238,307,339,339,355,224,242,242,343,343,359,359,177,177,191,191,224,224,224,258,268,281,298,36,36,36],"floor_reached":51,"campfire_rested":0,"playtime":2344,"current_hp_per_floor":[70,70,70,58,56,56,47,47,47,47,47,47,40,40,40,40,75,75,75,75,75,75,75,62,62,62,55,55,50,50,50,50,33,75,70,70,70,70,70,70,67,67,67,67,67,61,61,61,61,61],"items_purged":["Strike_B","Strike_B","Defend_B","Strike_B","Defend_B"],"gold":36,"score":903,"play_id":"15963596-3706-4f70-90ad-e506c0378a3f","local_time":"20180516132647","is_prod":false,"is_daily":false,"chose_seed":false,"is_ascension_mode":true,"campfire_upgraded":11,"timestamp":1526470007,"path_taken":["M","?","M","?","M","R","E","R","T","?","R","M","E","?","R","BOSS","M","M","M","?","$","R","M","R","T","E","R","M","$","?","R","BOSS","M","?","$","?","M","R","E","R","T","E","M","M","M","$","R","BOSS"],"build_version":"2018-05-15","seed_source_timestamp":239118373114375,"purchased_purges":7,"victory":true,"master_deck":["Defend_B+1","Zap+1","Dualcast+1","Melter","Buffer+1","Steam","Beam Cell+1","Echo Form+1","Rebound","Chill","Go for the Eyes+1","Electrodynamics+1","Sweeping Beam+1","Coolheaded+1","Coolheaded","Double Energy+1","Reboot+1","Coolheaded+1","Defragment+1","Conserve Battery+1","Barrage+1","Consume+1","Turbo+1","Skim"],"max_hp_per_floor":[75,75,75,75,75,75,75,75,75,75,75,75,75,75,75,75,75,75,75,75,75,75,75,75,75,75,75,75,75,75,75,75,75,75,75,75,75,75,75,75,75,75,75,75,75,75,75,75,75,75],"relics":["Cracked Core","War Paint","DataDisk","Orichalcum","Omamori","Mummified Hand","Inserter","The Courier","Anchor","Cursed Key","Du-Vu Doll","Potion Belt","Bag of Preparation"],"card_choices":[{"not_picked":["Redo","Gash"],"picked":"Melter","floor":1},{"not_picked":["Barrage","Beam Cell"],"picked":"Steam","floor":3},{"not_picked":["Steam","Barrage"],"picked":"Beam Cell","floor":5},{"not_picked":["Skim","Capacitor"],"picked":"Echo Form","floor":7},{"not_picked":["Reinforced Body","Hologram"],"picked":"Rebound","floor":12},{"not_picked":["Consume","Axe Kick"],"picked":"Chill","floor":13},{"not_picked":["Chaos","Darkness"],"picked":"Go for the Eyes","floor":14},{"not_picked":["Reboot","Buffer"],"picked":"Electrodynamics","floor":16},{"not_picked":["BootSequence","Tempest"],"picked":"Sweeping Beam+1","floor":18},{"not_picked":["Capacitor","Gash"],"picked":"Coolheaded","floor":19},{"not_picked":["Cold Snap","Rip and Tear","Rebound"],"picked":"SKIP","floor":20},{"not_picked":["Recycle","Reinforced Body","Hologram"],"picked":"SKIP","floor":24},{"not_picked":["Beam Cell","Reinforced Body","Streamline"],"picked":"SKIP","floor":27},{"not_picked":["Beam Cell","Reinforced Body","Streamline"],"picked":"SKIP","floor":27},{"not_picked":["Turbo","Go for the Eyes"],"picked":"Coolheaded","floor":29},{"not_picked":["Lockon","Force Field+1","Sweeping Beam+1"],"picked":"SKIP","floor":31},{"not_picked":["Electrodynamics","Hyperbeam"],"picked":"Reboot","floor":33},{"not_picked":["Cold Snap+1","Leap+1"],"picked":"Coolheaded+1","floor":35},{"not_picked":["Static Discharge+1","Defragment+1"],"picked":"Conserve Battery+1","floor":39},{"not_picked":["Streamline+1","Force Field+1"],"picked":"Barrage+1","floor":41},{"not_picked":["Conserve Battery","Reprogram+1"],"picked":"Consume+1","floor":44},{"not_picked":["Hologram+1","Sweeping Beam"],"picked":"Turbo","floor":45},{"not_picked":["Cold Snap","Multi-Cast"],"picked":"Skim","floor":46},{"not_picked":["Darkness+1","Skim+1","Doom and Gloom"],"picked":"SKIP","floor":47}],"player_experience":664962,"potions_floor_usage":[33,33,41,46],"damage_taken":[{"damage":5,"enemies":"Small Slimes","floor":1,"turns":3},{"damage":0,"enemies":"Cultist","floor":3,"turns":3},{"damage":2,"enemies":"Jaw Worm","floor":5,"turns":3},{"damage":9,"enemies":"3 Sentries","floor":7,"turns":8},{"damage":0,"enemies":"Looter","floor":12,"turns":3},{"damage":7,"enemies":"Lagavulin","floor":13,"turns":5},{"damage":0,"enemies":"3 Louse","floor":14,"turns":4},{"damage":0,"enemies":"Slime Boss","floor":16,"turns":7},{"damage":0,"enemies":"Chosen","floor":18,"turns":5},{"damage":0,"enemies":"Spheric Guardian","floor":19,"turns":3},{"damage":0,"enemies":"Snecko","floor":20,"turns":5},{"damage":13,"enemies":"Slaver and Parasite","floor":24,"turns":6},{"damage":7,"enemies":"Gremlin Leader","floor":27,"turns":7},{"damage":5,"enemies":"Centurion and Healer","floor":29,"turns":6},{"damage":0,"enemies":"Snecko","floor":31,"turns":5},{"damage":17,"enemies":"Collector","floor":33,"turns":8},{"damage":5,"enemies":"3 Shapes","floor":35,"turns":3},{"damage":0,"enemies":"Flame Bruiser 1 Orb","floor":39,"turns":4},{"damage":3,"enemies":"2 Orb Walkers","floor":41,"turns":4},{"damage":0,"enemies":"Giant Head","floor":44,"turns":9},{"damage":0,"enemies":"Spire Growth","floor":45,"turns":4},{"damage":6,"enemies":"Sphere and 2 Shapes","floor":46,"turns":5},{"damage":0,"enemies":"Flame Bruiser 2 Orb","floor":47,"turns":5},{"damage":0,"enemies":"Donu and Deca","floor":50,"turns":9}],"relics_obtained":[{"floor":7,"key":"Orichalcum"},{"floor":9,"key":"Omamori"},{"floor":13,"key":"Mummified Hand"},{"floor":26,"key":"The Courier"},{"floor":27,"key":"Anchor"},{"floor":41,"key":"Du-Vu Doll"},{"floor":44,"key":"Potion Belt"}],"event_choices":[{"event_name":"Transmorgrifier","player_choice":"Transform","floor":2,"damage_taken":0},{"event_name":"Scrap Ooze","player_choice":"success","floor":4,"damage_taken":12},{"event_name":"The Mausoleum","player_choice":"No","floor":21,"damage_taken":0},{"event_name":"The Woman in Blue","player_choice":"Bought 0 Potions","floor":36,"damage_taken":0},{"event_name":"Bonfire Elementals","player_choice":"BASIC","floor":38,"damage_taken":0}],"boss_relics":[{"not_picked":["Eternal Feather","Tiny House"],"picked":"Inserter"},{"not_picked":["Orrery","White Beast Statue"],"picked":"Cursed Key"}],"potions_floor_spawned":[1,5,12,16,20,29,31,39,44],"seed_played":"-3451131396465439744","ascension_level":1,"potions_obtained":[{"floor":1,"key":"EssenceOfSteel"},{"floor":5,"key":"Ancient Potion"},{"floor":12,"key":"Fire Potion"},{"floor":16,"key":"FearPotion"},{"floor":29,"key":"Swift Potion"},{"floor":31,"key":"AttackPotion"},{"floor":39,"key":"PowerPotion"},{"floor":44,"key":"EntropicBrew"}],"is_trial":false}