{"gold_per_floor":[114,114,128,145,145,145,174,200,289,301,343,430,442,466,478,587,599,627,656,192,192,209,209,209,225,303,303,322,322,62,62,62,62],"floor_reached":33,"playtime":1109,"items_purged":["Strike_R"],"score":255,"play_id":"dbca7c4d-d5ec-4228-ac57-a792570bf5dd","local_time":"20190606213715","is_ascension_mode":false,"campfire_choices":[{"floor":13,"key":"REST"},{"data":"Carnage","floor":15,"key":"SMITH"},{"floor":23,"key":"REST"},{"floor":27,"key":"REST"},{"floor":32,"key":"REST"}],"neow_cost":"TEN_PERCENT_HP_LOSS","seed_source_timestamp":1865508731727200,"circlet_count":0,"master_deck":["Strike_R","Strike_R","Strike_R","Defend_R","Defend_R","Defend_R","Defend_R","Bash","Finesse","Rupture","Cleave","Combust","Flex","Fire Breathing","Carnage+1","Infernal Blade","Limit Break","Whirlwind","Headbutt","Demon Form","Infernal Blade+1","Finesse","Seeing Red"],"relics":["Burning Blood","Champion Belt","MawBank","Anchor","Philosopher\u0027s Stone","Gremlin Horn","Tiny Chest","Enchiridion","Mercury Hourglass","Bottled Tornado"],"potions_floor_usage":[7,11,16,19,25],"damage_taken":[{"damage":6,"enemies":"Jaw Worm","floor":1,"turns":3},{"damage":6,"enemies":"2 Louse","floor":3,"turns":2},{"damage":0,"enemies":"Cultist","floor":4,"turns":4},{"damage":38,"enemies":"3 Sentries","floor":7,"turns":5},{"damage":15,"enemies":"Large Slime","floor":8,"turns":5},{"damage":22,"enemies":"Gremlin Nob","floor":11,"turns":5},{"damage":3,"enemies":"Looter","floor":14,"turns":3},{"damage":26,"enemies":"Slime Boss","floor":16,"turns":7},{"damage":31,"enemies":"Spheric Guardian","floor":18,"turns":4},{"damage":26,"enemies":"3 Byrds","floor":19,"turns":5},{"damage":20,"enemies":"Centurion and Healer","floor":22,"turns":5},{"damage":32,"enemies":"Chosen and Byrds","floor":25,"turns":6},{"damage":7,"enemies":"Cultist and Chosen","floor":28,"turns":4},{"damage":38,"enemies":"Collector","floor":33,"turns":3}],"seed_played":"42027124164956025","potions_obtained":[{"floor":1,"key":"Regen Potion"},{"floor":8,"key":"Block Potion"},{"floor":14,"key":"SpeedPotion"},{"floor":18,"key":"SpeedPotion"},{"floor":22,"key":"EssenceOfSteel"}],"is_trial":false,"path_per_floor":["M","?","M","M","?","?","E","M","T","?","E","?","R","M","R","B",null,"M","M","$","?","M","R","?","M","T","R","M","?","$","T","R","B"],"character_chosen":"IRONCLAD","items_purchased":["Demon Form","Gremlin Horn","Mercury Hourglass"],"campfire_rested":4,"item_purchase_floors":[20,20,30],"current_hp_per_floor":[72,69,69,72,65,65,47,38,38,38,22,11,32,35,35,15,72,47,27,27,27,13,34,34,8,8,29,28,12,12,12,33,0],"gold":62,"neow_bonus":"RANDOM_COLORLESS_2","is_prod":false,"is_daily":false,"chose_seed":false,"campfire_upgraded":1,"win_rate":0,"timestamp":1559875035,"path_taken":["M","?","M","M","?","?","E","?","T","?","E","?","R","M","R","BOSS","M","M","$","?","M","R","?","?","T","R","M","?","$","?","R","BOSS"],"build_version":"2019-01-23","purchased_purges":1,"victory":false,"max_hp_per_floor":[72,72,72,72,72,72,72,72,72,72,72,72,72,72,72,72,72,72,72,72,72,72,72,72,72,72,72,72,72,72,72,72,72],"card_choices":[{"not_picked":["Clash","Wild Strike"],"picked":"Rupture","floor":1},{"not_picked":["Heavy Blade","Corruption"],"picked":"Cleave","floor":3},{"not_picked":["Evolve","True Grit"],"picked":"Combust","floor":4},{"not_picked":["True Grit","Flame Barrier"],"picked":"Flex","floor":7},{"not_picked":["Heavy Blade","Pommel Strike"],"picked":"Fire Breathing","floor":8},{"not_picked":["Flex","Shrug It Off"],"picked":"Carnage","floor":11},{"not_picked":["Flex","Rage"],"picked":"Infernal Blade","floor":14},{"not_picked":["Juggernaut","Offering"],"picked":"Limit Break","floor":16},{"not_picked":["Iron Wave+1","Metallicize"],"picked":"Whirlwind","floor":18},{"not_picked":["Thunderclap","Combust"],"picked":"Headbutt","floor":19},{"not_picked":["Clash+1","Armaments"],"picked":"Infernal Blade+1","floor":22},{"not_picked":["Warcry","Feel No Pain"],"picked":"Seeing Red","floor":25},{"not_picked":["Havoc","Shrug It Off","Pommel Strike+1"],"picked":"SKIP","floor":28}],"player_experience":815200,"relics_obtained":[{"floor":7,"key":"MawBank"},{"floor":11,"key":"Anchor"},{"floor":26,"key":"Tiny Chest"},{"floor":29,"key":"Enchiridion"},{"floor":31,"key":"Bottled Tornado"}],"event_choices":[{"damage_healed":0,"gold_gain":0,"player_choice":"Success","damage_taken":3,"relics_obtained":["Champion Belt"],"max_hp_gain":0,"max_hp_loss":0,"event_name":"Scrap Ooze","floor":2,"gold_loss":0},{"cards_removed":["Strike_R"],"damage_healed":0,"gold_gain":0,"player_choice":"Card Removal","damage_taken":7,"max_hp_gain":0,"max_hp_loss":0,"event_name":"Golden Wing","floor":5,"gold_loss":0},{"damage_healed":0,"gold_gain":0,"player_choice":"Cursed","damage_taken":0,"max_hp_gain":0,"max_hp_loss":0,"event_name":"Wheel of Change","floor":6,"gold_loss":0,"cards_obtained":["Decay"]},{"cards_removed":["Decay"],"damage_healed":0,"gold_gain":0,"player_choice":"Forget","damage_taken":0,"max_hp_gain":0,"max_hp_loss":0,"event_name":"Living Wall","floor":10,"gold_loss":0},{"damage_healed":0,"gold_gain":75,"player_choice":"Gather Gold","damage_taken":11,"max_hp_gain":0,"max_hp_loss":0,"event_name":"World of Goop","floor":12,"gold_loss":0},{"cards_removed":["Forethought"],"damage_healed":0,"gold_gain":0,"player_choice":"Elegance","damage_taken":0,"max_hp_gain":0,"max_hp_loss":0,"event_name":"Back to Basics","floor":21,"gold_loss":0},{"damage_healed":0,"gold_gain":0,"player_choice":"Copied","damage_taken":0,"max_hp_gain":0,"max_hp_loss":0,"event_name":"Duplicator","floor":24,"gold_loss":0,"cards_obtained":["Finesse"]},{"damage_healed":0,"gold_gain":0,"player_choice":"Obtained Book","damage_taken":16,"max_hp_gain":0,"max_hp_loss":0,"event_name":"Cursed Tome","floor":29,"gold_loss":0}],"is_beta":false,"boss_relics":[{"not_picked":["Black Star","Runic Cube"],"picked":"Philosopher\u0027s Stone"}],"items_purged_floors":[20],"is_endless":false,"potions_floor_spawned":[1,8,14,18,22],"killed_by":"Collector","ascension_level":0}