{"gold_per_floor":[116,46,64,64,83,83,98,130,155,155,173,123,140,173,173,270,270,286,286,298,316,335,335,364,364,432,54,54,64,164,176,176,276,326,339,339,339,339,357,357,369,382,431,431,445,461,487,505,505,505],"floor_reached":50,"playtime":2518,"items_purged":["Defend_R","Strike_R"],"score":586,"play_id":"206c15a5-18fd-4419-9210-98c702f41be6","local_time":"20181215184323","is_ascension_mode":true,"campfire_choices":[{"data":"Bash","floor":6,"key":"SMITH"},{"data":"Inflame","floor":10,"key":"SMITH"},{"data":"Heavy Blade","floor":15,"key":"SMITH"},{"data":"Shrug It Off","floor":23,"key":"SMITH"},{"floor":25,"key":"REST"},{"data":"Inflame","floor":28,"key":"SMITH"},{"data":"Metallicize","floor":32,"key":"SMITH"},{"data":"True Grit","floor":40,"key":"SMITH"},{"data":"Warcry","floor":44,"key":"SMITH"},{"data":"Metallicize","floor":49,"key":"SMITH"}],"neow_cost":"NONE","seed_source_timestamp":680188933741097,"circlet_count":0,"master_deck":["Strike_R","Strike_R","Strike_R","Strike_R","Defend_R","Defend_R","Defend_R+1","Bash+1","Ghostly Armor+1","Headbutt","Inflame+1","Twin Strike","Shrug It Off+1","Heavy Blade+1","Limit Break+1","Shrug It Off+1","Rage+1","Warcry+1","Headbutt","Inflame+1","Metallicize+1","Brutality+1","True Grit+1","Ghostly Armor+1","Disarm+1","Heavy Blade+1","Metallicize+1"],"relics":["Black Blood","Dream Catcher","War Paint","Smiling Mask","Oddly Smooth Stone","Dodecahedron","Meat on the Bone","Pantograph","Magic Flower","Darkstone Periapt","Tiny House","Centennial Puzzle","Toxic Egg 2"],"potions_floor_usage":[8,16,30,30,30,35,42,42,46,50,50],"damage_taken":[{"damage":5,"enemies":"Cultist","floor":1,"turns":4},{"damage":7,"enemies":"Small Slimes","floor":3,"turns":5},{"damage":2,"enemies":"2 Louse","floor":5,"turns":2},{"damage":17,"enemies":"Exordium Thugs","floor":7,"turns":5},{"damage":0,"enemies":"Gremlin Nob","floor":8,"turns":2},{"damage":5,"enemies":"Red Slaver","floor":11,"turns":3},{"damage":12,"enemies":"Looter","floor":13,"turns":4},{"damage":11,"enemies":"3 Sentries","floor":14,"turns":8},{"damage":43,"enemies":"Hexaghost","floor":16,"turns":9},{"damage":21,"enemies":"Spheric Guardian","floor":18,"turns":4},{"damage":17,"enemies":"3 Byrds","floor":20,"turns":5},{"damage":0,"enemies":"Snecko","floor":21,"turns":2},{"damage":2,"enemies":"Snake Plant","floor":22,"turns":5},{"damage":65,"enemies":"Book of Stabbing","floor":24,"turns":7},{"damage":6,"enemies":"Shelled Parasite and Fungi","floor":29,"turns":4},{"damage":10,"enemies":"Colosseum Slavers","floor":30,"turns":4},{"damage":40,"enemies":"Colosseum Nobs","floor":30,"turns":4},{"damage":9,"enemies":"Snecko","floor":31,"turns":5},{"damage":50,"enemies":"Collector","floor":33,"turns":8},{"damage":13,"enemies":"Orb Walker","floor":35,"turns":5},{"damage":29,"enemies":"3 Darklings","floor":39,"turns":7},{"damage":54,"enemies":"Spire Growth","floor":41,"turns":6},{"damage":20,"enemies":"Jaw Worm Horde","floor":42,"turns":5},{"damage":21,"enemies":"4 Shapes","floor":45,"turns":6},{"damage":48,"enemies":"Transient","floor":46,"turns":5},{"damage":13,"enemies":"Nemesis","floor":47,"turns":7},{"damage":24,"enemies":"Jaw Worm Horde","floor":48,"turns":5},{"damage":100,"enemies":"Awakened One","floor":50,"turns":7}],"seed_played":"-254138581589299020","potions_obtained":[{"floor":5,"key":"SteroidPotion"},{"floor":7,"key":"GamblersBrew"},{"floor":8,"key":"SmokeBomb"},{"floor":11,"key":"Poison Potion"},{"floor":14,"key":"EssenceOfSteel"},{"floor":24,"key":"PowerPotion"},{"floor":29,"key":"FearPotion"},{"floor":31,"key":"Regen Potion"},{"floor":33,"key":"FearPotion"},{"floor":34,"key":"Energy Potion"},{"floor":41,"key":"Fire Potion"},{"floor":42,"key":"SteroidPotion"},{"floor":46,"key":"PowerPotion"}],"is_trial":false,"path_per_floor":["M","$","M","?","M","R","M","E","T","R","M","$","M","E","R","B",null,"M","?","M","M","M","R","E","R","T","$","R","M","?","M","R","B",null,"M","?","?","?","M","R","M","M","T","R","M","M","E","M","R","B"],"character_chosen":"IRONCLAD","items_purchased":["Ghostly Armor","Inflame","Pantograph"],"campfire_rested":1,"item_purchase_floors":[2,27,27],"current_hp_per_floor":[80,80,79,79,80,80,69,75,75,75,76,76,70,65,65,28,80,69,69,62,72,80,80,25,49,49,49,49,53,35,59,59,63,85,85,85,81,81,67,67,46,59,59,59,71,56,58,67,67,0],"gold":505,"neow_bonus":"RANDOM_COMMON_RELIC","is_prod":false,"is_daily":false,"chose_seed":false,"campfire_upgraded":9,"win_rate":0,"timestamp":1544895803,"path_taken":["M","?","M","?","M","R","M","E","T","R","M","$","M","E","R","BOSS","M","?","?","M","M","R","E","R","T","?","R","M","?","M","R","BOSS","M","?","?","?","M","R","M","M","T","R","?","M","E","M","R","BOSS"],"build_version":"2018-12-13","purchased_purges":2,"victory":false,"max_hp_per_floor":[80,80,80,80,80,80,80,80,80,80,80,80,80,80,80,80,80,80,80,80,80,80,80,80,80,80,80,80,80,80,80,80,80,85,85,85,81,81,81,81,81,81,81,81,81,81,81,81,81,81],"card_choices":[{"not_picked":["Wild Strike","Armaments","Sword Boomerang"],"picked":"SKIP","floor":1},{"not_picked":["Bloodletting","Clothesline"],"picked":"Headbutt","floor":3},{"not_picked":["Rampage","Anger"],"picked":"Inflame","floor":5},{"not_picked":["Cleave","Bloodletting"],"picked":"Twin Strike","floor":7},{"not_picked":["Warcry","Ghostly Armor"],"picked":"Shrug It Off","floor":8},{"not_picked":["Uppercut","Blood for Blood","Burning Pact"],"picked":"SKIP","floor":11},{"not_picked":["Burning Pact","Feed"],"picked":"Heavy Blade","floor":13},{"not_picked":["Corruption","Iron Wave"],"picked":"Cleave","floor":14},{"not_picked":["Offering","Exhume"],"picked":"Limit Break","floor":16},{"not_picked":["Armaments","Perfected Strike"],"picked":"Shrug It Off+1","floor":18},{"not_picked":["Perfected Strike","Blood for Blood"],"picked":"Rage+1","floor":20},{"not_picked":["Shrug It Off","Corruption","Bloodletting"],"picked":"SKIP","floor":21},{"not_picked":["Sword Boomerang","Havoc","Clash"],"picked":"SKIP","floor":22},{"not_picked":["Carnage","Perfected Strike+1"],"picked":"Warcry","floor":24},{"not_picked":["Cleave+1","Thunderclap"],"picked":"Headbutt","floor":25},{"not_picked":["Wild Strike+1","Demon Form"],"picked":"Metallicize","floor":29},{"not_picked":["Body Slam","Havoc","Reckless Charge"],"picked":"SKIP","floor":31},{"not_picked":["Exhume","Demon Form"],"picked":"Brutality","floor":33},{"not_picked":["Clash","Searing Blow"],"picked":"True Grit","floor":34},{"not_picked":["Headbutt","Rage","Thunderclap+1"],"picked":"SKIP","floor":35},{"not_picked":["Shrug It Off","Perfected Strike","True Grit"],"picked":"SKIP","floor":39},{"not_picked":["Second Wind","Thunderclap+1"],"picked":"Ghostly Armor+1","floor":41},{"not_picked":["Juggernaut","Corruption"],"picked":"Disarm+1","floor":42},{"not_picked":["Headbutt+1","Iron Wave","Thunderclap"],"picked":"SKIP","floor":45},{"not_picked":["Cleave","Flex+1","Warcry"],"picked":"SKIP","floor":46},{"not_picked":["Berserk","Second Wind+1"],"picked":"Heavy Blade+1","floor":47},{"not_picked":["Sword Boomerang","Body Slam+1"],"picked":"Metallicize","floor":48}],"player_experience":632507,"relics_obtained":[{"floor":8,"key":"War Paint"},{"floor":9,"key":"Smiling Mask"},{"floor":14,"key":"Oddly Smooth Stone"},{"floor":24,"key":"Dodecahedron"},{"floor":26,"key":"Meat on the Bone"},{"floor":30,"key":"Magic Flower"},{"floor":30,"key":"Darkstone Periapt"},{"floor":43,"key":"Centennial Puzzle"},{"floor":47,"key":"Toxic Egg 2"}],"event_choices":[{"damage_healed":0,"gold_gain":0,"player_choice":"Ignored","damage_taken":0,"max_hp_gain":0,"max_hp_loss":0,"event_name":"Golden Idol","floor":4,"gold_loss":0},{"damage_healed":0,"gold_gain":0,"player_choice":"Forge","damage_taken":0,"max_hp_gain":0,"max_hp_loss":0,"event_name":"Accursed Blacksmith","floor":19,"gold_loss":0,"cards_upgraded":["Limit Break"]},{"damage_healed":0,"gold_gain":0,"player_choice":"Fight","damage_taken":0,"max_hp_gain":0,"max_hp_loss":0,"event_name":"Colosseum","floor":30,"gold_loss":0},{"damage_healed":0,"gold_gain":0,"player_choice":"Fought Nobs","damage_taken":0,"max_hp_gain":0,"max_hp_loss":0,"event_name":"Colosseum","floor":30,"gold_loss":0},{"cards_removed":["Cleave"],"damage_healed":0,"gold_gain":0,"player_choice":"Removed Attack","damage_taken":0,"max_hp_gain":0,"max_hp_loss":0,"event_name":"Falling","floor":36,"gold_loss":0},{"damage_healed":0,"gold_gain":0,"player_choice":"Max HP","damage_taken":0,"max_hp_gain":0,"max_hp_loss":4,"event_name":"Winding Halls","floor":37,"gold_loss":0},{"damage_healed":0,"gold_gain":0,"player_choice":"0 cards matched","damage_taken":0,"max_hp_gain":0,"max_hp_loss":0,"event_name":"Match and Keep!","floor":38,"gold_loss":0,"cards_obtained":[]}],"is_beta":false,"boss_relics":[{"not_picked":["Runic Dome","Black Star"],"picked":"Black Blood"},{"not_picked":["Philosopher\u0027s Stone","Lizard Tail"],"picked":"Tiny House"}],"items_purged_floors":[12,27],"is_endless":false,"potions_floor_spawned":[5,7,8,11,14,24,29,30,31,33,41,42,46],"killed_by":"Awakened One","ascension_level":1}