{"gold_per_floor":[118,130,130,142,142,172,172,189,189,189],"floor_reached":10,"playtime":314,"items_purged":[],"score":75,"play_id":"002f1ce0-7f51-45cd-b9b9-a565ad042c49","local_time":"20190716235238","is_ascension_mode":true,"campfire_choices":[{"floor":7,"key":"REST"}],"neow_cost":"TEN_PERCENT_HP_LOSS","seed_source_timestamp":451874718820598,"circlet_count":0,"master_deck":["Strike_B","Strike_B","Strike_B","Defend_B","Defend_B","Defend_B","Defend_B","Zap","Dualcast","Madness","Apotheosis","Turbo","Biased Cognition","Tempest","Beam Cell","Ball Lightning"],"relics":["Cracked Core","Regal Pillow","Meat on the Bone"],"potions_floor_usage":[6],"damage_taken":[{"damage":7,"enemies":"Small Slimes","floor":1,"turns":4},{"damage":8,"enemies":"2 Louse","floor":2,"turns":3},{"damage":0,"enemies":"Cultist","floor":4,"turns":3},{"damage":34,"enemies":"Gremlin Nob","floor":6,"turns":4},{"damage":32,"enemies":"Lots of Slimes","floor":8,"turns":3},{"damage":30,"enemies":"3 Sentries","floor":10,"turns":4}],"seed_played":"646337752846232761","potions_obtained":[{"floor":2,"key":"Swift Potion"},{"floor":4,"key":"Poison Potion"}],"is_trial":false,"path_per_floor":["M","M","?","M","?","E","R","M","T","E"],"character_chosen":"DEFECT","items_purchased":[],"campfire_rested":1,"item_purchase_floors":[],"current_hp_per_floor":[61,53,58,58,58,24,60,28,28,0],"gold":189,"neow_bonus":"RANDOM_COLORLESS_2","is_prod":false,"is_daily":false,"chose_seed":false,"campfire_upgraded":0,"win_rate":0,"timestamp":1563335558,"path_taken":["M","M","?","M","?","E","R","?","T","E"],"build_version":"2019-07-05","purchased_purges":0,"victory":false,"max_hp_per_floor":[68,68,73,73,73,73,73,73,73,73],"card_choices":[{"not_picked":["Fusion","Conserve Battery"],"picked":"Turbo","floor":1},{"not_picked":["Doom and Gloom","Leap"],"picked":"Biased Cognition","floor":2},{"not_picked":["Sweeping Beam","Hologram"],"picked":"Tempest","floor":4},{"not_picked":["Coolheaded","Glacier"],"picked":"Beam Cell","floor":6},{"not_picked":["Leap","Steam"],"picked":"Ball Lightning","floor":8}],"player_experience":186085,"relics_obtained":[{"floor":6,"key":"Regal Pillow"},{"floor":9,"key":"Meat on the Bone"}],"event_choices":[{"damage_healed":0,"gold_gain":0,"player_choice":"Donut","damage_taken":0,"max_hp_gain":5,"max_hp_loss":0,"event_name":"Big Fish","floor":3,"gold_loss":0},{"cards_removed":["Strike_B"],"damage_healed":0,"gold_gain":0,"player_choice":"Purged","damage_taken":0,"max_hp_gain":0,"max_hp_loss":0,"event_name":"Purifier","floor":5,"gold_loss":0}],"is_beta":false,"boss_relics":[],"items_purged_floors":[],"is_endless":false,"potions_floor_spawned":[2,4],"killed_by":"3 Sentries","ascension_level":2}