{"gold_per_floor":[365,52,68,80,80,80,5,16,16,16,16,16,33,44,44,117,117,134,134,149,73,89,89,103,103,126,126],"floor_reached":27,"playtime":1034,"items_purged":["Strike_G"],"score":390,"play_id":"29a28a9e-87a2-4781-b078-507609648efd","local_time":"20190222100732","is_ascension_mode":true,"campfire_choices":[{"data":"Neutralize","floor":6.0,"key":"SMITH"},{"floor":10.0,"key":"DIG"},{"data":"Noxious Fumes","floor":12.0,"key":"SMITH"},{"data":"Catalyst","floor":15.0,"key":"SMITH"},{"floor":23,"key":"REST"}],"neow_cost":"TEN_PERCENT_HP_LOSS","seed_source_timestamp":1307077788261747,"circlet_count":0,"master_deck":["AscendersBane","Defend_G","Defend_G","Defend_G","Defend_G","Defend_G","Strike_G","Strike_G","Strike_G","Survivor","Neutralize+1","Dagger Throw","Deadly Poison","Catalyst+1","Noxious Fumes+1","Blur","Well Laid Plans","Backflip+1","Backflip","Footwork","After Image","Bane","Regret"],"special_seed":0,"relics":["Ring of the Snake","TwistedFunnel","Shovel","Tingsha","Cursed Key","Happy Flower"],"potions_floor_usage":[],"damage_taken":[{"damage":4.0,"enemies":"Cultist","floor":1.0,"turns":4.0},{"damage":0.0,"enemies":"2 Louse","floor":3.0,"turns":2.0},{"damage":0.0,"enemies":"Small Slimes","floor":4.0,"turns":3.0},{"damage":6.0,"enemies":"Blue Slaver","floor":8.0,"turns":3.0},{"damage":0.0,"enemies":"2 Fungi Beasts","floor":13.0,"turns":3.0},{"damage":1.0,"enemies":"Looter","floor":14.0,"turns":4.0},{"damage":15.0,"enemies":"Hexaghost","floor":16.0,"turns":6.0},{"damage":10.0,"enemies":"Spheric Guardian","floor":18.0,"turns":4.0},{"damage":11.0,"enemies":"3 Byrds","floor":20.0,"turns":3.0},{"damage":17.0,"enemies":"3 Cultists","floor":22.0,"turns":6.0},{"damage":11,"enemies":"Cultist and Chosen","floor":24,"turns":9},{"damage":6,"enemies":"Centurion and Healer","floor":27,"turns":3}],"seed_played":"-251663937641705281","potions_obtained":[{"floor":1.0,"key":"EssenceOfSteel"},{"floor":3.0,"key":"Regen Potion"},{"floor":16.0,"key":"Energy Potion"}],"is_trial":false,"path_per_floor":["M","$","M","M","$","R","?","M","T","R","$","R","M","M","R","B",null,"M","?","M","$","M","R","M","?","T","M"],"character_chosen":"THE_SILENT","items_purchased":["TwistedFunnel","Deadly Poison","Footwork"],"campfire_rested":1,"item_purchase_floors":[2,2,21],"current_hp_per_floor":[55,55,55,55,55,55,55,49,49,49,49,49,49,48,48,33,53,43,43,32,32,15,33,22,6,6,0],"gold":126,"neow_bonus":"TWO_FIFTY_GOLD","is_prod":false,"is_daily":false,"chose_seed":false,"campfire_upgraded":3,"win_rate":0,"timestamp":1550826452,"path_taken":["M","?","M","M","$","R","?","M","T","R","$","R","M","M","R","BOSS","M","?","M","$","M","R","?","?","T","M"],"build_version":"2019-01-23","purchased_purges":1,"victory":false,"max_hp_per_floor":[60,60,60,60,60,60,60,60,60,60,60,60,60,60,60,60,60,60,60,60,60,60,60,60,65,65,65],"card_choices":[{"not_picked":["Flying Knee","Deflect"],"picked":"Dagger Throw","floor":1.0},{"not_picked":["Deflect","Expertise"],"picked":"Catalyst","floor":3.0},{"not_picked":["Prepared","Deadly Poison"],"picked":"Noxious Fumes","floor":4.0},{"not_picked":["Deflect","Adrenaline"],"picked":"Blur","floor":8.0},{"not_picked":["Blade Dance","Backflip"],"picked":"Well Laid Plans","floor":13.0},{"not_picked":["Quick Slash","Expertise","Poisoned Stab"],"picked":"SKIP","floor":14.0},{"not_picked":["Predator","Flechettes"],"picked":"Backflip+1","floor":18.0},{"not_picked":["PiercingWail","Bane"],"picked":"Backflip","floor":20.0},{"not_picked":["Outmaneuver","Caltrops"],"picked":"After Image","floor":22.0},{"not_picked":["Slice","Dagger Spray"],"picked":"Bane","floor":24}],"player_experience":856390,"relics_obtained":[{"floor":9.0,"key":"Shovel"},{"floor":10.0,"key":"Tingsha"},{"floor":26,"key":"Happy Flower"}],"event_choices":[{"cards_removed":["Strike_G"],"damage_healed":0.0,"max_hp_gain":0.0,"max_hp_loss":0.0,"gold_gain":0.0,"event_name":"The Cleric","player_choice":"Card Removal","floor":7.0,"gold_loss":75.0,"damage_taken":0.0},{"damage_healed":0.0,"max_hp_gain":0.0,"max_hp_loss":0.0,"gold_gain":0.0,"event_name":"Match and Keep!","player_choice":"0 cards matched","floor":19.0,"gold_loss":0.0,"damage_taken":0.0,"cards_obtained":[]},{"damage_healed":0,"gold_gain":0,"player_choice":"Shed Blood","damage_taken":21,"max_hp_gain":5,"max_hp_loss":0,"event_name":"Forgotten Altar","floor":25,"gold_loss":0}],"is_beta":false,"boss_relics":[{"not_picked":["Tiny House","Velvet Choker"],"picked":"Cursed Key"}],"items_purged_floors":[2],"is_endless":false,"potions_floor_spawned":[1,3,13,16,22],"killed_by":"Centurion and Healer","ascension_level":18}