{"gold_per_floor":[118,61,71,84,84,84,84,84,84,9,26,26,26,39,39,39],"floor_reached":16,"playtime":409,"items_purged":[],"score":162,"play_id":"4532d7bc-11d0-416c-85c8-86883a922eef","local_time":"20190203174051","is_ascension_mode":true,"campfire_choices":[{"data":"Neutralize","floor":6,"key":"SMITH"},{"data":"Acrobatics","floor":8,"key":"SMITH"},{"data":"Poisoned Stab","floor":12,"key":"SMITH"},{"data":"Footwork","floor":15,"key":"SMITH"}],"neow_cost":"TEN_PERCENT_HP_LOSS","seed_source_timestamp":247321727606714,"circlet_count":0,"master_deck":["AscendersBane","Defend_G","Defend_G","Defend_G","Defend_G","Strike_G+1","Strike_G","Strike_G+1","Survivor","Neutralize+1","Poisoned Stab+1","Backflip","Acrobatics+1","Blur","Flying Knee","Footwork+1"],"relics":["Ring of the Snake","Pear","Whetstone"],"potions_floor_usage":[],"damage_taken":[{"damage":1,"enemies":"Jaw Worm","floor":1,"turns":5},{"damage":0,"enemies":"2 Louse","floor":3,"turns":4},{"damage":0,"enemies":"Small Slimes","floor":4,"turns":4},{"damage":1,"enemies":"Looter","floor":11,"turns":4},{"damage":0,"enemies":"Exordium Thugs","floor":14,"turns":5},{"damage":76,"enemies":"Slime Boss","floor":16,"turns":9}],"seed_played":"6846501177277417394","potions_obtained":[{"floor":3,"key":"Strength Potion"},{"floor":11,"key":"PowerPotion"}],"is_trial":false,"path_per_floor":["M","$","M","M","?","R","?","R","T","?","M","R","T","M","R","B"],"character_chosen":"THE_SILENT","items_purchased":["Backflip"],"campfire_rested":0,"item_purchase_floors":[2],"current_hp_per_floor":[58,58,58,58,58,58,63,63,73,73,72,72,72,72,72,0],"gold":39,"neow_bonus":"REMOVE_TWO","is_prod":false,"is_daily":false,"chose_seed":false,"campfire_upgraded":4,"win_rate":0,"timestamp":1549212051,"path_taken":["M","$","M","M","?","R","?","R","T","?","M","R","?","M","R","BOSS"],"build_version":"2019-01-23","purchased_purges":0,"victory":false,"max_hp_per_floor":[60,60,60,60,60,60,65,65,75,75,75,75,75,75,75,75],"card_choices":[{"not_picked":["PiercingWail","Endless Agony"],"picked":"Poisoned Stab","floor":1},{"not_picked":["Terror","Dagger Throw"],"picked":"Acrobatics","floor":3},{"not_picked":["Infinite Blades","PiercingWail"],"picked":"Blur","floor":4},{"not_picked":["Bane","All Out Attack"],"picked":"Flying Knee","floor":11},{"not_picked":["Dodge and Roll","Well Laid Plans"],"picked":"Footwork","floor":14}],"player_experience":772937,"relics_obtained":[{"floor":9,"key":"Pear"},{"floor":13,"key":"Whetstone"}],"event_choices":[{"damage_healed":0,"gold_gain":0,"player_choice":"Ignored","damage_taken":0,"max_hp_gain":0,"max_hp_loss":0,"event_name":"Golden Idol","floor":5,"gold_loss":0},{"damage_healed":0,"gold_gain":0,"player_choice":"Donut","damage_taken":0,"max_hp_gain":5,"max_hp_loss":0,"event_name":"Big Fish","floor":7,"gold_loss":0},{"cards_removed":["Strike_G"],"damage_healed":0,"gold_gain":0,"player_choice":"Card Removal","damage_taken":0,"max_hp_gain":0,"max_hp_loss":0,"event_name":"The Cleric","floor":10,"gold_loss":75}],"is_beta":false,"boss_relics":[],"items_purged_floors":[],"is_endless":false,"potions_floor_spawned":[3,11],"killed_by":"Slime Boss","ascension_level":16}