{"gold_per_floor":[117,117,6,181,181,181,196,196,220,246,29,39,49,65,65,165,165,181,181,181,198,210,210,258,258,258,61,61,61,74,74],"floor_reached":31,"playtime":1199,"items_purged":["Defend_G","Defend_G"],"score":318,"play_id":"1d38b9a7-ad95-4852-a351-74f249cc77a7","local_time":"20190729155335","is_ascension_mode":true,"campfire_choices":[{"data":"Footwork","floor":6,"key":"SMITH"},{"data":"Tools of the Trade","floor":8,"key":"SMITH"},{"data":"Accuracy","floor":15,"key":"SMITH"},{"data":"Accuracy","floor":23,"key":"SMITH"},{"data":"Accuracy","floor":25,"key":"SMITH"},{"data":"Panache","floor":28,"key":"SMITH"}],"neow_cost":"NONE","seed_source_timestamp":1545455517230466,"circlet_count":0,"master_deck":["Strike_G+1","Strike_G","Strike_G","Strike_G","Strike_G","Defend_G","Defend_G","Defend_G+1","Survivor+1","Neutralize+1","Cloak And Dagger","Footwork+1","Doubt","Tools of the Trade+1","Cloak And Dagger","Infinite Blades","Accuracy+1","Terror","After Image","Acrobatics","Masterful Stab","Accuracy+1","Endless Agony","Masterful Stab","Cloak And Dagger","Accuracy+1","Blade Dance","Cloak And Dagger","Panache+1","Panache+1"],"relics":["Ring of the Snake","War Paint","Bottled Tornado","Blood Vial","Orrery","Nloth\u0027s Gift","Regal Pillow","Pear"],"potions_floor_usage":[16,30,30,31,31],"damage_taken":[{"damage":7,"enemies":"Small Slimes","floor":1,"turns":6},{"damage":1,"enemies":"Jaw Worm","floor":7,"turns":6},{"damage":30,"enemies":"Gremlin Nob","floor":10,"turns":7},{"damage":0,"enemies":"2 Louse","floor":12,"turns":4},{"damage":0,"enemies":"Blue Slaver","floor":13,"turns":4},{"damage":1,"enemies":"Red Slaver","floor":14,"turns":4},{"damage":25,"enemies":"The Guardian","floor":16,"turns":9},{"damage":3,"enemies":"Shell Parasite","floor":18,"turns":5},{"damage":8,"enemies":"Chosen","floor":21,"turns":6},{"damage":12,"enemies":"Centurion and Healer","floor":22,"turns":8},{"damage":36,"enemies":"Shelled Parasite and Fungi","floor":30,"turns":3},{"damage":39,"enemies":"Slavers","floor":31,"turns":3}],"seed_played":"-9047993390030192425","potions_obtained":[{"floor":10,"key":"LiquidBronze"},{"floor":12,"key":"GamblersBrew"},{"floor":14,"key":"Ancient Potion"},{"floor":21,"key":"Ancient Potion"},{"floor":22,"key":"Energy Potion"},{"floor":30,"key":"Poison Potion"}],"is_trial":false,"path_per_floor":["M","?","$","?","T","R","M","R","T","E","$","M","M","M","R","B",null,"M","?","?","M","M","R","T","R","T","$","R","?","M","E"],"character_chosen":"THE_SILENT","items_purchased":["Footwork","Cloak And Dagger","Infinite Blades","Cloak And Dagger","Panache"],"campfire_rested":0,"item_purchase_floors":[3,11,11,27,27],"current_hp_per_floor":[70,67,67,67,67,67,66,66,66,36,36,38,40,41,41,18,77,74,74,74,68,58,58,58,58,68,68,68,68,34,0],"gold":74,"neow_bonus":"TEN_PERCENT_HP_BONUS","is_prod":false,"is_daily":false,"chose_seed":false,"campfire_upgraded":6,"win_rate":0,"timestamp":1564430015,"path_taken":["M","?","$","?","?","R","M","R","T","E","$","M","M","M","R","BOSS","M","?","?","?","M","R","?","R","T","$","R","?","?","E"],"build_version":"2019-07-17","purchased_purges":2,"victory":false,"max_hp_per_floor":[77,77,77,77,77,77,77,77,77,77,77,77,77,77,77,77,77,77,77,77,77,77,77,77,77,87,87,87,87,87,87],"card_choices":[{"not_picked":["Prepared","PiercingWail"],"picked":"Cloak And Dagger","floor":1},{"not_picked":["PiercingWail","Deadly Poison"],"picked":"Tools of the Trade","floor":7},{"not_picked":["Outmaneuver","Flying Knee","Quick Slash"],"picked":"SKIP","floor":10},{"not_picked":["Prepared","PiercingWail","Distraction"],"picked":"SKIP","floor":12},{"not_picked":["Crippling Poison","Wraith Form v2"],"picked":"Accuracy","floor":13},{"not_picked":["Leg Sweep","Backflip"],"picked":"Terror","floor":14},{"not_picked":["Envenom","Doppelganger"],"picked":"After Image","floor":16},{"not_picked":["Slice","Dagger Spray"],"picked":"Acrobatics","floor":17},{"not_picked":["Slice","Backflip"],"picked":"Masterful Stab","floor":17},{"not_picked":["Bullet Time","Flying Knee"],"picked":"Accuracy","floor":17},{"not_picked":["Poisoned Stab","Flechettes"],"picked":"Endless Agony","floor":17},{"not_picked":["Flying Knee","Quick Slash"],"picked":"Masterful Stab","floor":17},{"not_picked":["Concentrate","Masterful Stab"],"picked":"Cloak And Dagger","floor":18},{"not_picked":["Well Laid Plans","Flying Knee"],"picked":"Blade Dance","floor":21},{"not_picked":["Tools of the Trade","Dagger Spray","Bane"],"picked":"SKIP","floor":22},{"not_picked":["Dagger Spray","Quick Slash","Dagger Throw"],"picked":"SKIP","floor":30}],"player_experience":202596,"relics_obtained":[{"floor":5,"key":"Bottled Tornado"},{"floor":9,"key":"Whetstone"},{"floor":10,"key":"Blood Vial"},{"floor":24,"key":"Regal Pillow"},{"floor":26,"key":"Pear"}],"event_choices":[{"damage_healed":0,"gold_gain":0,"player_choice":"Success","damage_taken":3,"relics_obtained":["War Paint"],"max_hp_gain":0,"max_hp_loss":0,"event_name":"Scrap Ooze","floor":2,"gold_loss":0},{"damage_healed":0,"gold_gain":175,"player_choice":"AGREE","damage_taken":0,"max_hp_gain":0,"max_hp_loss":0,"event_name":"Liars Game","floor":4,"gold_loss":0,"cards_obtained":["Doubt"]},{"damage_healed":0,"gold_gain":0,"player_choice":"Read","damage_taken":0,"max_hp_gain":0,"max_hp_loss":0,"event_name":"The Library","floor":19,"gold_loss":0,"cards_obtained":["Accuracy"]},{"damage_healed":0,"gold_gain":0,"player_choice":"Traded Relic","damage_taken":0,"relics_obtained":["Nloth\u0027s Gift"],"max_hp_gain":0,"max_hp_loss":0,"event_name":"N\u0027loth","floor":20,"relics_lost":["Whetstone"],"gold_loss":0},{"damage_healed":0,"gold_gain":0,"player_choice":"Copied","damage_taken":0,"max_hp_gain":0,"max_hp_loss":0,"event_name":"Duplicator","floor":29,"gold_loss":0,"cards_obtained":["Panache"]}],"is_beta":false,"boss_relics":[{"not_picked":["Astrolabe","Velvet Choker"],"picked":"Orrery"}],"items_purged_floors":[3,11],"is_endless":false,"potions_floor_spawned":[10,12,14,21,22,30],"killed_by":"Slavers","ascension_level":3}