{"gold_per_floor":[160,174,174,15,31,43,53,88,88,100,100],"floor_reached":11,"playtime":460,"items_purged":["Strike_R"],"score":77,"play_id":"df2b73b9-e880-4160-a91c-98804a59300c","local_time":"20190728165421","is_ascension_mode":false,"campfire_choices":[],"neow_cost":"NONE","seed_source_timestamp":1547576739265700,"circlet_count":0,"master_deck":["Strike_R","Strike_R","Strike_R","Defend_R","Defend_R+1","Defend_R","Defend_R","Bash","Dropkick","Warcry","Searing Blow","Feel No Pain","Heavy Blade","Corruption","Rampage","Brutality","Intimidate","Flex"],"relics":["Tiny House","Kunai"],"potions_floor_usage":[11,11,11],"damage_taken":[{"damage":0,"enemies":"2 Louse","floor":1,"turns":2},{"damage":15,"enemies":"Cultist","floor":2,"turns":4},{"damage":9,"enemies":"Small Slimes","floor":5,"turns":4},{"damage":15,"enemies":"Red Slaver","floor":6,"turns":5},{"damage":12,"enemies":"Looter","floor":7,"turns":4},{"damage":25,"enemies":"3 Sentries","floor":8,"turns":10},{"damage":8,"enemies":"Blue Slaver","floor":10,"turns":4},{"damage":8,"enemies":"Lagavulin","floor":11,"turns":2}],"seed_played":"-7008595949054064258","potions_obtained":[{"floor":0,"key":"SpeedPotion"},{"floor":1,"key":"GamblersBrew"},{"floor":7,"key":"GamblersBrew"},{"floor":8,"key":"Weak Potion"},{"floor":10,"key":"Fire Potion"}],"is_trial":false,"path_per_floor":["M","M","?","$","M","M","M","E","T","M","E"],"character_chosen":"IRONCLAD","items_purchased":["Feel No Pain","Heavy Blade"],"campfire_rested":0,"item_purchase_floors":[4,4],"current_hp_per_floor":[85,70,70,70,61,46,34,9,9,1,0],"gold":100,"neow_bonus":"BOSS_RELIC","is_prod":false,"is_daily":false,"chose_seed":false,"campfire_upgraded":0,"win_rate":0,"timestamp":1564350861,"path_taken":["M","M","?","$","?","M","?","E","T","M","E"],"build_version":"2019-07-17","purchased_purges":1,"victory":false,"max_hp_per_floor":[85,85,85,85,85,85,85,85,85,85,85],"card_choices":[{"not_picked":["Warcry","Reckless Charge"],"picked":"Dropkick","floor":0},{"not_picked":["Second Wind","Clothesline","Sword Boomerang"],"picked":"SKIP","floor":1},{"not_picked":["Thunderclap","Bloodletting"],"picked":"Warcry","floor":2},{"not_picked":["Heavy Blade","Clothesline"],"picked":"Corruption","floor":5},{"not_picked":["Corruption","Flame Barrier"],"picked":"Rampage","floor":6},{"not_picked":["True Grit","Burning Pact"],"picked":"Brutality","floor":7},{"not_picked":["Twin Strike","Warcry"],"picked":"Intimidate","floor":8},{"not_picked":["Shrug It Off","Pommel Strike"],"picked":"Flex","floor":10}],"player_experience":820500,"relics_obtained":[{"floor":8,"key":"Kunai"}],"event_choices":[{"damage_healed":0,"gold_gain":0,"cards_transformed":["Strike_R"],"player_choice":"Transformed","damage_taken":0,"max_hp_gain":0,"max_hp_loss":0,"event_name":"Transmorgrifier","floor":3,"gold_loss":0,"cards_obtained":["Searing Blow"]}],"is_beta":false,"boss_relics":[],"items_purged_floors":[4],"is_endless":false,"potions_floor_spawned":[1,7,8,10],"killed_by":"Lagavulin","ascension_level":0}