{"gold_per_floor":[110,110,121,139,157,157,187,187,242,273,273,273,273,289,289,367,367,382,1,0,12,23,23,54,54,105,105,105,105,121,43,43,119,119,132,132,151,168,168,186,13,13,39,68,40,52,79,37,37,37],"floor_reached":50,"playtime":4218,"items_purged":[],"score":851,"play_id":"60db605d-821d-44df-868a-0dc6497b1264","local_time":"20190724162958","is_ascension_mode":true,"campfire_choices":[{"data":"Neutralize","floor":6.0,"key":"SMITH"},{"data":"Caltrops","floor":8.0,"key":"SMITH"},{"data":"A Thousand Cuts","floor":11.0,"key":"SMITH"},{"data":"Blur","floor":13.0,"key":"SMITH"},{"data":"Survivor","floor":15.0,"key":"SMITH"},{"floor":23.0,"key":"REST"},{"floor":25,"key":"REST"},{"data":"Sucker Punch","floor":29,"key":"SMITH"},{"floor":32,"key":"REST"},{"floor":42,"key":"REST"},{"floor":46,"key":"REST"},{"floor":49,"key":"REST"}],"neow_cost":"NONE","seed_source_timestamp":414062862478500,"circlet_count":0,"master_deck":["AscendersBane","Strike_G","Strike_G","Strike_G","Strike_G","Defend_G","Defend_G","Defend_G","Defend_G","Defend_G","Survivor+1","Neutralize+1","Bullet Time","Sucker Punch+1","Dagger Spray","Deadly Poison","Blur+1","Caltrops+1","A Thousand Cuts+1","Distraction","Tools of the Trade","Dodge and Roll","The Bomb","Dash","Dash","Decay","Well Laid Plans","Corpse Explosion","Sucker Punch+1","Heel Hook","Die Die Die","Crippling Poison+1"],"special_seed":0,"relics":["Ring of the Snake","Odd Mushroom","Pen Nib","Blood Vial","Question Card","Lizard Tail","Anchor","Bronze Scales","Strawberry","MutagenicStrength","Fusion Hammer","Potion Belt","MawBank"],"potions_floor_usage":[24,35,35,44,47,47,50,50,50],"damage_taken":[{"damage":0.0,"enemies":"2 Louse","floor":1.0,"turns":3.0},{"damage":10.0,"enemies":"Cultist","floor":3.0,"turns":6.0},{"damage":0.0,"enemies":"Jaw Worm","floor":4.0,"turns":6.0},{"damage":0.0,"enemies":"Looter","floor":5.0,"turns":4.0},{"damage":3.0,"enemies":"The Mushroom Lair","floor":7.0,"turns":5.0},{"damage":5.0,"enemies":"Lagavulin","floor":10.0,"turns":5.0},{"damage":0.0,"enemies":"2 Fungi Beasts","floor":14.0,"turns":3.0},{"damage":13.0,"enemies":"Hexaghost","floor":16.0,"turns":10.0},{"damage":21.0,"enemies":"Shell Parasite","floor":18.0,"turns":8.0},{"damage":18.0,"enemies":"3 Byrds","floor":21.0,"turns":5.0},{"damage":9.0,"enemies":"Snecko","floor":22.0,"turns":8.0},{"damage":19,"enemies":"Gremlin Leader","floor":24,"turns":9},{"damage":13,"enemies":"Cultist and Chosen","floor":30,"turns":7},{"damage":48,"enemies":"Automaton","floor":33,"turns":11},{"damage":0,"enemies":"3 Darklings","floor":35,"turns":3},{"damage":12,"enemies":"Orb Walker","floor":37,"turns":4},{"damage":54,"enemies":"Spire Growth","floor":38,"turns":7},{"damage":4,"enemies":"4 Shapes","floor":40,"turns":3},{"damage":10,"enemies":"3 Darklings","floor":44,"turns":2},{"damage":41,"enemies":"Maw","floor":47,"turns":7},{"damage":53,"enemies":"Donu and Deca","floor":50,"turns":8}],"seed_played":"4238694574998535750","potions_obtained":[{"floor":5.0,"key":"SteroidPotion"},{"floor":7.0,"key":"AttackPotion"},{"floor":14.0,"key":"Energy Potion"},{"floor":22.0,"key":"LiquidBronze"},{"floor":33,"key":"GamblersBrew"},{"floor":37,"key":"GhostInAJar"},{"floor":38,"key":"Fire Potion"},{"floor":45,"key":"GhostInAJar"},{"floor":45,"key":"SneckoOil"},{"floor":45,"key":"FearPotion"}],"is_trial":false,"path_per_floor":["M","?","M","M","M","R","?","R","T","E","R","?","R","M","R","B",null,"M","$","?","M","M","R","E","R","T","?","?","R","M","$","R","B",null,"M","?","M","M","$","M","$","R","T","M","?","R","M","$","R","B"],"character_chosen":"THE_SILENT","items_purchased":["The Bomb","Anchor","GhostInAJar","Potion Belt","Dexterity Potion"],"campfire_rested":6,"item_purchase_floors":[19,19,31,41,48],"current_hp_per_floor":[59,59,49,49,49,49,46,46,46,41,41,36,36,38,38,27,56,37,37,37,21,14,33,16,35,42,42,42,42,31,31,52,6,56,58,58,48,32,32,30,30,50,50,42,42,62,23,23,43,0],"gold":37,"neow_bonus":"ONE_RANDOM_RARE_CARD","is_prod":false,"is_daily":false,"chose_seed":false,"campfire_upgraded":6,"win_rate":0,"timestamp":1563978598,"path_taken":["M","?","M","M","?","R","?","R","T","E","R","?","R","?","R","BOSS","M","$","?","M","M","R","E","R","T","?","?","R","M","$","R","BOSS","M","?","M","M","$","M","$","R","T","M","?","R","?","$","R","BOSS"],"build_version":"2019-07-17","purchased_purges":0,"victory":false,"max_hp_per_floor":[66,66,66,66,66,66,66,66,66,66,66,66,66,66,66,66,66,66,66,66,66,66,66,66,66,73,73,73,73,73,73,73,73,73,73,69,69,69,69,69,69,69,69,69,69,69,69,69,69,69],"card_choices":[{"not_picked":["PiercingWail","Bane"],"picked":"Sucker Punch","floor":1.0},{"not_picked":["Flying Knee","Dagger Throw"],"picked":"Dagger Spray","floor":3.0},{"not_picked":["Underhanded Strike","Prepared"],"picked":"Deadly Poison","floor":4.0},{"not_picked":["Poisoned Stab","Outmaneuver"],"picked":"Blur","floor":5.0},{"not_picked":["Escape Plan","Quick Slash"],"picked":"Caltrops","floor":7.0},{"not_picked":["Envenom","Masterful Stab"],"picked":"A Thousand Cuts","floor":10.0},{"not_picked":["Sucker Punch","Deflect","Tactician"],"picked":"Distraction","floor":14.0},{"not_picked":["Glass Knife","Grand Finale","Malaise"],"picked":"Tools of the Trade","floor":16.0},{"not_picked":["Backflip","Bouncing Flask","Underhanded Strike"],"picked":"Dodge and Roll","floor":18.0},{"not_picked":["Slice","Quick Slash+1","Outmaneuver","Distraction"],"picked":"SKIP","floor":21.0},{"not_picked":["Outmaneuver","Wraith Form v2","Deflect"],"picked":"Dash","floor":22.0},{"not_picked":["Poisoned Stab","Dagger Spray","Skewer"],"picked":"Dash","floor":24},{"not_picked":["Expertise+1","Underhanded Strike+1","Riddle With Holes"],"picked":"Well Laid Plans","floor":30},{"not_picked":["Night Terror","Wraith Form v2","Glass Knife"],"picked":"Corpse Explosion","floor":33},{"not_picked":["Outmaneuver","Crippling Poison","Expertise"],"picked":"Sucker Punch+1","floor":35},{"not_picked":["Crippling Poison","Cloak And Dagger","Leg Sweep","Blade Dance"],"picked":"SKIP","floor":37},{"not_picked":["Blade Dance","Bane","Accuracy+1"],"picked":"Heel Hook","floor":38},{"not_picked":["Concentrate","Prepared","Setup"],"picked":"Die Die Die","floor":40},{"not_picked":["Deflect","Setup","Riddle With Holes","Catalyst"],"picked":"SKIP","floor":44},{"not_picked":["Dagger Spray","Dodge and Roll","Deflect+1"],"picked":"Crippling Poison+1","floor":47}],"player_experience":883670,"relics_obtained":[{"floor":7.0,"key":"Odd Mushroom"},{"floor":9.0,"key":"Pen Nib"},{"floor":10.0,"key":"Blood Vial"},{"floor":24,"key":"Bronze Scales"},{"floor":26,"key":"Strawberry"},{"floor":43,"key":"MawBank"}],"event_choices":[{"cards_removed":["Strike_G"],"damage_healed":0.0,"max_hp_gain":0.0,"max_hp_loss":0.0,"gold_gain":0.0,"event_name":"Bonfire Elementals","player_choice":"Offered Basic","floor":2.0,"gold_loss":0.0,"damage_taken":0.0},{"damage_healed":0.0,"max_hp_gain":0.0,"max_hp_loss":0.0,"gold_gain":0.0,"event_name":"Mushrooms","player_choice":"Fought Mushrooms","floor":7.0,"gold_loss":0.0,"damage_taken":0.0},{"damage_healed":0.0,"max_hp_gain":0.0,"max_hp_loss":0.0,"gold_gain":0.0,"event_name":"Scrap Ooze","player_choice":"Success","floor":12.0,"gold_loss":0.0,"damage_taken":5.0,"relics_obtained":["Question Card"]},{"damage_healed":0.0,"max_hp_gain":0.0,"max_hp_loss":0.0,"gold_gain":0.0,"event_name":"Masked Bandits","player_choice":"Paid Fearfully","floor":20.0,"gold_loss":1.0,"damage_taken":0.0},{"damage_healed":0,"gold_gain":0,"player_choice":"Smashed Altar","damage_taken":0,"max_hp_gain":0,"max_hp_loss":0,"event_name":"Forgotten Altar","floor":27,"gold_loss":0,"cards_obtained":["Decay"]},{"damage_healed":0,"gold_gain":0,"player_choice":"Inject Mutagens","damage_taken":0,"relics_obtained":["MutagenicStrength"],"max_hp_gain":0,"max_hp_loss":0,"event_name":"Drug Dealer","floor":28,"gold_loss":0},{"damage_healed":0,"gold_gain":0,"player_choice":"Max HP","damage_taken":0,"max_hp_gain":0,"max_hp_loss":4,"event_name":"Winding Halls","floor":36,"gold_loss":0},{"damage_healed":0,"gold_gain":0,"player_choice":"Bought 3 Potions","damage_taken":0,"max_hp_gain":0,"max_hp_loss":0,"event_name":"The Woman in Blue","floor":45,"gold_loss":0}],"is_beta":false,"boss_relics":[{"not_picked":["Orrery","Empty Cage"],"picked":"Lizard Tail"},{"not_picked":["Coffee Dripper","Runic Pyramid"],"picked":"Fusion Hammer"}],"items_purged_floors":[],"is_endless":false,"potions_floor_spawned":[5,7,14,22,33,37,38,40],"killed_by":"Donu and Deca","ascension_level":17}