{"path_per_floor":["M","?","?","$","M","R","E","R","T","R","E","$","?","E","R","B",null,"M","M","?","?","$","R","E","M","T","R"],"character_chosen":"IRONCLAD","items_purchased":["Pear","War Paint"],"gold_per_floor":[112,112,112,112,128,128,158,158,228,228,254,1,101,131,131,231,231,250,266,181,181,27,27,55,69,144,144],"floor_reached":28,"campfire_rested":3,"playtime":1586,"current_hp_per_floor":[66,66,59,59,65,65,39,39,39,60,54,64,64,52,52,15,71,86,57,57,57,57,85,46,13,13,41],"items_purged":[],"gold":144,"score":338,"play_id":"ef38a9ce-7c25-4e01-9e85-45342b7dadec","is_prod":false,"is_daily":false,"is_ascension_mode":true,"campfire_upgraded":3,"path_taken":["M","?","?","$","M","R","E","R","T","R","E","$","?","E","R","BOSS","M","M","?","?","?","R","E","M","T","R","M"],"build_version":"2018-02-12-PROD1","purchased_purges":1,"victory":false,"master_deck":["Strike_R","Strike_R","Strike_R","Strike_R","Defend_R+1","Defend_R","Defend_R","Bash+1","Reaper+1","Infernal Blade+1","Feed+1","Double Tap+1","Shrug It Off","Pain"],"max_hp_per_floor":[72,72,72,72,72,72,72,72,72,72,72,82,82,86,86,90,90,94,94,94,94,94,94,94,94,94,94],"relics":["Burning Blood","Self Forming Clay","Molten Egg 2","Juzu Bracelet","Pear","Orichalcum","Cursed Key","Oddly Smooth Stone","Mummified Hand","War Paint","Dream Catcher","Dodecahedron"],"card_choices":[{"not_picked":["Clothesline","Body Slam"],"picked":"Infernal Blade"},{"not_picked":["Perfected Strike","Shrug It Off"],"picked":"Feed"},{"not_picked":["Dark Embrace","Exhume"],"picked":"Double Tap"},{"not_picked":["True Grit","Armaments"],"picked":"Shrug It Off"}],"player_experience":288727,"potions_floor_usage":[],"damage_taken":[{"damage":15.0,"enemies":"Small Slimes","floor":1.0,"turns":5.0},{"damage":6.0,"enemies":"Cultist","floor":5.0,"turns":4.0},{"damage":43.0,"enemies":"3 Sentries","floor":7.0,"turns":13.0},{"damage":12.0,"enemies":"Gremlin Nob","floor":11.0,"turns":3.0},{"damage":34.0,"enemies":"3 Sentries","floor":14.0,"turns":9.0},{"damage":54.0,"enemies":"The Guardian","floor":16.0,"turns":12.0},{"damage":6.0,"enemies":"3 Byrds","floor":18.0,"turns":4.0},{"damage":35.0,"enemies":"Spheric Guardian","floor":19.0,"turns":6.0},{"damage":79.0,"enemies":"Gremlin Leader","floor":24.0,"turns":8.0},{"damage":44.0,"enemies":"Snake Plant","floor":25.0,"turns":6.0},{"damage":35,"enemies":"Snecko","floor":28,"turns":7}],"event_choices":[{"event_name":"The Lab","player_choice":"Got Potions","floor":2.0,"damage_taken":0.0},{"event_name":"Golden Wing","player_choice":"Card Removal","floor":3.0,"damage_taken":0.0},{"event_name":"Golden Shrine","player_choice":"Pray","floor":13.0,"damage_taken":0.0},{"event_name":"Addict","player_choice":"Obtained Relic","floor":20.0,"damage_taken":0.0},{"event_name":"Wheel of Change","player_choice":"Relic","floor":21.0,"damage_taken":0.0}],"boss_relics":[],"potions_floor_spawned":[5,7,16,19,25],"seed_played":"7784716907651849636","killed_by":"Snecko","ascension_level":7,"is_trial":false}