{"gold_per_floor":[116,18,18,293,309,309,338,338,338,5,16,30,40,40],"floor_reached":14,"playtime":447,"items_purged":["Strike_R"],"score":90,"play_id":"8f20858d-4aa9-4b41-b12d-f1c97853152e","local_time":"20190407091726","is_ascension_mode":false,"campfire_choices":[{"floor":6,"key":"RECALL"},{"floor":8,"key":"REST"}],"neow_cost":"TEN_PERCENT_HP_LOSS","seed_source_timestamp":178393845307821,"circlet_count":0,"master_deck":["Strike_R","Strike_R","Strike_R","Strike_R","Defend_R","Defend_R","Defend_R","Defend_R","Bash","Body Slam+1","Clothesline","Regret","Warcry","Armaments","Flash of Steel+1","Iron Wave+1","Ghostly Armor","Limit Break"],"relics":["Burning Blood","Nunchaku","Orichalcum","Molten Egg 2"],"potions_floor_usage":[12,14],"damage_taken":[{"damage":10,"enemies":"Cultist","floor":1,"turns":4},{"damage":8,"enemies":"Jaw Worm","floor":5,"turns":4},{"damage":62,"enemies":"3 Sentries","floor":7,"turns":11},{"damage":3,"enemies":"Small Slimes","floor":11,"turns":3},{"damage":6,"enemies":"3 Louse","floor":12,"turns":2},{"damage":5,"enemies":"Exordium Thugs","floor":13,"turns":4},{"damage":35,"enemies":"Lagavulin","floor":14,"turns":6}],"seed_played":"-8566658079710183562","potions_obtained":[{"floor":7,"key":"PowerPotion"},{"floor":12,"key":"LiquidBronze"}],"is_trial":false,"path_per_floor":["M","$","?","?","M","R","E","R","T","$","M","M","M","E"],"character_chosen":"IRONCLAD","items_purchased":["Clothesline","Molten Egg 2","Flash of Steel+1"],"campfire_rested":1,"item_purchase_floors":[2,10,10],"current_hp_per_floor":[68,68,68,68,66,66,10,31,31,31,34,34,35,0],"gold":40,"neow_bonus":"ONE_RARE_RELIC","is_prod":false,"is_daily":false,"chose_seed":false,"campfire_upgraded":0,"win_rate":0,"timestamp":1554646646,"path_taken":["M","$","?","?","?","R","E","R","T","$","M","M","M","E"],"build_version":"2019-01-23","purchased_purges":1,"victory":false,"max_hp_per_floor":[72,72,72,72,72,72,72,72,72,72,72,72,72,72],"card_choices":[{"not_picked":["Armaments","Pommel Strike"],"picked":"Body Slam","floor":1},{"not_picked":["Carnage","Twin Strike"],"picked":"Warcry","floor":5},{"not_picked":["Cleave","Twin Strike"],"picked":"Armaments","floor":7},{"not_picked":["Spot Weakness","Pommel Strike+1"],"picked":"Iron Wave+1","floor":11},{"not_picked":["Armaments","Combust"],"picked":"Ghostly Armor","floor":12},{"not_picked":["Sever Soul+1","Perfected Strike+1"],"picked":"Limit Break","floor":13}],"player_experience":747079,"relics_obtained":[{"floor":7,"key":"Orichalcum"}],"event_choices":[{"damage_healed":0,"gold_gain":0,"player_choice":"Grow","damage_taken":0,"max_hp_gain":0,"max_hp_loss":0,"event_name":"Living Wall","floor":3,"gold_loss":0,"cards_upgraded":["Body Slam"]},{"damage_healed":0,"gold_gain":275,"player_choice":"Desecrate","damage_taken":0,"max_hp_gain":0,"max_hp_loss":0,"event_name":"Golden Shrine","floor":4,"gold_loss":0,"cards_obtained":["Regret"]}],"is_beta":false,"boss_relics":[],"items_purged_floors":[2],"is_endless":false,"potions_floor_spawned":[7,12],"killed_by":"Lagavulin","ascension_level":0}