{"gold_per_floor":[118,118,133,48,48,78,78,107,182,21,21,39,39,39,39,116,116,136,150,50,50,62,62,62],"floor_reached":24,"playtime":676,"items_purged":["Strike_R","Strike_R"],"score":454,"play_id":"523c01a0-7225-4cbd-bb87-0150f51b5c0d","local_time":"20190720195615","is_ascension_mode":true,"campfire_choices":[{"data":"Feed","floor":7.0,"key":"SMITH"},{"data":"Uppercut","floor":13.0,"key":"SMITH"},{"data":"Body Slam","floor":15.0,"key":"SMITH"},{"data":"Limit Break","floor":23.0,"key":"SMITH"}],"neow_cost":"NONE","seed_source_timestamp":205325212882408,"circlet_count":0,"master_deck":["AscendersBane","Strike_R","Strike_R+1","Defend_R","Defend_R","Defend_R+1","Bash","Headbutt","Ghostly Armor","Feed+1","Warcry","Uppercut+1","Body Slam+1","Impervious","Limit Break+1","Armaments+1","Shockwave"],"special_seed":0,"relics":["Burning Blood","NeowsBlessing","Ancient Tea Set","Pantograph","Shuriken","Cursed Key"],"potions_floor_usage":[24],"damage_taken":[{"damage":0.0,"enemies":"2 Louse","floor":1.0,"turns":1.0},{"damage":0.0,"enemies":"Small Slimes","floor":3.0,"turns":1.0},{"damage":0.0,"enemies":"Gremlin Nob","floor":6.0,"turns":1.0},{"damage":20.0,"enemies":"3 Sentries","floor":8.0,"turns":10.0},{"damage":0.0,"enemies":"Cultist","floor":12.0,"turns":3.0},{"damage":54.0,"enemies":"The Guardian","floor":16.0,"turns":15.0},{"damage":8.0,"enemies":"Chosen","floor":18.0,"turns":5.0},{"damage":38.0,"enemies":"3 Byrds","floor":19.0,"turns":7.0},{"damage":20.0,"enemies":"Snake Plant","floor":22.0,"turns":3.0},{"damage":32,"enemies":"Book of Stabbing","floor":24,"turns":4}],"seed_played":"-1754698376642453089","potions_obtained":[{"floor":3.0,"key":"Energy Potion"},{"floor":6.0,"key":"PowerPotion"},{"floor":19.0,"key":"Fire Potion"},{"floor":22.0,"key":"Regen Potion"}],"is_trial":false,"path_per_floor":["M","?","M","$","?","E","R","E","T","$","?","M","R","?","R","B",null,"M","M","$","$","M","R","E"],"character_chosen":"IRONCLAD","items_purchased":["Feed","Uppercut"],"campfire_rested":0,"item_purchase_floors":[4,10],"current_hp_per_floor":[74,74,75,75,52,58,58,44,44,44,44,54,54,54,54,35,71,73,41,41,41,31,31,0],"gold":62,"neow_bonus":"THREE_ENEMY_KILL","is_prod":false,"is_daily":false,"chose_seed":false,"campfire_upgraded":4,"win_rate":0,"timestamp":1563620175,"path_taken":["M","?","M","$","?","E","R","E","T","$","?","M","R","?","R","BOSS","M","M","?","$","?","R","E"],"build_version":"2019-07-17","purchased_purges":2,"victory":false,"max_hp_per_floor":[75,75,75,75,75,75,75,75,75,75,75,79,79,79,79,83,83,87,87,87,87,91,91,91],"card_choices":[{"not_picked":["Thunderclap","True Grit"],"picked":"Headbutt","floor":1.0},{"not_picked":["Clothesline","Headbutt"],"picked":"Ghostly Armor","floor":3.0},{"not_picked":["Flex","Bloodletting"],"picked":"Warcry","floor":6.0},{"not_picked":["Perfected Strike","Searing Blow","Heavy Blade"],"picked":"SKIP","floor":8.0},{"not_picked":["Rupture","True Grit"],"picked":"Body Slam","floor":12.0},{"not_picked":["Barricade","Fiend Fire"],"picked":"Limit Break","floor":16.0},{"not_picked":["Body Slam","Clothesline"],"picked":"Armaments+1","floor":18.0},{"not_picked":["Rampage","Flex","Thunderclap"],"picked":"SKIP","floor":19.0},{"not_picked":["Armaments","Twin Strike"],"picked":"Shockwave","floor":22.0}],"player_experience":998664,"relics_obtained":[{"floor":6.0,"key":"Ancient Tea Set"},{"floor":8.0,"key":"Pantograph"},{"floor":9.0,"key":"Shuriken"}],"event_choices":[{"damage_healed":0.0,"max_hp_gain":0.0,"max_hp_loss":0.0,"gold_gain":0.0,"event_name":"Liars Game","player_choice":"Ignored","floor":2.0,"gold_loss":0.0,"damage_taken":0.0},{"damage_healed":0.0,"max_hp_gain":0.0,"max_hp_loss":0.0,"gold_gain":0.0,"event_name":"Shining Light","player_choice":"Entered Light","floor":5.0,"gold_loss":0.0,"damage_taken":23.0,"cards_upgraded":["Defend_R","Strike_R"]},{"cards_removed":["Strike_R"],"damage_healed":0.0,"max_hp_gain":0.0,"max_hp_loss":0.0,"gold_gain":0.0,"event_name":"Living Wall","player_choice":"Forget","floor":11.0,"gold_loss":0.0,"damage_taken":0.0},{"damage_healed":0.0,"max_hp_gain":0.0,"max_hp_loss":0.0,"gold_gain":0.0,"cards_transformed":["Defend_R"],"event_name":"Transmorgrifier","player_choice":"Transformed","floor":14.0,"gold_loss":0.0,"damage_taken":0.0,"cards_obtained":["Impervious"]}],"is_beta":false,"boss_relics":[{"not_picked":["Runic Cube","Lizard Tail"],"picked":"Cursed Key"}],"items_purged_floors":[10,20],"is_endless":false,"potions_floor_spawned":[3,6,19,22],"killed_by":"Book of Stabbing","ascension_level":20}