{"path_per_floor":["M","?","?","?","$","R","E","M","T","?","?","R","E","M","R","B",null,"M","?","?","$","M","R","M","M","T","R","E","?","R","E","R","B",null,"M","?","M","$","?","E","R","E","T","M","E","$","E","?","R","B"],"character_chosen":"DEFECT","items_purchased":["Coolheaded","Defragment","Bottled Tornado"],"gold_per_floor":[117,67,37,37,10,10,35,47,47,77,77,77,111,122,122,217,217,236,236,236,161,172,172,188,208,235,235,270,270,270,301,301,406,406,421,421,438,260,260,286,286,319,319,335,365,117,151,151,151,151],"floor_reached":51,"campfire_rested":0,"playtime":2231,"current_hp_per_floor":[75,75,75,60,60,60,74,68,68,60,60,60,49,49,49,45,89,81,81,64,64,64,64,64,52,59,59,34,67,67,67,67,45,101,100,87,89,89,89,48,56,44,44,46,29,29,31,88,88,54],"items_purged":["Defend_B","Madness"],"gold":151,"score":922,"play_id":"2dd29d31-9ecb-49ce-8a57-a18ffaa1952d","local_time":"20180516113556","is_prod":false,"is_daily":false,"chose_seed":false,"is_ascension_mode":true,"campfire_upgraded":9,"timestamp":1526463356,"path_taken":["M","?","?","?","?","R","E","?","T","?","?","R","E","?","R","BOSS","M","?","?","$","M","R","M","M","T","R","E","?","R","E","R","BOSS","M","?","M","$","?","E","R","E","T","M","E","$","E","?","R","BOSS"],"build_version":"2018-05-15","seed_source_timestamp":232559070051728,"purchased_purges":2,"victory":true,"master_deck":["Strike_B","Strike_B","Strike_B+1","Defend_B+1","Defend_B","Zap+1","Dualcast+1","Chill+1","Coolheaded+1","Skim+1","Ball Lightning","Barrage+1","Sweeping Beam","Fusion+1","Beam Cell+1","Go for the Eyes+1","Rebound+1","Consume+1","Barrage+1","Seek+1","Steam+1","Madness","Defragment+1","Hologram+1","Skim","Cold Snap+1"],"max_hp_per_floor":[75,75,75,75,75,75,89,89,89,89,89,89,89,89,89,89,89,89,89,94,94,94,94,94,94,101,101,101,101,101,101,101,101,101,101,101,101,101,101,101,101,101,101,101,101,101,101,88,88,88],"relics":["Cracked Core","Mango","Matryoshka","Odd Mushroom","Orichalcum","Inserter","Juzu Bracelet","Strawberry","Thread and Needle","Blood Vial","Eternal Feather","Prayer Wheel","DataDisk","Regal Pillow","Art of War","Pantograph","Bottled Tornado","Darkstone Periapt"],"card_choices":[{"not_picked":["Streamline","Turbo"],"picked":"Chill","floor":1.0},{"not_picked":["Redo","Leap"],"picked":"Skim","floor":7.0},{"not_picked":["Capacitor","Steam","Turbo"],"picked":"SKIP","floor":8.0},{"not_picked":["Go for the Eyes","Cold Snap"],"picked":"Ball Lightning","floor":10.0},{"not_picked":["Force Field","Beam Cell"],"picked":"Barrage","floor":13.0},{"not_picked":["Self Repair","Tempest"],"picked":"Sweeping Beam","floor":14.0},{"not_picked":["Multi-Cast","Rainbow"],"picked":"Fusion","floor":16.0},{"not_picked":["Barrage","FTL"],"picked":"Beam Cell","floor":18.0},{"not_picked":["Steam","Double Energy"],"picked":"Go for the Eyes+1","floor":22.0},{"not_picked":["Coolheaded","Barrage","Beam Cell+1"],"picked":"SKIP","floor":24.0},{"not_picked":["Axe Kick","Sunder+1"],"picked":"Rebound+1","floor":25.0},{"not_picked":["Capacitor+1","Coolheaded"],"picked":"Consume+1","floor":28.0},{"not_picked":["Capacitor","Reinforced Body"],"picked":"Barrage+1","floor":31.0},{"not_picked":["Fusion","Hyperbeam"],"picked":"Seek","floor":33.0},{"not_picked":["Consume","Turbo"],"picked":"Steam+1","floor":35.0},{"not_picked":["Go for the Eyes","Heatsinks+1","Chaos"],"picked":"SKIP","floor":37.0},{"not_picked":["Ball Lightning","Storm","Meteor Strike"],"picked":"SKIP","floor":40.0},{"not_picked":["Leap","Rebound+1"],"picked":"Hologram+1","floor":42.0},{"not_picked":["Turbo","Ball Lightning+1"],"picked":"Skim","floor":44.0},{"not_picked":["Reinforced Body+1","Auto Shields","Sweeping Beam"],"picked":"SKIP","floor":44.0},{"not_picked":["Leap+1","Tempest"],"picked":"Cold Snap+1","floor":45.0},{"not_picked":["Static Discharge+1","Tempest","Steam"],"picked":"SKIP","floor":47.0}],"player_experience":662731,"potions_floor_usage":[],"damage_taken":[{"damage":0.0,"enemies":"2 Louse","floor":1.0,"turns":2.0},{"damage":0.0,"enemies":"3 Sentries","floor":7.0,"turns":8.0},{"damage":6.0,"enemies":"Small Slimes","floor":8.0,"turns":2.0},{"damage":8.0,"enemies":"The Mushroom Lair","floor":10.0,"turns":5.0},{"damage":11.0,"enemies":"Lagavulin","floor":13.0,"turns":4.0},{"damage":0.0,"enemies":"Cultist","floor":14.0,"turns":2.0},{"damage":4.0,"enemies":"Slime Boss","floor":16.0,"turns":7.0},{"damage":8.0,"enemies":"Shell Parasite","floor":18.0,"turns":4.0},{"damage":0.0,"enemies":"3 Byrds","floor":22.0,"turns":2.0},{"damage":0.0,"enemies":"Cultist and Chosen","floor":24.0,"turns":6.0},{"damage":12.0,"enemies":"Snake Plant","floor":25.0,"turns":5.0},{"damage":25.0,"enemies":"Slavers","floor":28.0,"turns":4.0},{"damage":0.0,"enemies":"Book of Stabbing","floor":31.0,"turns":4.0},{"damage":24.0,"enemies":"Automaton","floor":33.0,"turns":8.0},{"damage":1.0,"enemies":"Flame Bruiser 1 Orb","floor":35.0,"turns":4.0},{"damage":0.0,"enemies":"Orb Walker","floor":37.0,"turns":4.0},{"damage":43.0,"enemies":"Giant Head","floor":40.0,"turns":8.0},{"damage":14.0,"enemies":"Nemesis","floor":42.0,"turns":9.0},{"damage":0.0,"enemies":"3 Darklings","floor":44.0,"turns":7.0},{"damage":19.0,"enemies":"Giant Head","floor":45.0,"turns":9.0},{"damage":0.0,"enemies":"2 Orb Walkers","floor":47.0,"turns":5.0},{"damage":34,"enemies":"Donu and Deca","floor":50,"turns":12}],"relics_obtained":[{"floor":7.0,"key":"Mango"},{"floor":9.0,"key":"Matryoshka"},{"floor":10.0,"key":"Odd Mushroom"},{"floor":13.0,"key":"Orichalcum"},{"floor":26.0,"key":"Juzu Bracelet"},{"floor":26.0,"key":"Strawberry"},{"floor":28.0,"key":"Thread and Needle"},{"floor":31.0,"key":"Blood Vial"},{"floor":40.0,"key":"Prayer Wheel"},{"floor":42.0,"key":"DataDisk"},{"floor":43.0,"key":"Regal Pillow"},{"floor":43.0,"key":"Art of War"},{"floor":45.0,"key":"Pantograph"},{"floor":47.0,"key":"Darkstone Periapt"}],"event_choices":[{"event_name":"The Cleric","player_choice":"Card Removal","floor":2.0,"damage_taken":0.0},{"event_name":"The Woman in Blue","player_choice":"Bought 2 Potions","floor":3.0,"damage_taken":0.0},{"event_name":"Shining Light","player_choice":"Entered Light","floor":4.0,"damage_taken":0.0},{"event_name":"Mushrooms","player_choice":"Fought Mushrooms","floor":10.0,"damage_taken":0.0},{"event_name":"Accursed Blacksmith","player_choice":"Forge","floor":11.0,"damage_taken":0.0},{"event_name":"Vampires","player_choice":"Ignored","floor":19.0,"damage_taken":0.0},{"event_name":"Forgotten Altar","player_choice":"Shed Blood","floor":20.0,"damage_taken":0.0},{"event_name":"The Library","player_choice":"Heal","floor":29.0,"damage_taken":0.0},{"event_name":"Winding Halls","player_choice":"Embrace Madness","floor":36.0,"damage_taken":0.0},{"event_name":"The Moai Head","player_choice":"Heal","floor":48.0,"damage_taken":0.0}],"boss_relics":[],"potions_floor_spawned":[10,13,22,25,28,42,47],"seed_played":"6674771400587168323","ascension_level":1,"potions_obtained":[{"floor":3.0,"key":"EntropicBrew"},{"floor":3.0,"key":"Strength Potion"},{"floor":10.0,"key":"Explosive Potion"},{"floor":22.0,"key":"SpeedPotion"},{"floor":25.0,"key":"Weak Potion"},{"floor":28.0,"key":"Fire Potion"},{"floor":42.0,"key":"Ancient Potion"},{"floor":47.0,"key":"Ancient Potion"}],"is_trial":false}