{"gold_per_floor":[118,133,144,157,332,332,367,367,367,381,406,406,406,425,425,425],"floor_reached":16,"playtime":744,"items_purged":[],"score":112,"play_id":"a906ba46-4f8d-414e-8396-5073fcfd1a02","local_time":"20190630041847","is_ascension_mode":false,"campfire_choices":[{"data":"Loop","floor":6,"key":"SMITH"},{"floor":8,"key":"REST"},{"floor":12,"key":"REST"},{"data":"Sunder","floor":15,"key":"SMITH"}],"neow_cost":"NONE","seed_source_timestamp":1421273357537989,"circlet_count":0,"master_deck":["Strike_B","Strike_B","Strike_B","Strike_B","Defend_B","Defend_B","Defend_B","Defend_B","Zap","Dualcast","Loop+1","Conserve Battery","Sunder+1","Chaos","Auto Shields","BootSequence"],"relics":["Cracked Core","Orichalcum","Bag of Preparation","Bottled Flame"],"potions_floor_usage":[4,7,16],"damage_taken":[{"damage":1,"enemies":"Cultist","floor":1,"turns":4},{"damage":8,"enemies":"Small Slimes","floor":2,"turns":3},{"damage":3,"enemies":"Jaw Worm","floor":3,"turns":4},{"damage":36,"enemies":"Gremlin Gang","floor":4,"turns":5},{"damage":32,"enemies":"Lagavulin","floor":7,"turns":9},{"damage":0,"enemies":"3 Louse","floor":10,"turns":2},{"damage":15,"enemies":"3 Sentries","floor":11,"turns":7},{"damage":1,"enemies":"Blue Slaver","floor":14,"turns":3},{"damage":37,"enemies":"Slime Boss","floor":16,"turns":7}],"seed_played":"8531279362210476835","potions_obtained":[{"floor":1,"key":"LiquidBronze"},{"floor":2,"key":"SpeedPotion"},{"floor":11,"key":"SpeedPotion"}],"is_trial":false,"path_per_floor":["M","M","M","M","?","R","E","R","T","M","E","R","?","M","R","B"],"character_chosen":"DEFECT","items_purchased":[],"campfire_rested":2,"item_purchase_floors":[],"current_hp_per_floor":[81,73,70,34,34,34,2,26,26,26,11,35,35,34,34,0],"gold":425,"neow_bonus":"TEN_PERCENT_HP_BONUS","is_prod":false,"is_daily":false,"chose_seed":false,"campfire_upgraded":2,"win_rate":0.0,"timestamp":1561882727,"path_taken":["M","M","M","?","?","R","E","R","T","M","E","R","?","M","R","BOSS"],"build_version":"2019-01-23","purchased_purges":0,"victory":false,"max_hp_per_floor":[82,82,82,82,82,82,82,82,82,82,82,82,82,82,82,82],"card_choices":[{"not_picked":["Steam Power","Beam Cell","Streamline"],"picked":"SKIP","floor":1},{"not_picked":["Defragment","Beam Cell","Sweeping Beam"],"picked":"SKIP","floor":2},{"not_picked":["Gash","Genetic Algorithm"],"picked":"Loop","floor":3},{"not_picked":["Hologram","FTL"],"picked":"Conserve Battery","floor":4},{"not_picked":["Chill","Coolheaded"],"picked":"Sunder","floor":7},{"not_picked":["Coolheaded","Turbo"],"picked":"Chaos","floor":10},{"not_picked":["Compile Driver","Skim"],"picked":"Auto Shields","floor":11},{"not_picked":["Steam","Streamline"],"picked":"BootSequence","floor":14}],"player_experience":43051,"relics_obtained":[{"floor":7,"key":"Orichalcum"},{"floor":9,"key":"Bag of Preparation"},{"floor":11,"key":"Bottled Flame"}],"event_choices":[{"damage_healed":0,"gold_gain":175,"player_choice":"AGREE","damage_taken":0,"max_hp_gain":0,"max_hp_loss":0,"event_name":"Liars Game","floor":5,"gold_loss":0,"cards_obtained":["Doubt"]},{"cards_removed":["Doubt"],"damage_healed":0,"gold_gain":0,"player_choice":"Purged","damage_taken":0,"max_hp_gain":0,"max_hp_loss":0,"event_name":"Purifier","floor":13,"gold_loss":0}],"is_beta":false,"boss_relics":[],"items_purged_floors":[],"is_endless":false,"potions_floor_spawned":[1,2,11],"killed_by":"Slime Boss","ascension_level":0}