{"gold_per_floor":[212,212,109,129,54,88,88,105,105,105,105,123,123,135,135,208,208,220,233,233,250,3,3,23,36,36,58,70,94,106,133,145,230,242,269,298,42,92,92,102,115,133,180,206,218,18,18,18,18,18],"floor_reached":51,"playtime":2789,"items_purged":["Strike_B","Defend_B","Defend_B"],"score":1289,"play_id":"d2712783-9ab4-4c4a-bb37-106f2c4a458f","local_time":"20190218094818","is_ascension_mode":true,"campfire_choices":[{"data":"Zap","floor":7.0,"key":"SMITH"},{"data":"Barrage","floor":10.0,"key":"SMITH"},{"data":"Coolheaded","floor":15.0,"key":"SMITH"},{"floor":23.0,"key":"REST"},{"data":"Coolheaded","floor":32,"key":"SMITH"},{"data":"Seek","floor":47,"key":"SMITH"},{"data":"Turbo","floor":49,"key":"SMITH"}],"neow_cost":"NONE","seed_source_timestamp":1076258383545290,"circlet_count":0,"master_deck":["AscendersBane","Defend_B","Zap+1","Dualcast+1","Sweeping Beam","Barrage+1","Coolheaded+1","Coolheaded+1","Conserve Battery+1","Glacier+1","Self Repair+1","Turbo+1","Defragment+1","Capacitor+1","Seek+1","Ball Lightning","Capacitor+1","Defragment+1","Heatsinks+1"],"special_seed":0,"relics":["FrozenCore","Dream Catcher","Frozen Egg 2","Centennial Puzzle","Empty Cage","Happy Flower","MawBank","MutagenicStrength","DataDisk","Bronze Scales","Anchor"],"potions_floor_usage":[35,50,50],"damage_taken":[{"damage":0.0,"enemies":"2 Louse","floor":1.0,"turns":2.0},{"damage":1.0,"enemies":"Cultist","floor":4.0,"turns":3.0},{"damage":18.0,"enemies":"3 Sentries","floor":6.0,"turns":6.0},{"damage":0.0,"enemies":"Small Slimes","floor":8.0,"turns":2.0},{"damage":3.0,"enemies":"3 Louse","floor":12.0,"turns":3.0},{"damage":4.0,"enemies":"Looter","floor":14.0,"turns":2.0},{"damage":16.0,"enemies":"Slime Boss","floor":16.0,"turns":9.0},{"damage":19.0,"enemies":"3 Byrds","floor":18.0,"turns":4.0},{"damage":8.0,"enemies":"Chosen","floor":19.0,"turns":5.0},{"damage":13.0,"enemies":"Snecko","floor":21.0,"turns":9.0},{"damage":11.0,"enemies":"Centurion and Healer","floor":24.0,"turns":12.0},{"damage":26.0,"enemies":"Cultist and Chosen","floor":25.0,"turns":10.0},{"damage":13.0,"enemies":"Snake Plant","floor":27.0,"turns":7.0},{"damage":3,"enemies":"Sentry and Sphere","floor":29,"turns":8},{"damage":10,"enemies":"Centurion and Healer","floor":31,"turns":7},{"damage":4,"enemies":"Automaton","floor":33,"turns":12},{"damage":7,"enemies":"3 Darklings","floor":35,"turns":9},{"damage":14,"enemies":"3 Shapes","floor":36,"turns":4},{"damage":7,"enemies":"Spire Growth","floor":40,"turns":6},{"damage":7,"enemies":"Jaw Worm Horde","floor":41,"turns":5},{"damage":0,"enemies":"Maw","floor":42,"turns":9},{"damage":52,"enemies":"Reptomancer","floor":44,"turns":9},{"damage":0,"enemies":"3 Darklings","floor":45,"turns":5},{"damage":0,"enemies":"Donu and Deca","floor":50,"turns":9}],"seed_played":"3803411847320999357","potions_obtained":[{"floor":1.0,"key":"Block Potion"},{"floor":4.0,"key":"Fruit Juice"},{"floor":6.0,"key":"FocusPotion"},{"floor":16.0,"key":"Weak Potion"},{"floor":18.0,"key":"PowerPotion"},{"floor":27.0,"key":"Ancient Potion"},{"floor":29,"key":"Fire Potion"},{"floor":33,"key":"Swift Potion"},{"floor":35,"key":"GamblersBrew"}],"is_trial":false,"path_per_floor":["M","?","$","M","?","E","R","M","T","R","?","M","T","M","R","B",null,"M","M","?","M","$","R","M","M","T","M","?","M","?","M","R","B",null,"M","M","$","?","$","M","M","M","T","E","M","$","R","$","R","B",null],"character_chosen":"DEFECT","items_purchased":["Sweeping Beam","Happy Flower","Self Repair+1","DataDisk","Heatsinks+1"],"campfire_rested":1,"item_purchase_floors":[3,22,22,37,46],"current_hp_per_floor":[64,64,64,68,68,50,50,50,50,50,50,47,47,43,43,27,64,45,37,37,24,24,46,45,29,29,26,26,33,33,33,33,39,67,70,66,66,66,66,69,72,76,76,34,44,44,44,44,44,54],"gold":18,"neow_bonus":"HUNDRED_GOLD","is_prod":false,"is_daily":false,"chose_seed":false,"campfire_upgraded":6,"win_rate":0,"timestamp":1550479698,"path_taken":["M","?","?","M","?","E","R","M","T","R","?","M","?","M","R","BOSS","M","M","?","?","$","R","M","M","T","M","?","M","?","M","R","BOSS","M","M","$","?","?","M","M","?","T","E","M","?","R","$","R","BOSS"],"build_version":"2019-01-23","purchased_purges":3,"victory":true,"max_hp_per_floor":[71,71,71,76,76,76,76,76,76,76,76,76,76,76,76,76,76,76,76,76,76,76,76,76,76,76,76,76,76,76,76,76,76,76,76,76,76,76,76,76,76,76,76,76,76,76,76,76,76,76],"card_choices":[{"not_picked":["Go for the Eyes","Stack","Cold Snap"],"picked":"SKIP","floor":1.0},{"not_picked":["Redo","Compile Driver"],"picked":"Barrage","floor":4.0},{"not_picked":["Barrage","Leap"],"picked":"FTL","floor":6.0},{"not_picked":["Tempest","FTL","Stack"],"picked":"SKIP","floor":8.0},{"not_picked":["Compile Driver","Double Energy"],"picked":"Coolheaded","floor":12.0},{"not_picked":["Steam","Heatsinks+1"],"picked":"Coolheaded","floor":14.0},{"not_picked":["Chaos","Stack"],"picked":"Conserve Battery+1","floor":18.0},{"not_picked":["Sweeping Beam","Go for the Eyes+1"],"picked":"Glacier+1","floor":19.0},{"not_picked":["Coolheaded","Leap","Hologram"],"picked":"SKIP","floor":21.0},{"not_picked":["Lockon","Coolheaded"],"picked":"Turbo","floor":24.0},{"not_picked":["Machine Learning+1","Glacier"],"picked":"Defragment+1","floor":25.0},{"not_picked":["Leap","Rebound"],"picked":"Capacitor+1","floor":27.0},{"not_picked":["Sweeping Beam","Rebound+1","Compile Driver"],"picked":"SKIP","floor":29},{"not_picked":["Streamline","FTL+1","Chaos"],"picked":"SKIP","floor":31},{"not_picked":["Buffer+1","Reboot"],"picked":"Seek","floor":33},{"not_picked":["Streamline","Glacier","Reinforced Body+1"],"picked":"SKIP","floor":35},{"not_picked":["White Noise","Genetic Algorithm"],"picked":"Ball Lightning","floor":36},{"not_picked":["FTL","Genetic Algorithm","Doom and Gloom"],"picked":"SKIP","floor":40},{"not_picked":["Chill","Reinforced Body"],"picked":"Capacitor+1","floor":41},{"not_picked":["Steam","Darkness+1","Loop+1"],"picked":"SKIP","floor":42},{"not_picked":["Chill","Echo Form+1"],"picked":"Defragment+1","floor":44},{"not_picked":["Beam Cell","Turbo","Steam Power+1"],"picked":"SKIP","floor":45}],"player_experience":816635,"relics_obtained":[{"floor":6.0,"key":"Dream Catcher"},{"floor":9.0,"key":"Frozen Egg 2"},{"floor":13.0,"key":"Centennial Puzzle"},{"floor":26.0,"key":"MawBank"},{"floor":43,"key":"Bronze Scales"},{"floor":44,"key":"Anchor"}],"event_choices":[{"cards_removed":["Strike_B"],"damage_healed":0.0,"max_hp_gain":0.0,"max_hp_loss":0.0,"gold_gain":0.0,"event_name":"Purifier","player_choice":"Purged","floor":2.0,"gold_loss":0.0,"damage_taken":0.0},{"cards_removed":["Strike_B"],"damage_healed":0.0,"max_hp_gain":0.0,"max_hp_loss":0.0,"gold_gain":0.0,"event_name":"The Cleric","player_choice":"Card Removal","floor":5.0,"gold_loss":75.0,"damage_taken":0.0},{"cards_removed":["Strike_B"],"damage_healed":0.0,"max_hp_gain":0.0,"max_hp_loss":0.0,"gold_gain":0.0,"event_name":"Living Wall","player_choice":"Forget","floor":11.0,"gold_loss":0.0,"damage_taken":0.0},{"damage_healed":0.0,"max_hp_gain":0.0,"max_hp_loss":0.0,"gold_gain":0.0,"event_name":"Accursed Blacksmith","player_choice":"Forge","floor":20.0,"gold_loss":0.0,"damage_taken":0.0,"cards_upgraded":["Dualcast"]},{"damage_healed":0.0,"max_hp_gain":0.0,"max_hp_loss":0.0,"gold_gain":0.0,"event_name":"The Mausoleum","player_choice":"Ignored","floor":28.0,"gold_loss":0.0,"damage_taken":0.0},{"damage_healed":0,"gold_gain":0,"player_choice":"Inject Mutagens","damage_taken":0,"relics_obtained":["MutagenicStrength"],"max_hp_gain":0,"max_hp_loss":0,"event_name":"Drug Dealer","floor":30,"gold_loss":0},{"damage_healed":0,"gold_gain":50,"player_choice":"Pray","damage_taken":0,"max_hp_gain":0,"max_hp_loss":0,"event_name":"Golden Shrine","floor":38,"gold_loss":0}],"is_beta":false,"boss_relics":[{"not_picked":["Pandora\u0027s Box","White Beast Statue"],"picked":"Empty Cage"},{"not_picked":["Snecko Eye","Velvet Choker"],"picked":"FrozenCore"}],"items_purged_floors":[3,37,46],"is_endless":false,"potions_floor_spawned":[1,4,6,16,18,19,27,29,33,35,41,44],"ascension_level":17}