{"gold_per_floor":[119,11,11,11,11,39,39,52,52,52,68,102,102,102],"floor_reached":14,"playtime":556,"items_purged":[],"score":110,"play_id":"806b62fb-0aad-4312-92e0-2a3b20b28a8f","local_time":"20190729164704","is_ascension_mode":true,"campfire_choices":[{"data":"Trip","floor":7,"key":"SMITH"},{"data":"Neutralize","floor":10,"key":"SMITH"}],"neow_cost":"TEN_PERCENT_HP_LOSS","seed_source_timestamp":1549307633617656,"circlet_count":0,"master_deck":["Strike_G","Strike_G","Strike_G","Strike_G","Strike_G","Defend_G","Defend_G","Defend_G","Defend_G","Survivor","Neutralize+1","Impatience","Forethought","Blade Dance","Trip+1","Quick Slash","Calculated Gamble","Masterful Stab","Grand Finale+1"],"relics":["Ring of the Snake","Dead Branch","Meat on the Bone","Potion Belt"],"potions_floor_usage":[],"damage_taken":[{"damage":0,"enemies":"2 Louse","floor":1,"turns":3},{"damage":27,"enemies":"Lagavulin","floor":6,"turns":7},{"damage":1,"enemies":"Jaw Worm","floor":8,"turns":2},{"damage":2,"enemies":"Small Slimes","floor":11,"turns":2},{"damage":30,"enemies":"3 Sentries","floor":12,"turns":6},{"damage":23,"enemies":"Exordium Thugs","floor":14,"turns":3}],"seed_played":"-188930641057152136","potions_obtained":[{"floor":11,"key":"SpeedPotion"},{"floor":12,"key":"Ancient Potion"}],"is_trial":false,"path_per_floor":["M","$","?","$","?","E","R","M","T","R","M","E","?","M"],"character_chosen":"THE_SILENT","items_purchased":["Trip","Quick Slash"],"campfire_rested":0,"item_purchase_floors":[2,2],"current_hp_per_floor":[63,63,68,68,61,34,34,33,33,33,43,25,25,2],"gold":102,"neow_bonus":"RANDOM_COLORLESS_2","is_prod":false,"is_daily":false,"chose_seed":false,"campfire_upgraded":2,"win_rate":0,"timestamp":1564433224,"path_taken":["M","$","?","$","?","E","R","?","T","R","M","E","?","M"],"build_version":"2019-07-17","purchased_purges":0,"victory":false,"max_hp_per_floor":[63,63,68,68,68,68,68,68,68,68,68,68,68,68],"card_choices":[{"not_picked":["Reflex","Underhanded Strike"],"picked":"Blade Dance","floor":1},{"not_picked":["Catalyst","Dodge and Roll"],"picked":"Calculated Gamble","floor":6},{"not_picked":["Dodge and Roll","Backflip","Outmaneuver"],"picked":"SKIP","floor":8},{"not_picked":["Cloak And Dagger","Backflip"],"picked":"Masterful Stab","floor":11},{"not_picked":["Setup","Outmaneuver"],"picked":"Grand Finale","floor":12}],"player_experience":206299,"relics_obtained":[{"floor":6,"key":"Dead Branch"},{"floor":9,"key":"Meat on the Bone"},{"floor":12,"key":"Potion Belt"}],"event_choices":[{"damage_healed":0,"gold_gain":0,"player_choice":"Donut","damage_taken":0,"max_hp_gain":5,"max_hp_loss":0,"event_name":"Big Fish","floor":3,"gold_loss":0},{"cards_removed":["Defend_G"],"damage_healed":0,"gold_gain":0,"player_choice":"Card Removal","damage_taken":7,"max_hp_gain":0,"max_hp_loss":0,"event_name":"Golden Wing","floor":5,"gold_loss":0},{"damage_healed":0,"gold_gain":0,"player_choice":"Upgraded","damage_taken":0,"max_hp_gain":0,"max_hp_loss":0,"event_name":"Upgrade Shrine","floor":13,"gold_loss":0,"cards_upgraded":["Grand Finale"]}],"is_beta":false,"boss_relics":[],"items_purged_floors":[],"is_endless":false,"potions_floor_spawned":[11,12],"killed_by":"Exordium Thugs","ascension_level":3}