{"gold_per_floor":[118,118,68,84,84,84,115,37,63,63,81,94,112,28,28,28],"floor_reached":16,"playtime":513,"items_purged":[],"score":144,"play_id":"ace25f0e-8a77-4705-94ad-50857f23abe3","local_time":"20190729122310","is_ascension_mode":true,"campfire_choices":[{"data":"Masterful Stab","floor":6,"key":"SMITH"},{"data":"Infinite Blades","floor":10,"key":"SMITH"},{"data":"Endless Agony","floor":15,"key":"SMITH"}],"neow_cost":"NONE","seed_source_timestamp":1533516874760086,"circlet_count":0,"master_deck":["Strike_G","Strike_G+1","Strike_G+1","Strike_G","Strike_G","Defend_G","Defend_G","Defend_G","Defend_G","Survivor","Neutralize","Masterful Stab+1","Cloak And Dagger","Footwork","Infinite Blades+1","Blade Dance","Catalyst","Endless Agony+1","Cloak And Dagger","Trip"],"relics":["Ring of the Snake","NeowsBlessing","Golden Idol","MawBank","Whetstone"],"potions_floor_usage":[13,16,16],"damage_taken":[{"damage":0,"enemies":"Jaw Worm","floor":1,"turns":1},{"damage":0,"enemies":"Small Slimes","floor":4,"turns":1},{"damage":0,"enemies":"Gremlin Nob","floor":7,"turns":1},{"damage":4,"enemies":"2 Louse","floor":11,"turns":2},{"damage":0,"enemies":"Looter","floor":12,"turns":3},{"damage":10,"enemies":"Gremlin Gang","floor":13,"turns":3},{"damage":49,"enemies":"Slime Boss","floor":16,"turns":10}],"seed_played":"802998668845090433","potions_obtained":[{"floor":7,"key":"Weak Potion"},{"floor":11,"key":"SteroidPotion"},{"floor":12,"key":"AttackPotion"}],"is_trial":false,"path_per_floor":["M","?","?","M","?","R","E","$","T","R","M","M","M","$","R","B"],"character_chosen":"THE_SILENT","items_purchased":["Infinite Blades","Blade Dance","Trip"],"campfire_rested":0,"item_purchase_floors":[8,8,14],"current_hp_per_floor":[70,75,75,75,57,57,57,57,57,57,53,53,43,43,43,0],"gold":28,"neow_bonus":"THREE_ENEMY_KILL","is_prod":false,"is_daily":false,"chose_seed":false,"campfire_upgraded":3,"win_rate":0,"timestamp":1564417390,"path_taken":["M","?","?","M","?","R","E","$","T","R","?","M","M","$","R","BOSS"],"build_version":"2019-07-17","purchased_purges":0,"victory":false,"max_hp_per_floor":[70,75,75,75,75,75,75,75,75,75,75,75,75,75,75,75],"card_choices":[{"not_picked":["Flying Knee","Dash"],"picked":"Masterful Stab","floor":1},{"not_picked":["Dodge and Roll","Bane","Cloak And Dagger"],"picked":"SKIP","floor":4},{"not_picked":["Dodge and Roll","Bane"],"picked":"Cloak And Dagger","floor":4},{"not_picked":["Cloak And Dagger","Prepared"],"picked":"Footwork","floor":7},{"not_picked":["Flechettes","Bouncing Flask"],"picked":"Catalyst","floor":11},{"not_picked":["Backflip","Poisoned Stab"],"picked":"Endless Agony","floor":12},{"not_picked":["Acrobatics","Calculated Gamble"],"picked":"Cloak And Dagger","floor":13}],"player_experience":196482,"relics_obtained":[{"floor":7,"key":"MawBank"},{"floor":9,"key":"Whetstone"}],"event_choices":[{"damage_healed":0,"gold_gain":0,"player_choice":"Donut","damage_taken":0,"max_hp_gain":5,"max_hp_loss":0,"event_name":"Big Fish","floor":2,"gold_loss":0},{"cards_removed":["Defend_G"],"damage_healed":0,"gold_gain":0,"player_choice":"Card Removal","damage_taken":0,"max_hp_gain":0,"max_hp_loss":0,"event_name":"The Cleric","floor":3,"gold_loss":50},{"damage_healed":0,"gold_gain":0,"player_choice":"Take Damage","damage_taken":18,"relics_obtained":["Golden Idol"],"max_hp_gain":0,"max_hp_loss":0,"event_name":"Golden Idol","floor":5,"gold_loss":0}],"is_beta":false,"boss_relics":[],"items_purged_floors":[],"is_endless":false,"potions_floor_spawned":[7,11,12],"killed_by":"Slime Boss","ascension_level":3}