{"path_per_floor":["M","?","M","$","?","E","R","E","T","$","?","M","$","M","R","B",null,"M","?","$","M"],"character_chosen":"IRONCLAD","items_purchased":["Trip","Tiny Chest"],"gold_per_floor":[117,117,134,45,45,71,71,101,174,99,174,188,72,89,89,191,191,206,131,31,42],"floor_reached":22,"campfire_rested":1,"playtime":976,"current_hp_per_floor":[78,77,77,77,77,77,77,42,42,42,31,37,37,36,59,69,75,46,46,46,17],"items_purged":["Strike_R","Strike_R"],"gold":42,"score":336,"play_id":"7d202c70-3dc0-4f90-878f-c759e474697e","local_time":"20180311201538","is_prod":false,"is_daily":false,"is_ascension_mode":true,"campfire_upgraded":1,"timestamp":1520795738,"path_taken":["M","?","M","$","?","E","R","E","T","?","?","M","$","M","R","BOSS","M","?","$","M","?"],"build_version":"2018-03-09","purchased_purges":2,"victory":false,"master_deck":["Strike_R","Strike_R","Strike_R","Defend_R","Defend_R","Defend_R","Bash","Iron Wave","Heavy Blade","Trip+1","Reaper","Warcry+1","Headbutt","Demon Form","Limit Break+1","Shrug It Off+1"],"max_hp_per_floor":[80,77,77,77,77,77,77,77,77,77,77,77,77,77,77,77,77,77,77,77,77],"relics":["Burning Blood","NeowsBlessing","Dream Catcher","Toxic Egg 2","Blue Candle","Tiny Chest","Question Card"],"card_choices":[{"not_picked":["Armaments","Carnage"],"picked":"Iron Wave"},{"not_picked":["Juggernaut","Anger"],"picked":"Heavy Blade"},{"not_picked":["Wild Strike","Seeing Red"],"picked":"Reaper"},{"not_picked":["Flex","Shockwave"],"picked":"Warcry"},{"not_picked":["Thunderclap","Heavy Blade"],"picked":"Headbutt"},{"not_picked":["Havoc","Wild Strike"],"picked":"Demon Form"},{"not_picked":["Fiend Fire","Dark Embrace"],"picked":"Limit Break"},{"not_picked":["Sword Boomerang","Evolve","Bloodletting"],"picked":"Shrug It Off"}],"player_experience":381560,"potions_floor_usage":[16,16,21],"damage_taken":[{"damage":0,"enemies":"Small Slimes","floor":1,"turns":1},{"damage":0,"enemies":"Jaw Worm","floor":3,"turns":1},{"damage":0,"enemies":"Lagavulin","floor":6,"turns":1},{"damage":47,"enemies":"3 Sentries","floor":8,"turns":9},{"damage":6,"enemies":"Cultist","floor":12,"turns":4},{"damage":7,"enemies":"Looter","floor":14,"turns":3},{"damage":60,"enemies":"Slime Boss","floor":16,"turns":8},{"damage":35,"enemies":"Spheric Guardian","floor":18,"turns":5},{"damage":60,"enemies":"3 Byrds","floor":21,"turns":8},{"damage":18,"enemies":"Centurion and Healer","floor":22,"turns":2}],"event_choices":[{"event_name":"Living Wall","player_choice":"Forget","floor":2,"damage_taken":0},{"event_name":"Liars Game","player_choice":"disagreed","floor":5,"damage_taken":0},{"event_name":"World of Goop","player_choice":"Gather Gold","floor":11,"damage_taken":0},{"event_name":"Beggar","player_choice":"Gave Gold","floor":19,"damage_taken":0}],"boss_relics":[{"not_picked":["Snecko Eye","Philosopher\u0027s Stone"],"picked":"Question Card"}],"potions_floor_spawned":[3,8,16],"seed_played":"1030945092869538545","killed_by":"Centurion and Healer","ascension_level":11,"is_trial":false}