{"path_per_floor":["M","T","?","M","M","R","E","R","T","E","$","E","R","E","R"],"character_chosen":"DEFECT","items_purchased":[],"gold_per_floor":[119,145,145,160,176,176,201,201,249,277,202,233,233,264,264,264],"floor_reached":16,"campfire_rested":0,"playtime":652,"item_purchase_floors":[],"current_hp_per_floor":[75,75,75,73,67,67,45,45,45,40,40,35,35,20,20,0],"items_purged":["Strike_B"],"gold":264,"score":151,"play_id":"18c6e1f1-6a32-41d5-a255-943abc405206","local_time":"20180607123830","is_prod":false,"is_daily":false,"chose_seed":false,"is_ascension_mode":true,"campfire_upgraded":4,"win_rate":0,"timestamp":1528367910,"campfire_choices":[{"data":"Zap","floor":6.0,"key":"SMITH"},{"data":"Coolheaded","floor":8.0,"key":"SMITH"},{"data":"Go for the Eyes","floor":13.0,"key":"SMITH"},{"data":"Dualcast","floor":15,"key":"SMITH"}],"path_taken":["M","?","?","?","M","R","E","R","T","E","$","E","R","E","R","BOSS"],"build_version":"2018-05-31","seed_source_timestamp":108499879113520,"purchased_purges":1,"victory":false,"master_deck":["Strike_B","Strike_B+1","Strike_B+1","Defend_B+1","Defend_B+1","Defend_B","Defend_B","Zap+1","Dualcast+1","Coolheaded+1","Go for the Eyes+1","Barrage","Glacier"],"max_hp_per_floor":[75,75,75,75,75,75,75,75,75,77,77,79,79,79,79,79],"relics":["Cracked Core","Whetstone","Happy Flower","War Paint","Anchor","Singing Bowl","Ornamental Fan","Lantern"],"card_choices":[{"not_picked":["Cold Snap","Gash"],"picked":"Coolheaded","floor":1.0},{"not_picked":["Cold Snap","Leap"],"picked":"Go for the Eyes","floor":4.0},{"not_picked":["Scrape","Sunder","Cold Snap"],"picked":"SKIP","floor":5.0},{"not_picked":["Scrape","Rip and Tear"],"picked":"Barrage","floor":7.0},{"not_picked":["Undo","Ball Lightning","Fusion"],"picked":"Singing Bowl","floor":10.0},{"not_picked":["Cold Snap","Auto Shields","Steam"],"picked":"Singing Bowl","floor":12.0},{"not_picked":["Hyperbeam","Leap"],"picked":"Glacier","floor":14}],"player_experience":552026,"potions_floor_usage":[14,16],"damage_taken":[{"damage":0.0,"enemies":"Cultist","floor":1.0,"turns":2.0},{"damage":2.0,"enemies":"Jaw Worm","floor":4.0,"turns":3.0},{"damage":6.0,"enemies":"2 Louse","floor":5.0,"turns":2.0},{"damage":22.0,"enemies":"3 Sentries","floor":7.0,"turns":6.0},{"damage":7.0,"enemies":"Lagavulin","floor":10.0,"turns":5.0},{"damage":7.0,"enemies":"3 Sentries","floor":12.0,"turns":6.0},{"damage":15,"enemies":"Gremlin Nob","floor":14,"turns":4},{"damage":40,"enemies":"Hexaghost","floor":16,"turns":14}],"relics_obtained":[{"floor":2.0,"key":"Happy Flower"},{"floor":7.0,"key":"War Paint"},{"floor":9.0,"key":"Anchor"},{"floor":10.0,"key":"Singing Bowl"},{"floor":12.0,"key":"Ornamental Fan"},{"floor":14,"key":"Lantern"}],"event_choices":[{"event_name":"Scrap Ooze","player_choice":"unsuccessful","floor":3.0,"damage_taken":0.0}],"boss_relics":[],"items_purged_floors":[],"potions_floor_spawned":[4,7,10,14],"seed_played":"2658686518053830290","killed_by":"Hexaghost","ascension_level":4,"potions_obtained":[{"floor":4.0,"key":"Dexterity Potion"},{"floor":7.0,"key":"Strength Potion"},{"floor":10.0,"key":"SkillPotion"},{"floor":14,"key":"Regen Potion"}],"is_trial":false}