{"gold_per_floor":[119,129,12,12,87,118,137,152,178,198,214,227,262,273,273,273],"floor_reached":16,"playtime":441,"items_purged":[],"score":141,"play_id":"829938a0-9a3e-418a-a4f2-107ee2ae7a56","local_time":"20190711132556","is_ascension_mode":false,"campfire_choices":[{"data":"Tempest","floor":15,"key":"SMITH"}],"neow_cost":"NONE","seed_source_timestamp":3779039778441,"circlet_count":0,"master_deck":["Strike_B","Strike_B","Strike_B","Strike_B","Defend_B","Defend_B","Defend_B","Defend_B","Zap","Dualcast","Self Repair","Sunder","Self Repair","Gash","Storm","Chaos","Redo","Ball Lightning","Beam Cell","Capacitor","Ball Lightning","Tempest+1"],"relics":["Cracked Core","NeowsBlessing","Boot","Dream Catcher","Regal Pillow"],"potions_floor_usage":[13,16,16,16],"damage_taken":[{"damage":0,"enemies":"Cultist","floor":1,"turns":1},{"damage":0,"enemies":"Small Slimes","floor":2,"turns":1},{"damage":0,"enemies":"Gremlin Nob","floor":6,"turns":1},{"damage":2,"enemies":"2 Louse","floor":7,"turns":2},{"damage":9,"enemies":"2 Fungi Beasts","floor":8,"turns":3},{"damage":30,"enemies":"Exordium Thugs","floor":10,"turns":5},{"damage":31,"enemies":"Large Slime","floor":11,"turns":8},{"damage":6,"enemies":"2 Fungi Beasts","floor":12,"turns":4},{"damage":18,"enemies":"Lagavulin","floor":13,"turns":5},{"damage":5,"enemies":"Looter","floor":14,"turns":2},{"damage":42,"enemies":"Slime Boss","floor":16,"turns":8}],"seed_played":"4935454900929762794","potions_obtained":[{"floor":1,"key":"Dexterity Potion"},{"floor":6,"key":"SteroidPotion"},{"floor":7,"key":"Strength Potion"},{"floor":11,"key":"Explosive Potion"},{"floor":14,"key":"Strength Potion"}],"is_trial":false,"path_per_floor":["M","M","$","?","?","E","M","M","T","M","M","M","E","M","R","B"],"character_chosen":"DEFECT","items_purchased":["Self Repair","Gash"],"campfire_rested":0,"item_purchase_floors":[3,3],"current_hp_per_floor":[75,75,75,75,64,64,69,74,74,58,41,49,45,40,40,0],"gold":273,"neow_bonus":"THREE_ENEMY_KILL","is_prod":false,"is_daily":false,"chose_seed":false,"campfire_upgraded":1,"win_rate":0.0,"timestamp":1562869556,"path_taken":["M","M","?","?","?","E","M","M","T","M","M","M","E","M","R","BOSS"],"build_version":"2019-07-05","purchased_purges":0,"victory":false,"max_hp_per_floor":[75,75,75,75,75,75,75,75,75,75,75,75,75,75,75,75],"card_choices":[{"not_picked":["Fusion","Cold Snap"],"picked":"Self Repair","floor":1},{"not_picked":["Hologram","Barrage"],"picked":"Sunder","floor":2},{"not_picked":["Hologram","Reboot"],"picked":"Storm","floor":6},{"not_picked":["Redo","Steam"],"picked":"Chaos","floor":7},{"not_picked":["Rebound","Beam Cell"],"picked":"Redo","floor":8},{"not_picked":["Redo","Go for the Eyes"],"picked":"Ball Lightning","floor":10},{"not_picked":["Creative AI","Redo"],"picked":"Beam Cell","floor":11},{"not_picked":["Leap","Rebound"],"picked":"Capacitor","floor":12},{"not_picked":["Creative AI","Chill"],"picked":"Ball Lightning","floor":13},{"not_picked":["Coolheaded","Stack"],"picked":"Tempest","floor":14}],"player_experience":74068,"relics_obtained":[{"floor":6,"key":"Boot"},{"floor":9,"key":"Dream Catcher"},{"floor":13,"key":"Regal Pillow"}],"event_choices":[{"damage_healed":0,"gold_gain":0,"player_choice":"Ignored","damage_taken":0,"max_hp_gain":0,"max_hp_loss":0,"event_name":"Liars Game","floor":4,"gold_loss":0},{"damage_healed":0,"gold_gain":75,"player_choice":"Gather Gold","damage_taken":11,"max_hp_gain":0,"max_hp_loss":0,"event_name":"World of Goop","floor":5,"gold_loss":0}],"is_beta":false,"boss_relics":[],"items_purged_floors":[],"is_endless":false,"potions_floor_spawned":[1,6,7,8,11,14],"killed_by":"Slime Boss","ascension_level":0}