{"gold_per_floor":[113,133,144,144,36,36,61,80,80,80,114,133,97,113,113,113],"floor_reached":16,"playtime":1344,"items_purged":["Decay"],"score":137,"play_id":"85360d91-0418-4a4e-96fc-b3bc6260db7b","local_time":"20190629192510","is_ascension_mode":false,"campfire_choices":[{"data":"Doom and Gloom","floor":6,"key":"SMITH"},{"data":"1","floor":15,"key":"LIFT"}],"neow_cost":"NONE","seed_source_timestamp":1388656600677632,"circlet_count":0,"master_deck":["Strike_B","Strike_B","Strike_B","Strike_B","Defend_B","Defend_B","Defend_B","Defend_B","Zap","Dualcast","Storm","Doom and Gloom+1","Conserve Battery","Glacier","Creative AI+1","Compile Driver","Defragment","BootSequence","Hello World","Skim"],"relics":["Cracked Core","Dream Catcher","Pear","Girya"],"potions_floor_usage":[16,16,16],"damage_taken":[{"damage":0,"enemies":"Cultist","floor":1,"turns":3},{"damage":0,"enemies":"Small Slimes","floor":2,"turns":3},{"damage":6,"enemies":"Jaw Worm","floor":3,"turns":3},{"damage":22,"enemies":"Gremlin Nob","floor":7,"turns":4},{"damage":6,"enemies":"Red Slaver","floor":8,"turns":5},{"damage":17,"enemies":"3 Sentries","floor":11,"turns":7},{"damage":31,"enemies":"3 Louse","floor":12,"turns":3},{"damage":0,"enemies":"2 Fungi Beasts","floor":14,"turns":3},{"damage":11,"enemies":"Hexaghost","floor":16,"turns":7}],"seed_played":"4463272326433185298","potions_obtained":[{"floor":2,"key":"AttackPotion"},{"floor":7,"key":"Dexterity Potion"},{"floor":8,"key":"GamblersBrew"},{"floor":14,"key":"PowerPotion"}],"is_trial":false,"path_per_floor":["M","M","M","?","$","R","E","M","T","?","E","M","$","M","R","B"],"character_chosen":"DEFECT","items_purchased":["Glacier","Hello World"],"campfire_rested":0,"item_purchase_floors":[5,13],"current_hp_per_floor":[82,82,76,76,76,76,54,48,58,58,41,10,10,10,10,0],"gold":113,"neow_bonus":"TEN_PERCENT_HP_BONUS","is_prod":false,"is_daily":false,"chose_seed":false,"campfire_upgraded":1,"win_rate":0.0,"timestamp":1561850710,"path_taken":["M","?","?","?","$","R","E","?","T","?","E","?","$","M","R","BOSS"],"build_version":"2019-01-23","purchased_purges":1,"victory":false,"max_hp_per_floor":[82,82,82,82,82,82,82,82,92,92,92,92,92,92,92,92],"card_choices":[{"not_picked":["Coolheaded","Streamline"],"picked":"Storm","floor":1},{"not_picked":["Tempest","Sweeping Beam"],"picked":"Doom and Gloom","floor":2},{"not_picked":["Steam","Beam Cell"],"picked":"Conserve Battery","floor":3},{"not_picked":["Genetic Algorithm","Sweeping Beam"],"picked":"Creative AI","floor":7},{"not_picked":["Coolheaded","Streamline"],"picked":"Compile Driver","floor":8},{"not_picked":["Coolheaded","Go for the Eyes"],"picked":"Defragment","floor":11},{"not_picked":["Scrape","Chaos"],"picked":"BootSequence","floor":12},{"not_picked":["Gash","Tempest"],"picked":"Skim","floor":14}],"player_experience":12260,"relics_obtained":[{"floor":7,"key":"Dream Catcher"},{"floor":9,"key":"Pear"},{"floor":11,"key":"Girya"}],"event_choices":[{"damage_healed":0,"gold_gain":0,"player_choice":"Cursed","damage_taken":0,"max_hp_gain":0,"max_hp_loss":0,"event_name":"Wheel of Change","floor":4,"gold_loss":0,"cards_obtained":["Decay"]},{"damage_healed":0,"gold_gain":0,"player_choice":"Upgraded","damage_taken":0,"max_hp_gain":0,"max_hp_loss":0,"event_name":"Upgrade Shrine","floor":10,"gold_loss":0,"cards_upgraded":["Creative AI"]}],"is_beta":false,"boss_relics":[],"items_purged_floors":[5],"is_endless":false,"potions_floor_spawned":[2,7,8,14],"killed_by":"Hexaghost","ascension_level":0}