{"gold_per_floor":[113,130,205,480,500,533,533,544,567,41,60,60,7,18,18,113,113,132,156,172,9,24,24,54,54,54,54,74,0,28,28,28,128,128,148,148,148,158,176,204,220,252,252,268,268],"floor_reached":45,"playtime":2295,"items_purged":["Regret"],"score":620,"play_id":"d3184404-e180-4e2d-bcaa-dd01e1558f03","local_time":"20190318210637","is_ascension_mode":false,"campfire_choices":[{"floor":7,"key":"RECALL"},{"floor":12,"key":"REST"},{"data":"Armaments","floor":15,"key":"SMITH"},{"floor":23,"key":"REST"},{"data":"Body Slam","floor":27,"key":"SMITH"},{"data":"Body Slam","floor":32,"key":"SMITH"}],"neow_cost":"TEN_PERCENT_HP_LOSS","seed_source_timestamp":386018807238202,"circlet_count":0,"master_deck":["Defend_R","Defend_R","Defend_R","Defend_R","Bash","Reaper","Shrug It Off","Entrench","Heavy Blade","Heavy Blade","Armaments+1","Mayhem","Flex","Body Slam+1","Impatience","Body Slam+1","Bludgeon","Impervious","Entrench","Metallicize","Dramatic Entrance","Carnage+1","Cleave","Bloodletting","Warcry","Offering","Bite","Bite","Bite","Bite","Bite","Offering","Entrench+1","Impatience","Apotheosis","Metamorphosis","Shrug It Off","Dual Wield+1","Headbutt+1"],"relics":["Burning Blood","Regal Pillow","Tiny Chest","Anchor","Mark of Pain","Pen Nib","Mummified Hand","Shuriken","Red Skull","Red Mask","Runic Pyramid","Blood Vial","Turnip","Thread and Needle"],"potions_floor_usage":[6,6,6,6,20,24,30,33,40],"damage_taken":[{"damage":1,"enemies":"Jaw Worm","floor":1,"turns":5},{"damage":9,"enemies":"2 Louse","floor":2,"turns":3},{"damage":11,"enemies":"Cultist","floor":5,"turns":5},{"damage":28,"enemies":"Lagavulin","floor":6,"turns":5},{"damage":34,"enemies":"Exordium Thugs","floor":8,"turns":4},{"damage":8,"enemies":"2 Fungi Beasts","floor":11,"turns":4},{"damage":8,"enemies":"Red Slaver","floor":14,"turns":3},{"damage":44,"enemies":"The Guardian","floor":16,"turns":11},{"damage":40,"enemies":"3 Byrds","floor":18,"turns":7},{"damage":22,"enemies":"2 Thieves","floor":20,"turns":5},{"damage":40,"enemies":"3 Cultists","floor":22,"turns":6},{"damage":25,"enemies":"Gremlin Leader","floor":24,"turns":5},{"damage":16,"enemies":"Shelled Parasite and Fungi","floor":28,"turns":4},{"damage":0,"enemies":"Masked Bandits","floor":30,"turns":1},{"damage":91,"enemies":"Automaton","floor":33,"turns":8},{"damage":7,"enemies":"3 Shapes","floor":35,"turns":3},{"damage":14,"enemies":"3 Darklings","floor":38,"turns":5},{"damage":23,"enemies":"4 Shapes","floor":39,"turns":3},{"damage":37,"enemies":"Reptomancer","floor":40,"turns":5},{"damage":15,"enemies":"Maw","floor":41,"turns":6},{"damage":15,"enemies":"Giant Head","floor":42,"turns":3},{"damage":15,"enemies":"Writhing Mass","floor":44,"turns":5},{"damage":59,"enemies":"Transient","floor":45,"turns":4}],"seed_played":"-8773939509359243365","potions_obtained":[{"floor":2,"key":"EntropicBrew"},{"floor":5,"key":"FearPotion"},{"floor":18,"key":"PowerPotion"},{"floor":22,"key":"Ancient Potion"},{"floor":30,"key":"SpeedPotion"},{"floor":33,"key":"BloodPotion"},{"floor":39,"key":"SmokeBomb"},{"floor":44,"key":"SmokeBomb"}],"is_trial":false,"path_per_floor":["M","M","?","?","M","E","R","M","T","$","M","R","?","M","R","B",null,"M","T","M","$","M","R","E","?","T","R","M","$","?","?","R","B",null,"M","?","?","M","M","E","M","E","T","M","M"],"character_chosen":"IRONCLAD","items_purchased":["Mayhem","Tiny Chest","Flex","Body Slam","Impatience","Metallicize","Dramatic Entrance","Warcry","SteroidPotion"],"campfire_rested":2,"item_purchase_floors":[10,10,10,10,10,21,21,29,29],"current_hp_per_floor":[72,69,58,58,57,41,41,13,13,13,13,49,49,47,47,13,72,44,44,32,32,10,46,27,27,27,27,17,17,48,48,48,13,50,49,39,39,41,50,35,40,37,37,36,0],"gold":268,"neow_bonus":"THREE_RARE_CARDS","is_prod":false,"is_daily":false,"chose_seed":false,"campfire_upgraded":3,"win_rate":0,"timestamp":1552961197,"path_taken":["M","M","?","?","?","E","R","M","T","?","M","R","?","M","R","BOSS","M","?","M","$","M","R","E","?","T","R","?","?","?","?","R","BOSS","M","?","?","M","M","E","?","E","T","M","M"],"build_version":"2019-01-23","purchased_purges":1,"victory":false,"max_hp_per_floor":[72,72,72,72,72,72,72,72,72,72,72,72,72,72,72,72,72,72,72,72,72,72,72,72,72,72,72,72,72,72,50,50,50,50,50,50,50,50,50,50,50,50,50,50,50],"card_choices":[{"not_picked":["Impervious","Brutality"],"picked":"Reaper","floor":0},{"not_picked":["Pommel Strike","Warcry"],"picked":"Shrug It Off","floor":1},{"not_picked":["Burning Pact","Havoc"],"picked":"Entrench","floor":2},{"not_picked":["Reckless Charge","Feel No Pain"],"picked":"Heavy Blade","floor":5},{"not_picked":["Burning Pact","Disarm"],"picked":"Heavy Blade","floor":6},{"not_picked":["Anger","Headbutt"],"picked":"Armaments","floor":8},{"not_picked":["Thunderclap","Armaments"],"picked":"Body Slam","floor":11},{"not_picked":["Twin Strike","Headbutt"],"picked":"Bludgeon","floor":14},{"not_picked":["Fiend Fire","Double Tap"],"picked":"Impervious","floor":16},{"not_picked":["Sword Boomerang","Disarm","Rampage"],"picked":"SKIP","floor":18},{"not_picked":["Heavy Blade","Havoc"],"picked":"Entrench","floor":20},{"not_picked":["Hemokinesis","True Grit"],"picked":"Carnage+1","floor":22},{"not_picked":["Perfected Strike+1","Second Wind"],"picked":"Cleave","floor":24},{"not_picked":["Reckless Charge+1","Twin Strike"],"picked":"Bloodletting","floor":28},{"not_picked":["Wild Strike","Corruption"],"picked":"Offering","floor":30},{"not_picked":["Dark Embrace","Fiend Fire"],"picked":"Offering","floor":33},{"not_picked":["Seeing Red","Dual Wield+1"],"picked":"Entrench+1","floor":35},{"not_picked":["Jack Of All Trades","Dark Shackles"],"picked":"Impatience","floor":36},{"not_picked":["Deep Breath","Violence"],"picked":"Apotheosis","floor":36},{"not_picked":["Madness","Enlightenment"],"picked":"Metamorphosis","floor":36},{"not_picked":["Iron Wave","Ghostly Armor"],"picked":"Shrug It Off","floor":38},{"not_picked":["Sever Soul","Shockwave","True Grit"],"picked":"SKIP","floor":39},{"not_picked":["Thunderclap+1","Anger"],"picked":"Dual Wield+1","floor":40},{"not_picked":["Body Slam","Searing Blow+1","Anger"],"picked":"SKIP","floor":41},{"not_picked":["Wild Strike","Body Slam"],"picked":"Headbutt+1","floor":42},{"not_picked":["Wild Strike","Heavy Blade","Thunderclap+1"],"picked":"SKIP","floor":44}],"player_experience":737090,"relics_obtained":[{"floor":6,"key":"Regal Pillow"},{"floor":19,"key":"Pen Nib"},{"floor":24,"key":"Mummified Hand"},{"floor":25,"key":"Shuriken"},{"floor":26,"key":"Red Skull"},{"floor":30,"key":"Red Mask"},{"floor":40,"key":"Blood Vial"},{"floor":42,"key":"Turnip"},{"floor":43,"key":"Thread and Needle"}],"event_choices":[{"damage_healed":0,"gold_gain":75,"player_choice":"Gather Gold","damage_taken":11,"max_hp_gain":0,"max_hp_loss":0,"event_name":"World of Goop","floor":3,"gold_loss":0},{"damage_healed":0,"gold_gain":275,"player_choice":"Desecrate","damage_taken":0,"max_hp_gain":0,"max_hp_loss":0,"event_name":"Golden Shrine","floor":4,"gold_loss":0,"cards_obtained":["Regret"]},{"damage_healed":0,"gold_gain":0,"player_choice":"Paid Gold","damage_taken":0,"relics_obtained":["Anchor"],"max_hp_gain":0,"max_hp_loss":0,"event_name":"WeMeetAgain","floor":13,"gold_loss":53},{"damage_healed":0,"gold_gain":0,"player_choice":"Relic","damage_taken":0,"max_hp_gain":0,"max_hp_loss":0,"event_name":"Wheel of Change","floor":25,"gold_loss":0},{"damage_healed":0,"gold_gain":0,"player_choice":"Fought Bandits","damage_taken":0,"max_hp_gain":0,"max_hp_loss":0,"event_name":"Masked Bandits","floor":30,"gold_loss":0},{"damage_healed":0,"gold_gain":0,"player_choice":"Became a vampire","damage_taken":0,"max_hp_gain":0,"max_hp_loss":22,"event_name":"Vampires","floor":31,"gold_loss":0,"cards_obtained":["Bite","Bite","Bite","Bite","Bite"]},{"damage_healed":0,"gold_gain":0,"player_choice":"Memory 3","damage_taken":10,"max_hp_gain":0,"max_hp_loss":0,"event_name":"SensoryStone","floor":36,"gold_loss":0},{"damage_healed":0,"gold_gain":0,"player_choice":"Bought 0 Potions","damage_taken":0,"max_hp_gain":0,"max_hp_loss":0,"event_name":"The Woman in Blue","floor":37,"gold_loss":0}],"is_beta":false,"boss_relics":[{"not_picked":["Calling Bell","Runic Cube"],"picked":"Mark of Pain"},{"not_picked":["Runic Dome","Black Blood"],"picked":"Runic Pyramid"}],"items_purged_floors":[10],"is_endless":false,"potions_floor_spawned":[2,5,18,22,30,33,39,44],"killed_by":"Transient","ascension_level":0}