{"path_per_floor":["M","?","M","M","M","R","?","R","T","?","M","M","T","$","R","B",null,"M","?","T","M","$","R","M","M","T","M"],"character_chosen":"THE_SILENT","items_purchased":["Vajra","Trip"],"gold_per_floor":[118,118,137,150,167,167,167,167,223,223,241,261,261,25,25,114,114,114,114,114,114,39,39,39,39,39,39,39],"floor_reached":28,"campfire_rested":1,"playtime":1448,"current_hp_per_floor":[56,61,61,59,57,57,39,39,39,39,22,17,17,17,39,38,66,59,59,59,58,58,58,58,46,46,24,0],"items_purged":["Strike_G"],"gold":39,"score":350,"play_id":"23805cd0-b80f-4490-a01a-bbb6237d2bbf","local_time":"20180330112848","is_prod":false,"is_daily":false,"is_ascension_mode":true,"campfire_upgraded":3,"timestamp":1522402128,"path_taken":["M","?","M","M","M","R","?","R","T","?","M","?","?","$","R","BOSS","M","?","?","M","$","R","M","?","T","?","E"],"build_version":"2018-03-29v2","purchased_purges":1,"victory":false,"master_deck":["Defend_G","Defend_G","Defend_G","Defend_G","Defend_G","Strike_G","Strike_G","Strike_G","Survivor","Neutralize+1","AscendersBane","Dagger Throw","Malaise+1","Backflip","Acrobatics","Deadly Poison","Tactician","Trip+1","Tools of the Trade","Decay"],"max_hp_per_floor":[70,75,75,75,75,75,75,75,75,75,75,75,75,75,75,75,75,75,75,75,75,75,75,75,75,75,75,75],"relics":["Ring of the Snake","Prayer Wheel","Golden Idol","Tiny Chest","Dead Branch","Vajra","Ectoplasm","Lantern","Omamori"],"card_choices":[{"not_picked":["Night Terror","Bane"],"picked":"Dagger Throw","floor":1},{"not_picked":["Outmaneuver","Dagger Throw"],"picked":"Malaise","floor":3},{"not_picked":["Escape Plan","Poisoned Stab"],"picked":"Backflip","floor":4},{"not_picked":["Poisoned Stab","Infinite Blades"],"picked":"Acrobatics","floor":5},{"not_picked":["Blade Dance","Dodge and Roll"],"picked":"Deadly Poison","floor":11},{"not_picked":["Flying Knee","Slice"],"picked":"Tactician","floor":12},{"not_picked":["Doppelganger","Die Die Die"],"picked":"Tools of the Trade","floor":16}],"player_experience":472821,"potions_floor_usage":[11,21,25,28],"damage_taken":[{"damage":7,"enemies":"Small Slimes","floor":1,"turns":5},{"damage":0,"enemies":"2 Louse","floor":3,"turns":3},{"damage":2,"enemies":"Cultist","floor":4,"turns":4},{"damage":2,"enemies":"3 Louse","floor":5,"turns":6},{"damage":17,"enemies":"Lots of Slimes","floor":11,"turns":6},{"damage":5,"enemies":"Blue Slaver","floor":12,"turns":4},{"damage":1,"enemies":"The Guardian","floor":16,"turns":10},{"damage":7,"enemies":"Shell Parasite","floor":18,"turns":5},{"damage":1,"enemies":"Chosen","floor":21,"turns":6},{"damage":0,"enemies":"Snake Plant","floor":24,"turns":6},{"damage":12,"enemies":"Centurion and Healer","floor":25,"turns":9},{"damage":22,"enemies":"3 Cultists","floor":27,"turns":7},{"damage":27,"enemies":"Gremlin Leader","floor":28,"turns":7}],"event_choices":[{"event_name":"Big Fish","player_choice":"Donut","floor":2,"damage_taken":0},{"event_name":"Golden Idol","player_choice":"Take Damage","floor":7,"damage_taken":0},{"event_name":"Bonfire Elementals","player_choice":"BASIC","floor":10,"damage_taken":0},{"event_name":"Wheel of Change","player_choice":"Curse","floor":19,"damage_taken":0}],"boss_relics":[{"not_picked":["The Specimen","Orrery"],"picked":"Ectoplasm"}],"potions_floor_spawned":[1,5,11,12,18],"seed_played":"-6786709121012357952","killed_by":"Gremlin Leader","ascension_level":13,"is_trial":false}