{"gold_per_floor":[119,119,169,181,193,239,266,295,386,79,79,4,38,55,55,131,131,147,147,147,159,159,159,59,59,111,126,0,0,12,38,38,38],"floor_reached":33,"playtime":762,"items_purged":["Strike_B","Strike_B"],"score":511,"play_id":"5e9dffd2-0038-42ca-8629-d95cca41c132","local_time":"20190206120040","is_ascension_mode":true,"campfire_choices":[{"data":"Zap","floor":11.0,"key":"SMITH"},{"data":"Barrage","floor":15.0,"key":"SMITH"},{"data":"Coolheaded","floor":23.0,"key":"SMITH"},{"data":"Capacitor","floor":25.0,"key":"SMITH"},{"floor":32,"key":"REST"}],"neow_cost":"NONE","seed_source_timestamp":397312404311611,"circlet_count":0,"master_deck":["AscendersBane","Strike_B","Strike_B","Defend_B","Defend_B","Defend_B","Defend_B","Zap+1","Dualcast","Capacitor+1","FTL","White Noise","Coolheaded+1","Ball Lightning","Barrage+1","Conserve Battery","Rainbow","Self Repair+1","Coolheaded+1","Barrage","Barrage","Machine Learning"],"special_seed":0,"relics":["Cracked Core","NeowsBlessing","Art of War","MawBank","Blood Vial","Ornamental Fan","Runic Capacitor","Mango","White Beast Statue","MutagenicStrength","Bag of Marbles","Dream Catcher"],"potions_floor_usage":[33],"damage_taken":[{"damage":0.0,"enemies":"2 Louse","floor":1.0,"turns":1.0},{"damage":0.0,"enemies":"Lagavulin","floor":6.0,"turns":1.0},{"damage":0.0,"enemies":"Jaw Worm","floor":7.0,"turns":1.0},{"damage":1.0,"enemies":"Cultist","floor":8.0,"turns":3.0},{"damage":25.0,"enemies":"Gremlin Nob","floor":13.0,"turns":4.0},{"damage":18.0,"enemies":"3 Louse","floor":14.0,"turns":3.0},{"damage":34.0,"enemies":"Slime Boss","floor":16.0,"turns":9.0},{"damage":0.0,"enemies":"Chosen","floor":18.0,"turns":5.0},{"damage":30.0,"enemies":"2 Thieves","floor":21.0,"turns":4.0},{"damage":16.0,"enemies":"Cultist and Chosen","floor":27.0,"turns":5.0},{"damage":51,"enemies":"Snake Plant","floor":30,"turns":5},{"damage":58,"enemies":"Automaton","floor":33,"turns":6}],"seed_played":"-1175164860057596290","potions_obtained":[{"floor":7.0,"key":"Regen Potion"},{"floor":13.0,"key":"Fire Potion"},{"floor":18.0,"key":"Strength Potion"},{"floor":21.0,"key":"Energy Potion"},{"floor":27.0,"key":"Ancient Potion"}],"is_trial":false,"path_per_floor":["M","?","T","$","?","E","M","M","T","$","R","$","E","M","R","B",null,"M","?","?","M","?","R","$","R","T","M","?","?","M","T","R","B"],"character_chosen":"DEFECT","items_purchased":["Runic Capacitor","Coolheaded","Ball Lightning"],"campfire_rested":1,"item_purchase_floors":[10,10,10],"current_hp_per_floor":[64,46,46,46,46,46,48,49,49,49,49,49,49,33,33,1,64,66,66,66,48,48,48,48,48,48,44,44,61,22,22,47,0],"gold":38,"neow_bonus":"THREE_ENEMY_KILL","is_prod":false,"is_daily":false,"chose_seed":false,"campfire_upgraded":4,"win_rate":0,"timestamp":1549450840,"path_taken":["M","?","?","$","?","E","M","M","T","?","R","?","E","M","R","BOSS","M","?","?","?","?","R","$","R","T","M","?","?","M","?","R","BOSS"],"build_version":"2019-01-23","purchased_purges":2,"victory":false,"max_hp_per_floor":[71,71,71,71,71,71,71,71,71,71,71,71,85,85,85,85,85,85,85,85,85,85,85,85,85,85,85,85,85,85,85,85,85],"card_choices":[{"not_picked":["Compile Driver","Leap"],"picked":"Capacitor","floor":1.0},{"not_picked":["Fission","Blizzard","Hologram"],"picked":"SKIP","floor":6.0},{"not_picked":["Leap","Streamline"],"picked":"FTL","floor":7.0},{"not_picked":["Leap","Turbo"],"picked":"White Noise","floor":8.0},{"not_picked":["Loop","Double Energy"],"picked":"Barrage","floor":13.0},{"not_picked":["Sweeping Beam","Stack"],"picked":"Conserve Battery","floor":14.0},{"not_picked":["Hyperbeam","Reboot"],"picked":"Rainbow","floor":16.0},{"not_picked":["Gash","Streamline"],"picked":"Self Repair+1","floor":18.0},{"not_picked":["Conserve Battery","Ball Lightning"],"picked":"Coolheaded","floor":21.0},{"not_picked":["Stack","BootSequence+1"],"picked":"Barrage","floor":27.0},{"not_picked":["Self Repair","White Noise"],"picked":"Barrage","floor":30},{"not_picked":["Go for the Eyes","Darkness"],"picked":"Machine Learning","floor":32}],"player_experience":788901,"relics_obtained":[{"floor":3.0,"key":"MawBank"},{"floor":6.0,"key":"Blood Vial"},{"floor":9.0,"key":"Ornamental Fan"},{"floor":13.0,"key":"Mango"},{"floor":26.0,"key":"Bag of Marbles"},{"floor":31,"key":"Dream Catcher"}],"event_choices":[{"damage_healed":0.0,"max_hp_gain":0.0,"max_hp_loss":0.0,"gold_gain":0.0,"event_name":"Scrap Ooze","player_choice":"Success","floor":2.0,"gold_loss":0.0,"damage_taken":18.0,"relics_obtained":["Art of War"]},{"damage_healed":0.0,"max_hp_gain":0.0,"max_hp_loss":0.0,"gold_gain":0.0,"event_name":"Liars Game","player_choice":"Ignored","floor":5.0,"gold_loss":0.0,"damage_taken":0.0},{"damage_healed":0.0,"max_hp_gain":0.0,"max_hp_loss":0.0,"gold_gain":0.0,"event_name":"Vampires","player_choice":"Ignored","floor":19.0,"gold_loss":0.0,"damage_taken":0.0},{"damage_healed":0.0,"max_hp_gain":0.0,"max_hp_loss":0.0,"gold_gain":0.0,"event_name":"Upgrade Shrine","player_choice":"Upgraded","floor":20.0,"gold_loss":0.0,"damage_taken":0.0,"cards_upgraded":["Coolheaded"]},{"damage_healed":0.0,"max_hp_gain":0.0,"max_hp_loss":0.0,"gold_gain":0.0,"event_name":"Drug Dealer","player_choice":"Inject Mutagens","floor":22.0,"gold_loss":0.0,"damage_taken":0.0,"relics_obtained":["MutagenicStrength"]},{"damage_healed":0,"gold_gain":0,"player_choice":"Paid Fearfully","damage_taken":0,"max_hp_gain":0,"max_hp_loss":0,"event_name":"Masked Bandits","floor":28,"gold_loss":126},{"damage_healed":17,"gold_gain":0,"player_choice":"Heal","damage_taken":0,"max_hp_gain":0,"max_hp_loss":0,"event_name":"The Library","floor":29,"gold_loss":0}],"is_beta":false,"boss_relics":[{"not_picked":["Lizard Tail","Black Star"],"picked":"White Beast Statue"}],"items_purged_floors":[12,24],"is_endless":false,"potions_floor_spawned":[7,13,18,21,27,30],"killed_by":"Automaton","ascension_level":17}