{"gold_per_floor":[116,116,49,49,49,49,64,97,143,158,158,175,50,50,50,145,145,159,5,5,21,21,21,31,31,113,113,123,123,123,123,123,223,223,241,38,38,54,67,67,67,96,96,96,0,0,26,40,40,40],"floor_reached":50,"playtime":1647,"items_purged":[],"score":623,"play_id":"33451a4d-37f8-4f99-b736-60fa9f9b6cb5","local_time":"20190701225215","is_ascension_mode":true,"campfire_choices":[{"data":"Bash","floor":6,"key":"SMITH"},{"data":"Spot Weakness","floor":11,"key":"SMITH"},{"data":"Flex","floor":15,"key":"SMITH"},{"data":"Limit Break","floor":23,"key":"SMITH"},{"data":"Battle Trance","floor":25,"key":"SMITH"},{"floor":27,"key":"REST"},{"floor":29,"key":"REST"},{"floor":32,"key":"RECALL"},{"data":"Double Tap","floor":40,"key":"SMITH"},{"data":"Offering","floor":44,"key":"SMITH"},{"floor":46,"key":"REST"},{"data":"Inflame","floor":49,"key":"SMITH"}],"neow_cost":"NONE","seed_source_timestamp":1573578638440351,"circlet_count":0,"master_deck":["Strike_R","Strike_R","Strike_R","Strike_R","Strike_R","Bash+1","Inflame+1","Battle Trance+1","Spot Weakness+1","Pummel+1","Flex+1","Havoc+1","Rampage+1","Feel No Pain+1","Limit Break+1","Sword Boomerang+1","Shame","Offering+1","Double Tap+1","Writhe","Inflame+1","Sword Boomerang+1"],"relics":["Burning Blood","NeowsBlessing","Singing Bowl","Molten Egg 2","Orichalcum","Astrolabe","PreservedInsect","Gremlin Horn","The Courier","Runic Cube","Kunai","Centennial Puzzle","Toxic Egg 2","Red Mask","Darkstone Periapt"],"potions_floor_usage":[33,38,48,50],"damage_taken":[{"damage":0,"enemies":"2 Louse","floor":1,"turns":1},{"damage":0,"enemies":"Cultist","floor":7,"turns":1},{"damage":0,"enemies":"Gremlin Nob","floor":8,"turns":1},{"damage":6,"enemies":"Jaw Worm","floor":10,"turns":2},{"damage":0,"enemies":"2 Fungi Beasts","floor":12,"turns":3},{"damage":41,"enemies":"Hexaghost","floor":16,"turns":7},{"damage":12,"enemies":"Shell Parasite","floor":18,"turns":3},{"damage":6,"enemies":"Chosen","floor":21,"turns":3},{"damage":13,"enemies":"Snecko","floor":24,"turns":4},{"damage":23,"enemies":"Centurion and Healer","floor":28,"turns":3},{"damage":38,"enemies":"Collector","floor":33,"turns":4},{"damage":6,"enemies":"Orb Walker","floor":35,"turns":1},{"damage":30,"enemies":"3 Darklings","floor":38,"turns":3},{"damage":45,"enemies":"Sphere and 2 Shapes","floor":39,"turns":3},{"damage":0,"enemies":"Reptomancer","floor":42,"turns":3},{"damage":53,"enemies":"Nemesis","floor":47,"turns":5},{"damage":33,"enemies":"Writhing Mass","floor":48,"turns":4},{"damage":40,"enemies":"Donu and Deca","floor":50,"turns":2}],"seed_played":"4160484919853867564","potions_obtained":[{"floor":10,"key":"BloodPotion"},{"floor":12,"key":"EssenceOfSteel"},{"floor":18,"key":"SteroidPotion"},{"floor":33,"key":"Energy Potion"},{"floor":35,"key":"LiquidBronze"},{"floor":47,"key":"Fire Potion"},{"floor":48,"key":"Ancient Potion"}],"is_trial":false,"path_per_floor":["M","?","$","T","?","R","M","E","T","M","R","M","$","$","R","B",null,"M","$","?","M","?","R","M","R","T","R","M","R","?","?","R","B",null,"M","$","?","M","M","R","?","E","T","R","?","R","E","M","R","B"],"character_chosen":"IRONCLAD","items_purchased":["Inflame","Pummel+1","Flex","Limit Break","Kunai"],"campfire_rested":3,"item_purchase_floors":[3,13,13,19,36],"current_hp_per_floor":[80,80,80,80,80,80,80,80,80,80,80,80,80,80,80,47,82,76,76,76,78,62,62,55,55,55,81,64,89,89,89,89,57,89,91,91,91,69,30,30,53,61,61,61,61,89,42,38,38,0],"gold":40,"neow_bonus":"THREE_ENEMY_KILL","is_prod":false,"is_daily":false,"chose_seed":false,"campfire_upgraded":8,"win_rate":0,"timestamp":1562035935,"path_taken":["M","?","?","?","?","R","M","E","T","?","R","M","?","$","R","BOSS","M","$","?","?","?","R","M","R","T","R","M","R","?","?","R","BOSS","M","$","?","M","M","R","?","E","T","R","?","R","E","M","R","BOSS"],"build_version":"2019-07-01","purchased_purges":0,"victory":false,"max_hp_per_floor":[80,80,80,80,80,80,80,80,80,80,80,80,80,80,80,82,82,82,82,82,84,89,89,89,89,89,89,89,89,89,89,89,89,89,91,91,91,93,93,93,93,95,95,95,95,95,95,95,95,95],"card_choices":[{"not_picked":["Cleave","Iron Wave","Heavy Blade"],"picked":"SKIP","floor":1},{"not_picked":["Sword Boomerang","Clothesline"],"picked":"Battle Trance","floor":7},{"not_picked":["Cleave","Warcry"],"picked":"Spot Weakness","floor":8},{"not_picked":["Anger+1","True Grit","Havoc"],"picked":"SKIP","floor":10},{"not_picked":["Ghostly Armor","Dual Wield","Wild Strike+1"],"picked":"SKIP","floor":12},{"not_picked":["Reaper+1","Barricade","Dark Embrace"],"picked":"Singing Bowl","floor":16},{"not_picked":["Intimidate+1","Sever Soul+1","Perfected Strike+1"],"picked":"SKIP","floor":18},{"not_picked":["Searing Blow+1","Rage","Carnage+1"],"picked":"Singing Bowl","floor":21},{"not_picked":["Clothesline+1","Warcry+1","Body Slam+1"],"picked":"SKIP","floor":24},{"not_picked":["Body Slam+1","Warcry"],"picked":"Sword Boomerang+1","floor":28},{"not_picked":["Reaper+1","Double Tap"],"picked":"Offering","floor":33},{"not_picked":["Battle Trance","Power Through","Headbutt+1"],"picked":"Singing Bowl","floor":35},{"not_picked":["Shrug It Off","Pommel Strike+1","Headbutt+1"],"picked":"Singing Bowl","floor":38},{"not_picked":["Shrug It Off+1","Inflame+1"],"picked":"Double Tap","floor":39},{"not_picked":["Body Slam+1","Second Wind","Headbutt+1"],"picked":"Singing Bowl","floor":42},{"not_picked":["Rage+1","Cleave+1"],"picked":"Inflame","floor":47},{"not_picked":["Cleave+1","Wild Strike+1"],"picked":"Sword Boomerang+1","floor":48}],"player_experience":105509,"relics_obtained":[{"floor":4,"key":"Singing Bowl"},{"floor":8,"key":"Molten Egg 2"},{"floor":9,"key":"Orichalcum"},{"floor":26,"key":"Gremlin Horn"},{"floor":42,"key":"Centennial Puzzle"},{"floor":43,"key":"Toxic Egg 2"},{"floor":47,"key":"Darkstone Periapt"}],"event_choices":[{"damage_healed":0,"gold_gain":0,"player_choice":"Bought 0 Potions","damage_taken":0,"max_hp_gain":0,"max_hp_loss":0,"event_name":"The Woman in Blue","floor":2,"gold_loss":0},{"damage_healed":0,"gold_gain":0,"player_choice":"Forge","damage_taken":0,"max_hp_gain":0,"max_hp_loss":0,"event_name":"Accursed Blacksmith","floor":5,"gold_loss":0,"cards_upgraded":["Inflame"]},{"damage_healed":0,"gold_gain":0,"player_choice":"Gave Potion","damage_taken":0,"relics_obtained":["PreservedInsect"],"max_hp_gain":0,"max_hp_loss":0,"event_name":"WeMeetAgain","floor":20,"gold_loss":0},{"damage_healed":0,"gold_gain":0,"player_choice":"Shed Blood","damage_taken":21,"max_hp_gain":5,"max_hp_loss":0,"event_name":"Forgotten Altar","floor":22,"gold_loss":0},{"damage_healed":0,"gold_gain":0,"player_choice":"Ignored","damage_taken":0,"max_hp_gain":0,"max_hp_loss":0,"event_name":"Ghosts","floor":30,"gold_loss":0},{"damage_healed":0,"gold_gain":0,"player_choice":"Stole Relic","damage_taken":0,"relics_obtained":["The Courier"],"max_hp_gain":0,"max_hp_loss":0,"event_name":"Addict","floor":31,"gold_loss":0,"cards_obtained":["Shame"]},{"cards_removed":["Defend_R"],"damage_healed":0,"gold_gain":0,"player_choice":"Removed Skill","damage_taken":0,"max_hp_gain":0,"max_hp_loss":0,"event_name":"Falling","floor":37,"gold_loss":0},{"damage_healed":23,"gold_gain":0,"player_choice":"Writhe","damage_taken":0,"max_hp_gain":0,"max_hp_loss":0,"event_name":"Winding Halls","floor":41,"gold_loss":0,"cards_obtained":["Writhe"]},{"damage_healed":0,"gold_gain":0,"player_choice":"Paid","damage_taken":0,"relics_obtained":["Red Mask"],"max_hp_gain":0,"max_hp_loss":0,"event_name":"Tomb of Lord Red Mask","floor":45,"gold_loss":96}],"is_beta":false,"boss_relics":[{"not_picked":["Runic Dome","Runic Pyramid"],"picked":"Astrolabe"},{"not_picked":["Black Star","Tiny House"],"picked":"Runic Cube"}],"items_purged_floors":[],"is_endless":false,"potions_floor_spawned":[10,12,18,33,35,47,48],"killed_by":"Donu and Deca","ascension_level":2}