{"gold_per_floor":[117,117,141,153,182,194,224,236,298,322,365,377,408,420,432,444],"floor_reached":16,"playtime":625,"items_purged":[],"score":198,"play_id":"aa3a4f5f-34c6-4f94-93ff-7111b97ee95b","local_time":"20190224133019","is_ascension_mode":true,"campfire_choices":[{"data":"True Grit","floor":6.0,"key":"SMITH"},{"data":"Blind","floor":8,"key":"SMITH"},{"data":"Pommel Strike","floor":12,"key":"SMITH"},{"data":"Bash","floor":15,"key":"SMITH"}],"neow_cost":"NONE","seed_source_timestamp":1439691124240236,"circlet_count":0,"master_deck":["AscendersBane","Strike_R","Strike_R","Strike_R","Strike_R","Strike_R","Defend_R","Defend_R","Defend_R","Defend_R","Bash+1","Blind+1","Flame Barrier","Cleave","True Grit+1","Pommel Strike+1"],"special_seed":0,"relics":["Burning Blood","MawBank","Spirit Poop","Strawberry","Orichalcum"],"potions_floor_usage":[11,11],"damage_taken":[{"damage":11.0,"enemies":"Jaw Worm","floor":1.0,"turns":4.0},{"damage":12.0,"enemies":"Small Slimes","floor":3.0,"turns":4.0},{"damage":4.0,"enemies":"Cultist","floor":5.0,"turns":4.0},{"damage":18,"enemies":"Exordium Wildlife","floor":7,"turns":6},{"damage":5,"enemies":"3 Louse","floor":10,"turns":3},{"damage":30,"enemies":"Gremlin Nob","floor":11,"turns":4},{"damage":5,"enemies":"Looter","floor":13,"turns":3},{"damage":37,"enemies":"Slime Boss","floor":16,"turns":6}],"seed_played":"-1495525862306545394","potions_obtained":[{"floor":1.0,"key":"Swift Potion"},{"floor":5.0,"key":"Weak Potion"},{"floor":10,"key":"Fire Potion"}],"is_trial":false,"path_per_floor":["M","?","M","?","M","R","M","R","T","M","E","R","M","$","R","B"],"character_chosen":"IRONCLAD","items_purchased":[],"campfire_rested":0,"item_purchase_floors":[],"current_hp_per_floor":[63,63,57,57,59,59,47,47,54,55,31,31,32,32,32,0],"gold":444,"neow_bonus":"RANDOM_COLORLESS","is_prod":false,"is_daily":false,"chose_seed":false,"campfire_upgraded":4,"win_rate":0,"timestamp":1551011419,"path_taken":["M","?","M","?","M","R","M","R","T","?","E","R","M","$","R","BOSS"],"build_version":"2019-01-23","purchased_purges":0,"victory":false,"max_hp_per_floor":[75,75,75,75,75,75,75,75,82,82,82,82,82,82,82,82],"card_choices":[{"not_picked":["Whirlwind","Dropkick"],"picked":"Flame Barrier","floor":1.0},{"not_picked":["Warcry","Heavy Blade"],"picked":"Cleave","floor":3.0},{"not_picked":["Twin Strike","Sever Soul"],"picked":"True Grit","floor":5.0},{"not_picked":["Sword Boomerang","Anger"],"picked":"Pommel Strike","floor":7},{"not_picked":["Anger","Bludgeon","Twin Strike"],"picked":"SKIP","floor":10},{"not_picked":["Feel No Pain","Wild Strike","Pummel"],"picked":"SKIP","floor":11},{"not_picked":["Twin Strike","Body Slam","Wild Strike"],"picked":"SKIP","floor":13}],"player_experience":887814,"relics_obtained":[{"floor":9,"key":"Strawberry"},{"floor":11,"key":"Orichalcum"}],"event_choices":[{"damage_healed":0.0,"max_hp_gain":0.0,"max_hp_loss":0.0,"gold_gain":0.0,"event_name":"Big Fish","player_choice":"Box","floor":2.0,"gold_loss":0.0,"damage_taken":0.0,"relics_obtained":["MawBank"],"cards_obtained":["Regret"]},{"cards_removed":["Regret"],"damage_healed":0.0,"max_hp_gain":0.0,"max_hp_loss":0.0,"gold_gain":0.0,"event_name":"Bonfire Elementals","player_choice":"Offered Curse","floor":4.0,"gold_loss":0.0,"damage_taken":0.0,"relics_obtained":["Spirit Poop"]}],"is_beta":false,"boss_relics":[],"items_purged_floors":[],"is_endless":false,"potions_floor_spawned":[1,5,10],"killed_by":"Slime Boss","ascension_level":19}