{"gold_per_floor":[109,124,104,70,83,116,128,139,139,150,167,167,167,167],"floor_reached":14,"playtime":714,"items_purged":[],"score":122,"play_id":"af954488-4fa5-48c0-ba9f-38b42c890dd0","local_time":"20190721133830","is_ascension_mode":true,"campfire_choices":[{"data":"True Grit","floor":12,"key":"SMITH"}],"neow_cost":"NONE","seed_source_timestamp":323282185889741,"circlet_count":0,"master_deck":["Strike_R","Strike_R","Strike_R","Strike_R","Defend_R","Defend_R","Defend_R","Defend_R","Bash+1","True Grit+1","Anger","Ghostly Armor","Reaper","Body Slam","Entrench","Disarm","Evolve"],"relics":["Burning Blood","Regal Pillow","Peace Pipe"],"potions_floor_usage":[6,6],"damage_taken":[{"damage":6,"enemies":"Cultist","floor":1,"turns":3},{"damage":10,"enemies":"Small Slimes","floor":2,"turns":4},{"damage":2,"enemies":"Jaw Worm","floor":5,"turns":3},{"damage":25,"enemies":"Lagavulin","floor":6,"turns":7},{"damage":0,"enemies":"Gremlin Gang","floor":7,"turns":6},{"damage":39,"enemies":"Exordium Thugs","floor":8,"turns":5},{"damage":31,"enemies":"Lots of Slimes","floor":10,"turns":6},{"damage":0,"enemies":"Red Slaver","floor":11,"turns":5},{"damage":0,"enemies":"3 Sentries","floor":14,"turns":1}],"seed_played":"-1603963498274811363","potions_obtained":[{"floor":1,"key":"PowerPotion"},{"floor":2,"key":"BloodPotion"},{"floor":3,"key":"Poison Potion"},{"floor":11,"key":"Explosive Potion"}],"is_trial":false,"path_per_floor":["M","M","?","$","M","E","M","M","T","M","M","R","?","E"],"character_chosen":"IRONCLAD","items_purchased":["Ghostly Armor"],"campfire_rested":0,"item_purchase_floors":[4],"current_hp_per_floor":[72,68,68,68,72,53,67,42,42,37,43,43,43,43],"gold":167,"neow_bonus":"UPGRADE_CARD","is_prod":false,"is_daily":false,"chose_seed":false,"campfire_upgraded":1,"win_rate":0,"timestamp":1563741510,"path_taken":["M","?","?","$","M","E","M","?","T","M","?","R","?","E"],"build_version":"2019-07-05","purchased_purges":0,"victory":false,"max_hp_per_floor":[80,80,80,80,80,80,80,80,80,80,80,80,80,80],"card_choices":[{"not_picked":["Evolve","Sword Boomerang"],"picked":"True Grit","floor":1},{"not_picked":["Perfected Strike","Bloodletting"],"picked":"Anger","floor":2},{"not_picked":["Iron Wave","Clothesline","Perfected Strike"],"picked":"SKIP","floor":5},{"not_picked":["Dark Embrace","Combust"],"picked":"Reaper","floor":6},{"not_picked":["Sword Boomerang","Warcry"],"picked":"Body Slam","floor":7},{"not_picked":["Clothesline","Flex"],"picked":"Entrench","floor":8},{"not_picked":["Sword Boomerang","Twin Strike"],"picked":"Disarm","floor":10},{"not_picked":["Wild Strike","Anger","Armaments"],"picked":"SKIP","floor":11}],"player_experience":77050,"relics_obtained":[{"floor":6,"key":"Regal Pillow"},{"floor":9,"key":"Peace Pipe"}],"event_choices":[{"damage_healed":0,"gold_gain":0,"player_choice":"Bought 1 Potion","damage_taken":0,"max_hp_gain":0,"max_hp_loss":0,"event_name":"The Woman in Blue","floor":3,"gold_loss":0},{"damage_healed":0,"gold_gain":0,"cards_transformed":["Strike_R"],"player_choice":"Transformed","damage_taken":0,"max_hp_gain":0,"max_hp_loss":0,"event_name":"Transmorgrifier","floor":13,"gold_loss":0,"cards_obtained":["Evolve"]}],"is_beta":false,"boss_relics":[],"items_purged_floors":[],"is_endless":false,"potions_floor_spawned":[1,2,5,11],"killed_by":"3 Sentries","ascension_level":6}