{"gold_per_floor":[20,20,35,9,9,9,27,27,27,46,46],"floor_reached":11,"playtime":325,"items_purged":[],"score":126,"play_id":"11ab35b6-81fd-4741-b857-489b429ac45e","local_time":"20190303161643","is_ascension_mode":true,"campfire_choices":[{"data":"Zap","floor":6.0,"key":"SMITH"},{"data":"Darkness","floor":8.0,"key":"SMITH"}],"neow_cost":"NO_GOLD","seed_source_timestamp":196096685562981,"circlet_count":0,"master_deck":["AscendersBane","Strike_B","Strike_B","Strike_B","Strike_B","Defend_B","Defend_B","Defend_B","Defend_B","Zap+1","Dualcast","Purity","Trip","BootSequence","Capacitor","Ball Lightning","Darkness+1","Capacitor"],"special_seed":0,"relics":["Cracked Core","Blue Candle"],"potions_floor_usage":[11,11],"damage_taken":[{"damage":4.0,"enemies":"Small Slimes","floor":1.0,"turns":3.0},{"damage":4.0,"enemies":"Jaw Worm","floor":3.0,"turns":3.0},{"damage":1.0,"enemies":"Cultist","floor":7.0,"turns":3.0},{"damage":32.0,"enemies":"Exordium Thugs","floor":10.0,"turns":6.0},{"damage":25,"enemies":"3 Sentries","floor":11,"turns":4}],"seed_played":"3268240890001920410","potions_obtained":[{"floor":1.0,"key":"GamblersBrew"},{"floor":3.0,"key":"PowerPotion"}],"is_trial":false,"path_per_floor":["M","?","M","$","?","R","M","R","T","M","E"],"character_chosen":"DEFECT","items_purchased":["Ball Lightning"],"campfire_rested":0,"item_purchase_floors":[4],"current_hp_per_floor":[60,60,56,56,56,56,55,55,55,23,0],"gold":46,"neow_bonus":"RANDOM_COLORLESS_2","is_prod":false,"is_daily":false,"chose_seed":false,"campfire_upgraded":2,"win_rate":0,"timestamp":1551626203,"path_taken":["M","?","M","$","?","R","M","R","T","M","E"],"build_version":"2019-01-23","purchased_purges":0,"victory":false,"max_hp_per_floor":[71,71,71,71,71,71,71,71,71,71,71],"card_choices":[{"not_picked":["Gash","Scrape"],"picked":"BootSequence","floor":1.0},{"not_picked":["Sunder","Consume"],"picked":"Capacitor","floor":3.0},{"not_picked":["Steam","Turbo"],"picked":"Darkness","floor":7.0},{"not_picked":["Doom and Gloom","Heatsinks"],"picked":"Capacitor","floor":10.0}],"player_experience":930963,"relics_obtained":[{"floor":9.0,"key":"Blue Candle"}],"event_choices":[{"damage_healed":0.0,"max_hp_gain":0.0,"max_hp_loss":0.0,"gold_gain":0.0,"event_name":"Liars Game","player_choice":"Ignored","floor":2.0,"gold_loss":0.0,"damage_taken":0.0},{"damage_healed":0.0,"max_hp_gain":0.0,"max_hp_loss":0.0,"gold_gain":0.0,"event_name":"Shining Light","player_choice":"Ignored","floor":5.0,"gold_loss":0.0,"damage_taken":0.0}],"is_beta":false,"boss_relics":[],"items_purged_floors":[],"is_endless":false,"potions_floor_spawned":[1,3],"killed_by":"3 Sentries","ascension_level":20}