{"gold_per_floor":[110,126,142,142,142,142,42,62,87,113,133,147,147,158,158,237,237,219,273,273,93,106,125,40,40,40,40,40,90,90,90],"floor_reached":31,"playtime":1025,"items_purged":["Strike_G","Writhe"],"score":423,"play_id":"37aa5910-07c7-48e0-a690-75000fbff122","local_time":"20190214213122","is_ascension_mode":true,"campfire_choices":[{"data":"Dash","floor":6.0,"key":"SMITH"},{"data":"Acrobatics","floor":13.0,"key":"SMITH"},{"data":"Acrobatics","floor":15.0,"key":"SMITH"},{"data":"Reflex","floor":25,"key":"SMITH"},{"data":"Well Laid Plans","floor":28,"key":"SMITH"}],"neow_cost":"NONE","seed_source_timestamp":872416917170223,"circlet_count":0,"master_deck":["AscendersBane","Defend_G","Defend_G","Defend_G","Defend_G","Defend_G","Strike_G","Strike_G","Strike_G","Survivor","Neutralize+1","PiercingWail","Backflip","Dash+1","Acrobatics+1","Cloak And Dagger","Deadly Poison","Blur","Deadly Poison","Acrobatics+1","Tactician+1","Blur","Well Laid Plans+1","Reflex+1","Shame"],"special_seed":0,"relics":["Runic Dome","Bag of Marbles","Ancient Tea Set","Cursed Key","Pen Nib","Shuriken","Mummified Hand","Enchiridion"],"potions_floor_usage":[23],"damage_taken":[{"damage":0.0,"enemies":"Cultist","floor":1.0,"turns":5.0},{"damage":0.0,"enemies":"Small Slimes","floor":2.0,"turns":4.0},{"damage":0.0,"enemies":"2 Louse","floor":3.0,"turns":3.0},{"damage":4.0,"enemies":"Red Slaver","floor":8.0,"turns":5.0},{"damage":4.0,"enemies":"3 Sentries","floor":10.0,"turns":10.0},{"damage":3.0,"enemies":"2 Fungi Beasts","floor":11.0,"turns":4.0},{"damage":0.0,"enemies":"3 Louse","floor":12.0,"turns":4.0},{"damage":0.0,"enemies":"Looter","floor":14.0,"turns":3.0},{"damage":1.0,"enemies":"The Guardian","floor":16.0,"turns":9.0},{"damage":0.0,"enemies":"2 Thieves","floor":18.0,"turns":4.0},{"damage":0.0,"enemies":"Shell Parasite","floor":22.0,"turns":6.0},{"damage":3,"enemies":"Cultist and Chosen","floor":23,"turns":8},{"damage":41,"enemies":"Gremlin Leader","floor":31,"turns":6}],"seed_played":"2373115031462698063","potions_obtained":[{"floor":1.0,"key":"Poison Potion"},{"floor":2.0,"key":"SteroidPotion"},{"floor":10.0,"key":"GhostInAJar"},{"floor":16.0,"key":"Explosive Potion"},{"floor":23,"key":"Regen Potion"}],"is_trial":false,"path_per_floor":["M","M","M","?","?","R","$","M","T","E","M","M","R","M","R","B",null,"M","T","?","$","M","M","?","R","T","?","R","?","?","E"],"character_chosen":"THE_SILENT","items_purchased":["Acrobatics","Blur"],"campfire_rested":0,"item_purchase_floors":[7,21],"current_hp_per_floor":[59,59,59,59,59,59,59,55,55,51,48,48,48,48,48,47,61,61,61,61,61,61,58,58,58,58,58,58,58,37,0],"gold":90,"neow_bonus":"BOSS_RELIC","is_prod":false,"is_daily":false,"chose_seed":false,"campfire_upgraded":5,"win_rate":0,"timestamp":1550176282,"path_taken":["M","?","M","?","?","R","$","M","T","E","M","M","R","M","R","BOSS","M","?","?","$","M","M","?","R","T","?","R","?","?","E"],"build_version":"2019-01-23","purchased_purges":2,"victory":false,"max_hp_per_floor":[66,66,66,66,66,66,66,66,66,66,66,66,66,66,66,66,66,66,66,66,66,66,66,66,66,66,66,66,66,66,66],"card_choices":[{"not_picked":["Caltrops","Expertise"],"picked":"PiercingWail","floor":1.0},{"not_picked":["Flying Knee","Escape Plan"],"picked":"Backflip","floor":2.0},{"not_picked":["PiercingWail","Choke"],"picked":"Dash","floor":3.0},{"not_picked":["Dodge and Roll","Outmaneuver"],"picked":"Cloak And Dagger","floor":8.0},{"not_picked":["Catalyst","Concentrate"],"picked":"Deadly Poison","floor":10.0},{"not_picked":["Heel Hook","Blade Dance"],"picked":"Blur","floor":11.0},{"not_picked":["Outmaneuver","Sucker Punch"],"picked":"Deadly Poison","floor":12.0},{"not_picked":["Bane","PiercingWail"],"picked":"Acrobatics","floor":14.0},{"not_picked":["Concentrate","Escape Plan"],"picked":"Tactician+1","floor":18.0},{"not_picked":["Bouncing Flask","Backstab"],"picked":"Well Laid Plans","floor":22.0},{"not_picked":["Quick Slash","Slice+1"],"picked":"Reflex","floor":23}],"player_experience":799277,"relics_obtained":[{"floor":9.0,"key":"Bag of Marbles"},{"floor":10.0,"key":"Ancient Tea Set"},{"floor":19.0,"key":"Pen Nib"},{"floor":26,"key":"Mummified Hand"},{"floor":30,"key":"Enchiridion"}],"event_choices":[{"damage_healed":0.0,"max_hp_gain":0.0,"max_hp_loss":0.0,"gold_gain":0.0,"event_name":"Liars Game","player_choice":"Ignored","floor":4.0,"gold_loss":0.0,"damage_taken":0.0},{"damage_healed":0.0,"max_hp_gain":0.0,"max_hp_loss":0.0,"gold_gain":0.0,"event_name":"Accursed Blacksmith","player_choice":"Forge","floor":5.0,"gold_loss":0.0,"damage_taken":0.0,"cards_upgraded":["Neutralize"]},{"cards_removed":["Strike_G"],"damage_healed":0.0,"max_hp_gain":0.0,"max_hp_loss":0.0,"gold_gain":0.0,"event_name":"Back to Basics","player_choice":"Elegance","floor":20.0,"gold_loss":0.0,"damage_taken":0.0},{"damage_healed":0,"gold_gain":0,"player_choice":"Obtained Relic","damage_taken":0,"relics_obtained":["Shuriken"],"max_hp_gain":0,"max_hp_loss":0,"event_name":"Addict","floor":24,"gold_loss":85},{"damage_healed":0,"gold_gain":0,"player_choice":"Ignored","damage_taken":0,"max_hp_gain":0,"max_hp_loss":0,"event_name":"Vampires","floor":27,"gold_loss":0},{"damage_healed":0,"gold_gain":50,"player_choice":"Stole From Cult","damage_taken":0,"max_hp_gain":0,"max_hp_loss":0,"event_name":"Nest","floor":29,"gold_loss":0},{"damage_healed":0,"gold_gain":0,"player_choice":"Obtained Book","damage_taken":21,"max_hp_gain":0,"max_hp_loss":0,"event_name":"Cursed Tome","floor":30,"gold_loss":0}],"is_beta":false,"boss_relics":[{"not_picked":["Tiny House","WristBlade"],"picked":"Cursed Key"}],"items_purged_floors":[7,21],"is_endless":false,"potions_floor_spawned":[1,2,8,10,16,23],"killed_by":"Gremlin Leader","ascension_level":16}