{"gold_per_floor":[114,126,142,161,161,191,209,209,289,289,306,338,140,154,154,231,231,242,253,253],"floor_reached":20,"playtime":632,"items_purged":["Strike_R"],"score":376,"play_id":"24ae23cb-40b3-40f9-994f-0cb4325f59ba","local_time":"20190725204050","is_ascension_mode":true,"campfire_choices":[{"data":"Heavy Blade","floor":8.0,"key":"SMITH"},{"data":"Bash","floor":10.0,"key":"SMITH"},{"data":"Berserk","floor":15.0,"key":"SMITH"}],"neow_cost":"NONE","seed_source_timestamp":426518348023198,"circlet_count":0,"master_deck":["AscendersBane","Strike_R","Strike_R","Strike_R","Defend_R","Defend_R","Defend_R","Defend_R","Bash+1","Brutality","Battle Trance","Clothesline","Spot Weakness","Shrug It Off","Cleave","Heavy Blade+1","Sword Boomerang","Flame Barrier","Berserk+1","Limit Break","Evolve","Offering","Blood for Blood+1","Wild Strike"],"special_seed":0,"relics":["Black Blood","Mercury Hourglass","The Courier","Torii"],"potions_floor_usage":[],"damage_taken":[{"damage":0.0,"enemies":"2 Louse","floor":1.0,"turns":2.0},{"damage":9.0,"enemies":"Cultist","floor":2.0,"turns":4.0},{"damage":6.0,"enemies":"Small Slimes","floor":3.0,"turns":4.0},{"damage":10.0,"enemies":"Exordium Wildlife","floor":4.0,"turns":4.0},{"damage":38.0,"enemies":"Gremlin Nob","floor":6.0,"turns":5.0},{"damage":4.0,"enemies":"Looter","floor":7.0,"turns":3.0},{"damage":0.0,"enemies":"3 Louse","floor":11.0,"turns":2.0},{"damage":5.0,"enemies":"3 Sentries","floor":12.0,"turns":3.0},{"damage":4.0,"enemies":"Lots of Slimes","floor":14.0,"turns":3.0},{"damage":13.0,"enemies":"Slime Boss","floor":16.0,"turns":7.0},{"damage":37,"enemies":"2 Thieves","floor":18,"turns":4},{"damage":11,"enemies":"Chosen","floor":19,"turns":5},{"damage":38,"enemies":"Sentry and Sphere","floor":20,"turns":4}],"seed_played":"3229572959739571883","potions_obtained":[{"floor":1.0,"key":"Explosive Potion"},{"floor":2.0,"key":"EssenceOfSteel"},{"floor":4.0,"key":"Block Potion"},{"floor":11.0,"key":"Explosive Potion"},{"floor":14.0,"key":"SpeedPotion"},{"floor":19,"key":"Strength Potion"}],"is_trial":false,"path_per_floor":["M","M","M","M","?","E","M","R","T","R","M","E","$","M","R","B",null,"M","M","M"],"character_chosen":"IRONCLAD","items_purchased":["Limit Break"],"campfire_rested":0,"item_purchase_floors":[13],"current_hp_per_floor":[74,71,71,67,67,35,37,37,37,37,43,44,44,46,46,39,66,39,38,0],"gold":253,"neow_bonus":"ONE_RANDOM_RARE_CARD","is_prod":false,"is_daily":false,"chose_seed":false,"campfire_upgraded":3,"win_rate":0,"timestamp":1564054850,"path_taken":["M","M","M","M","?","E","M","R","T","R","M","E","$","?","R","BOSS","M","M","?"],"build_version":"2019-07-17","purchased_purges":1,"victory":false,"max_hp_per_floor":[75,75,75,75,75,75,75,75,75,75,75,75,75,75,75,75,75,75,75,75],"card_choices":[{"not_picked":["Armaments","Clash"],"picked":"Battle Trance","floor":1.0},{"not_picked":["Ghostly Armor","Wild Strike"],"picked":"Clothesline","floor":2.0},{"not_picked":["Clothesline","Perfected Strike"],"picked":"Spot Weakness","floor":3.0},{"not_picked":["Pommel Strike","Searing Blow"],"picked":"Shrug It Off","floor":4.0},{"not_picked":["True Grit","Flex"],"picked":"Heavy Blade","floor":6.0},{"not_picked":["Clash","Havoc"],"picked":"Sword Boomerang","floor":7.0},{"not_picked":["Iron Wave","Intimidate"],"picked":"Flame Barrier","floor":11.0},{"not_picked":["Second Wind","Reckless Charge"],"picked":"Berserk","floor":12.0},{"not_picked":["Infernal Blade","Pummel"],"picked":"Evolve","floor":14.0},{"not_picked":["Brutality","Double Tap"],"picked":"Offering","floor":16.0},{"not_picked":["Twin Strike","Wild Strike"],"picked":"Blood for Blood+1","floor":18},{"not_picked":["Fire Breathing","Shrug It Off"],"picked":"Wild Strike","floor":19}],"player_experience":1011762,"relics_obtained":[{"floor":6.0,"key":"Mercury Hourglass"},{"floor":9.0,"key":"The Courier"},{"floor":12.0,"key":"Torii"}],"event_choices":[{"damage_healed":0.0,"max_hp_gain":0.0,"max_hp_loss":0.0,"gold_gain":0.0,"cards_transformed":["Strike_R"],"event_name":"Transmorgrifier","player_choice":"Transformed","floor":5.0,"gold_loss":0.0,"damage_taken":0.0,"cards_obtained":["Cleave"]}],"is_beta":false,"boss_relics":[{"not_picked":["Orrery","Fusion Hammer"],"picked":"Black Blood"}],"items_purged_floors":[13],"is_endless":false,"potions_floor_spawned":[1,2,4,11,14,19],"killed_by":"Sentry and Sphere","ascension_level":20}