{"gold_per_floor":[112,112,126,126,91,130,130,130,130,153,153,177,177,196,196,339,351,386,51,74,101,101],"floor_reached":22,"playtime":651,"items_purged":["Strike_B"],"score":294,"play_id":"797be60a-b99f-48fa-b086-e4522e5e18cd","local_time":"20190111085236","is_ascension_mode":true,"campfire_choices":[{"floor":7.0,"key":"REST"},{"data":"Zap","floor":11.0,"key":"SMITH"},{"floor":13.0,"key":"DIG"},{"floor":15.0,"key":"DIG"}],"neow_cost":"NONE","seed_source_timestamp":342745653298978,"circlet_count":0,"master_deck":["AscendersBane","Strike_B","Strike_B","Strike_B","Defend_B","Defend_B","Defend_B","Defend_B","Zap+1","Dualcast","Core Surge","Coolheaded","Conserve Battery","Electrodynamics","Compile Driver","FTL","Machine Learning","BootSequence+1","Darkness+1","Consume+1","Turbo+1","Recycle+1","Capacitor","Hologram+1"],"special_seed":0,"relics":["Cracked Core","Golden Idol","Toxic Egg 2","Shovel","Mango","MawBank","Orrery","Runic Capacitor","Bronze Scales"],"potions_floor_usage":[16,16,20],"damage_taken":[{"damage":0.0,"enemies":"Small Slimes","floor":1.0,"turns":2.0},{"damage":0.0,"enemies":"2 Louse","floor":3.0,"turns":2.0},{"damage":31.0,"enemies":"3 Sentries","floor":6.0,"turns":9.0},{"damage":0.0,"enemies":"Cultist","floor":10.0,"turns":3.0},{"damage":6.0,"enemies":"Exordium Thugs","floor":12.0,"turns":3.0},{"damage":10.0,"enemies":"Looter","floor":14.0,"turns":3.0},{"damage":33,"enemies":"Slime Boss","floor":16,"turns":7},{"damage":26,"enemies":"Spheric Guardian","floor":18,"turns":6},{"damage":37,"enemies":"3 Byrds","floor":20,"turns":4},{"damage":12,"enemies":"Centurion and Healer","floor":22,"turns":2}],"seed_played":"3915476430416595480","potions_obtained":[{"floor":1.0,"key":"SteroidPotion"},{"floor":8.0,"key":"Energy Potion"},{"floor":14.0,"key":"SteroidPotion"},{"floor":16,"key":"FearPotion"},{"floor":18,"key":"Weak Potion"},{"floor":20,"key":"SteroidPotion"}],"is_trial":false,"path_per_floor":["M","?","M","?","?","E","R","?","T","M","R","M","R","M","R","B",null,"M","$","M","T","M"],"character_chosen":"DEFECT","items_purchased":["Runic Capacitor","Capacitor"],"campfire_rested":1,"item_purchase_floors":[19,19],"current_hp_per_floor":[68,50,50,50,50,19,41,41,41,41,41,35,49,39,39,6,68,42,42,5,5,0],"gold":101,"neow_bonus":"ONE_RANDOM_RARE_CARD","is_prod":false,"is_daily":false,"chose_seed":false,"campfire_upgraded":1,"win_rate":0,"timestamp":1547193156,"path_taken":["M","?","M","?","?","E","R","?","T","M","R","M","R","M","R","BOSS","M","$","M","?","M"],"build_version":"2019-01-10","purchased_purges":1,"victory":false,"max_hp_per_floor":[75,75,75,75,75,75,75,75,75,75,75,75,89,89,89,89,89,89,89,89,89,89],"card_choices":[{"not_picked":["Undo","Gash"],"picked":"Coolheaded","floor":1.0},{"not_picked":["Skim","Compile Driver"],"picked":"Conserve Battery","floor":3.0},{"not_picked":["Coolheaded","Fission"],"picked":"Electrodynamics","floor":6.0},{"not_picked":["Loop","Melter"],"picked":"Compile Driver","floor":10.0},{"not_picked":["Aggregate+1","Sunder"],"picked":"FTL","floor":12.0},{"not_picked":["Go for the Eyes","Storm","Gash"],"picked":"SKIP","floor":14.0},{"not_picked":["Multi-Cast+1","Thunder Strike"],"picked":"Machine Learning","floor":16},{"not_picked":["Barrage","Sweeping Beam"],"picked":"BootSequence+1","floor":17},{"not_picked":["Barrage","Sweeping Beam"],"picked":"Darkness+1","floor":17},{"not_picked":["Streamline","Chill+1"],"picked":"Consume+1","floor":17},{"not_picked":["Chill+1","Sunder"],"picked":"Turbo+1","floor":17},{"not_picked":["Hello World","Undo+1"],"picked":"Recycle+1","floor":18},{"not_picked":["Compile Driver","Go for the Eyes+1"],"picked":"Hologram+1","floor":20}],"player_experience":686815,"relics_obtained":[{"floor":6.0,"key":"Toxic Egg 2"},{"floor":9.0,"key":"Shovel"},{"floor":13.0,"key":"Mango"},{"floor":15.0,"key":"MawBank"},{"floor":21,"key":"Bronze Scales"}],"event_choices":[{"damage_healed":0.0,"max_hp_gain":0.0,"max_hp_loss":0.0,"gold_gain":0.0,"event_name":"Golden Idol","player_choice":"Take Damage","floor":2.0,"gold_loss":0.0,"damage_taken":18.0,"relics_obtained":["Golden Idol"]},{"damage_healed":0.0,"max_hp_gain":0.0,"max_hp_loss":0.0,"gold_gain":0.0,"event_name":"Liars Game","player_choice":"Ignored","floor":4.0,"gold_loss":0.0,"damage_taken":0.0},{"damage_healed":0.0,"max_hp_gain":0.0,"max_hp_loss":0.0,"gold_gain":0.0,"event_name":"World of Goop","player_choice":"Left Gold","floor":5.0,"gold_loss":35.0,"damage_taken":0.0},{"damage_healed":0.0,"max_hp_gain":0.0,"max_hp_loss":0.0,"gold_gain":0.0,"event_name":"Lab","player_choice":"Got Potions","floor":8.0,"gold_loss":0.0,"damage_taken":0.0}],"is_beta":false,"boss_relics":[{"not_picked":["Runic Dome","Fusion Hammer"],"picked":"Orrery"}],"items_purged_floors":[19],"is_endless":false,"potions_floor_spawned":[1,14,16,18,20],"killed_by":"Centurion and Healer","ascension_level":12}