{"gold_per_floor":[112,128,142,156,169,169,169,199,199,215,215,215,8,28,28,104,104,114,114],"floor_reached":19,"playtime":574,"items_purged":["Strike_R"],"score":342,"play_id":"361909d4-cfa8-488a-aeb3-dca9eff87466","local_time":"20190721221341","is_ascension_mode":true,"campfire_choices":[{"data":"Uppercut","floor":6.0,"key":"SMITH"},{"floor":12,"key":"REST"},{"data":"Armaments","floor":15,"key":"SMITH"}],"neow_cost":"NONE","seed_source_timestamp":262927011769337,"circlet_count":0,"master_deck":["AscendersBane","Strike_R","Strike_R","Defend_R","Defend_R","Defend_R","Bash","Wild Strike","Uppercut+1","Dropkick","Armaments+1","Metallicize","Cleave","Second Wind","Inflame","Sentinel","Feed","Shrug It Off+1"],"special_seed":0,"relics":["Burning Blood","Happy Flower","StoneCalendar","Matryoshka","Empty Cage"],"potions_floor_usage":[10,19],"damage_taken":[{"damage":10.0,"enemies":"Small Slimes","floor":1.0,"turns":3.0},{"damage":7.0,"enemies":"Jaw Worm","floor":2.0,"turns":3.0},{"damage":4.0,"enemies":"2 Louse","floor":3.0,"turns":3.0},{"damage":6.0,"enemies":"Looter","floor":4.0,"turns":2.0},{"damage":12.0,"enemies":"3 Louse","floor":5.0,"turns":4.0},{"damage":42.0,"enemies":"3 Sentries","floor":8.0,"turns":12.0},{"damage":4,"enemies":"Large Slime","floor":10,"turns":4},{"damage":6,"enemies":"Looter","floor":14,"turns":3},{"damage":23,"enemies":"Hexaghost","floor":16,"turns":9},{"damage":39,"enemies":"Shell Parasite","floor":18,"turns":7},{"damage":7,"enemies":"3 Byrds","floor":19,"turns":3}],"seed_played":"8702075032185050651","potions_obtained":[{"floor":4.0,"key":"FearPotion"},{"floor":8.0,"key":"SkillPotion"},{"floor":10,"key":"EssenceOfSteel"}],"is_trial":false,"path_per_floor":["M","M","M","M","M","R","?","E","T","M","?","R","$","M","R","B",null,"M","M"],"character_chosen":"IRONCLAD","items_purchased":["Second Wind","Inflame"],"campfire_rested":1,"item_purchase_floors":[13,13],"current_hp_per_floor":[64,63,65,65,59,59,52,16,16,18,18,40,40,40,40,23,62,29,22],"gold":114,"neow_bonus":"RANDOM_COMMON_RELIC","is_prod":false,"is_daily":false,"chose_seed":false,"campfire_upgraded":2,"win_rate":0,"timestamp":1563714821,"path_taken":["M","M","M","M","M","R","?","E","T","M","?","R","?","M","R","BOSS","M","M"],"build_version":"2019-07-17","purchased_purges":1,"victory":false,"max_hp_per_floor":[75,75,75,75,75,75,75,75,75,75,75,75,75,75,75,75,75,75,75],"card_choices":[{"not_picked":["Thunderclap","Clash"],"picked":"Wild Strike","floor":1.0},{"not_picked":["Whirlwind","Cleave"],"picked":"Uppercut","floor":2.0},{"not_picked":["Ghostly Armor","Pommel Strike"],"picked":"Dropkick","floor":3.0},{"not_picked":["Havoc","Perfected Strike"],"picked":"Armaments","floor":4.0},{"not_picked":["Clothesline","Shrug It Off"],"picked":"Metallicize","floor":5.0},{"not_picked":["Clothesline","Sentinel"],"picked":"Cleave","floor":8.0},{"not_picked":["Bloodletting","Wild Strike","Anger"],"picked":"SKIP","floor":10},{"not_picked":["Barricade","Hemokinesis"],"picked":"Sentinel","floor":14},{"not_picked":["Dark Embrace","Bludgeon"],"picked":"Feed","floor":16},{"not_picked":["Blood for Blood","Havoc"],"picked":"Shrug It Off+1","floor":18}],"player_experience":1008366,"relics_obtained":[{"floor":8.0,"key":"StoneCalendar"},{"floor":9.0,"key":"Matryoshka"}],"event_choices":[{"cards_removed":["Strike_R"],"damage_healed":0.0,"max_hp_gain":0.0,"max_hp_loss":0.0,"gold_gain":0.0,"event_name":"Golden Wing","player_choice":"Card Removal","floor":7.0,"gold_loss":0.0,"damage_taken":7.0},{"damage_healed":0,"gold_gain":0,"player_choice":"Ignored","damage_taken":0,"max_hp_gain":0,"max_hp_loss":0,"event_name":"Shining Light","floor":11,"gold_loss":0}],"is_beta":false,"boss_relics":[{"not_picked":["Calling Bell","Lizard Tail"],"picked":"Empty Cage"}],"items_purged_floors":[13],"is_endless":false,"potions_floor_spawned":[4,8,10],"killed_by":"3 Byrds","ascension_level":20}