{"path_per_floor":["M","?","$","M","M","R","E","R","T","M","E","M","M","?","R","B",null,"M","?","$","M","M","R","?","R","T","$","?","E","M","M","R"],"character_chosen":"DEFECT","items_purchased":["Coolheaded"],"gold_per_floor":[118,118,43,59,75,75,101,101,126,140,172,186,206,206,206,304,304,314,314,164,176,189,189,289,289,289,164,164,190,204,220,220,220],"floor_reached":33,"campfire_rested":1,"playtime":1470,"item_purchase_floors":[20],"current_hp_per_floor":[66,66,66,66,66,66,48,48,48,48,30,25,21,21,21,1,57,57,43,43,43,34,34,34,58,58,58,58,36,36,33,33,0],"items_purged":["Defend_B","Strike_B","Defend_B"],"gold":220,"score":416,"play_id":"bcde046e-62ed-49ed-a43b-ea31004a1ee6","local_time":"20180523103314","is_prod":false,"is_daily":false,"chose_seed":false,"is_ascension_mode":true,"campfire_upgraded":5,"win_rate":0.15044248,"timestamp":1527064394,"campfire_choices":[{"data":"Zap","floor":6.0,"key":"SMITH"},{"data":"Hologram","floor":8.0,"key":"SMITH"},{"data":"Dualcast","floor":15,"key":"SMITH"},{"data":"Coolheaded","floor":23,"key":"SMITH"},{"floor":25,"key":"REST"},{"data":"Seek","floor":32,"key":"SMITH"}],"path_taken":["M","?","$","?","M","R","E","R","T","M","E","M","?","?","R","BOSS","M","?","$","M","?","R","?","R","T","$","?","E","?","M","R","BOSS"],"build_version":"2018-05-22","seed_source_timestamp":286661418053060,"purchased_purges":3,"victory":false,"master_deck":["Strike_B+1","Strike_B+1","Defend_B","Defend_B","Zap+1","Dualcast+1","AscendersBane","Undo","Genetic Algorithm","Cold Snap","Capacitor","Hologram+1","Barrage","Core Surge","Glacier+1","Coolheaded+1","Redo+1","Sweeping Beam","Seek+1","Compile Driver+1"],"max_hp_per_floor":[75,75,75,75,75,75,75,75,75,75,75,75,75,75,75,75,75,75,80,80,80,80,80,80,80,80,80,80,80,80,80,80,80],"relics":["Cracked Core","Dream Catcher","Whetstone","Boot","White Beast Statue","Toolbox","Du-Vu Doll"],"card_choices":[{"not_picked":["Double Energy","Static Discharge"],"picked":"Genetic Algorithm","floor":1.0},{"not_picked":["Rebound","Go for the Eyes"],"picked":"Cold Snap","floor":4.0},{"not_picked":["Cold Snap","Streamline"],"picked":"Capacitor","floor":5.0},{"not_picked":["All For One","Conserve Battery"],"picked":"Hologram","floor":7.0},{"not_picked":["Streamline","Turbo","Axe Kick"],"picked":"SKIP","floor":10.0},{"not_picked":["Self Repair","Rebound","Meteor Strike"],"picked":"SKIP","floor":11.0},{"not_picked":["Go for the Eyes","Stack"],"picked":"Barrage","floor":12.0},{"not_picked":["Leap","Genetic Algorithm","Chaos"],"picked":"SKIP","floor":13.0},{"not_picked":["Biased Cognition","Buffer"],"picked":"Core Surge","floor":16},{"not_picked":["Redo","Streamline"],"picked":"Glacier+1","floor":18},{"not_picked":["Hologram","Steam","Go for the Eyes"],"picked":"SKIP","floor":21},{"not_picked":["Hologram","Axe Kick"],"picked":"Redo+1","floor":22},{"not_picked":["Turbo","Capacitor"],"picked":"Sweeping Beam","floor":25},{"not_picked":["Hologram","Streamline"],"picked":"Seek","floor":29},{"not_picked":["Lockon","Stack","Melter"],"picked":"SKIP","floor":30},{"not_picked":["Go for the Eyes","Axe Kick"],"picked":"Compile Driver+1","floor":31}],"player_experience":709079,"potions_floor_usage":[16,21,29,31,33,33],"damage_taken":[{"damage":2.0,"enemies":"Jaw Worm","floor":1.0,"turns":3.0},{"damage":0.0,"enemies":"2 Louse","floor":4.0,"turns":3.0},{"damage":0.0,"enemies":"Cultist","floor":5.0,"turns":4.0},{"damage":18.0,"enemies":"Gremlin Nob","floor":7.0,"turns":3.0},{"damage":0.0,"enemies":"Red Slaver","floor":10.0,"turns":5.0},{"damage":18.0,"enemies":"Lagavulin","floor":11.0,"turns":7.0},{"damage":5.0,"enemies":"Lots of Slimes","floor":12.0,"turns":4.0},{"damage":4.0,"enemies":"Large Slime","floor":13.0,"turns":5.0},{"damage":20,"enemies":"Hexaghost","floor":16,"turns":11},{"damage":0,"enemies":"Chosen","floor":18,"turns":4},{"damage":0,"enemies":"3 Byrds","floor":21,"turns":5},{"damage":9,"enemies":"Cultist and Chosen","floor":22,"turns":8},{"damage":22,"enemies":"Gremlin Leader","floor":29,"turns":8},{"damage":0,"enemies":"Snake Plant","floor":30,"turns":4},{"damage":3,"enemies":"Snecko","floor":31,"turns":7},{"damage":44,"enemies":"Collector","floor":33,"turns":3}],"relics_obtained":[{"floor":7.0,"key":"Dream Catcher"},{"floor":9.0,"key":"Whetstone"},{"floor":11.0,"key":"Boot"},{"floor":26,"key":"Toolbox"},{"floor":29,"key":"Du-Vu Doll"}],"event_choices":[{"event_name":"Liars Game","player_choice":"disagreed","floor":2.0,"damage_taken":0.0},{"event_name":"Scrap Ooze","player_choice":"unsuccessful","floor":14,"damage_taken":0},{"event_name":"Forgotten Altar","player_choice":"Shed Blood","floor":19,"damage_taken":0},{"event_name":"Golden Shrine","player_choice":"Pray","floor":24,"damage_taken":0},{"event_name":"Ghosts","player_choice":"Ignored","floor":28,"damage_taken":0}],"boss_relics":[{"not_picked":["Calling Bell","Philosopher\u0027s Stone"],"picked":"White Beast Statue"}],"items_purged_floors":[],"potions_floor_spawned":[1,4,11,13,18,21,22,29,30,31],"seed_played":"-4520070125833567843","killed_by":"Collector","ascension_level":10,"potions_obtained":[{"floor":1.0,"key":"SteroidPotion"},{"floor":4.0,"key":"Fire Potion"},{"floor":11.0,"key":"Dexterity Potion"},{"floor":13.0,"key":"Fire Potion"},{"floor":18,"key":"Fire Potion"},{"floor":21,"key":"Fire Potion"},{"floor":22,"key":"Swift Potion"},{"floor":29,"key":"PowerPotion"},{"floor":30,"key":"EssenceOfSteel"},{"floor":31,"key":"SpeedPotion"}],"is_trial":false}