{"gold_per_floor":[118,68,143,143,161,161,193,210,210,14,70,70,144,158,158,263,313,331,176,164,164,9,9],"floor_reached":23,"playtime":606,"items_purged":[],"score":233,"play_id":"01074624-c50c-4308-bcd7-c3a6b0cb2e0f","local_time":"20190630213846","is_ascension_mode":true,"campfire_choices":[{"floor":6,"key":"RECALL"},{"data":"Defend_R","floor":12,"key":"PURGE"},{"data":"Defend_R","floor":15,"key":"PURGE"}],"neow_cost":"NONE","seed_source_timestamp":1483809120262055,"circlet_count":0,"master_deck":["Strike_R","Strike_R","Strike_R","Strike_R","Strike_R","Bash+1","Rage","Apotheosis","Flex+1","Rage+1","Double Tap","Flex+1"],"relics":["Burning Blood","NeowsBlessing","Question Card","Bottled Flame","Peace Pipe","Frozen Egg 2","Tiny House","Juzu Bracelet","War Paint"],"potions_floor_usage":[20],"damage_taken":[{"damage":0,"enemies":"Cultist","floor":1,"turns":1},{"damage":0,"enemies":"2 Louse","floor":5,"turns":1},{"damage":0,"enemies":"Lagavulin","floor":7,"turns":1},{"damage":0,"enemies":"Small Slimes","floor":8,"turns":3},{"damage":15,"enemies":"Gremlin Nob","floor":11,"turns":4},{"damage":7,"enemies":"Blue Slaver","floor":14,"turns":2},{"damage":10,"enemies":"Hexaghost","floor":16,"turns":8},{"damage":33,"enemies":"Shell Parasite","floor":18,"turns":5},{"damage":18,"enemies":"2 Thieves","floor":20,"turns":4},{"damage":32,"enemies":"Slavers","floor":23,"turns":1}],"seed_played":"-939503924063517798","potions_obtained":[{"floor":1,"key":"Fire Potion"},{"floor":11,"key":"Ancient Potion"},{"floor":14,"key":"Ancient Potion"},{"floor":17,"key":"Dexterity Potion"},{"floor":20,"key":"Weak Potion"}],"is_trial":false,"path_per_floor":["M","?","?","?","M","R","E","M","T","$","?","R","T","M","R","B",null,"M","$","M","?","$","E"],"character_chosen":"IRONCLAD","items_purchased":["Apotheosis","Juzu Bracelet","War Paint"],"campfire_rested":0,"item_purchase_floors":[10,19,22],"current_hp_per_floor":[80,80,69,62,68,68,74,80,80,80,71,71,71,70,70,66,85,58,58,46,30,30,0],"gold":9,"neow_bonus":"THREE_ENEMY_KILL","is_prod":false,"is_daily":false,"chose_seed":false,"campfire_upgraded":0,"win_rate":0,"timestamp":1561945126,"path_taken":["M","?","?","?","M","R","E","M","T","$","?","R","?","?","R","BOSS","M","$","M","?","$","E"],"build_version":"2019-01-23","purchased_purges":0,"victory":false,"max_hp_per_floor":[80,80,80,80,80,80,80,80,80,80,80,80,80,80,80,80,85,85,85,85,90,90,90],"card_choices":[{"not_picked":["Second Wind","Shrug It Off","Armaments"],"picked":"SKIP","floor":1},{"not_picked":["Corruption","Hemokinesis","Sword Boomerang"],"picked":"SKIP","floor":5},{"not_picked":["Thunderclap","Dual Wield"],"picked":"Rage","floor":7},{"not_picked":["Thunderclap","Reckless Charge","Headbutt","Perfected Strike"],"picked":"SKIP","floor":8},{"not_picked":["Cleave","Combust","Evolve"],"picked":"Flex","floor":11},{"not_picked":["Thunderclap","Sword Boomerang","Twin Strike"],"picked":"Rage","floor":14},{"not_picked":["Bludgeon","Dark Embrace+1","Berserk+1"],"picked":"Double Tap","floor":16},{"not_picked":["Fire Breathing+1","Anger","Pommel Strike"],"picked":"Flex+1","floor":18},{"not_picked":["Perfected Strike","Blood for Blood+1","Wild Strike","Reckless Charge"],"picked":"SKIP","floor":20}],"player_experience":88861,"relics_obtained":[{"floor":7,"key":"Question Card"},{"floor":9,"key":"Bottled Flame"},{"floor":11,"key":"Peace Pipe"},{"floor":13,"key":"Frozen Egg 2"}],"event_choices":[{"cards_removed":["Defend_R"],"damage_healed":0,"gold_gain":0,"player_choice":"Card Removal","damage_taken":0,"max_hp_gain":0,"max_hp_loss":0,"event_name":"The Cleric","floor":2,"gold_loss":50},{"damage_healed":0,"gold_gain":75,"player_choice":"Gather Gold","damage_taken":11,"max_hp_gain":0,"max_hp_loss":0,"event_name":"World of Goop","floor":3,"gold_loss":0},{"cards_removed":["Defend_R"],"damage_healed":0,"gold_gain":0,"player_choice":"Card Removal","damage_taken":7,"max_hp_gain":0,"max_hp_loss":0,"event_name":"Golden Wing","floor":4,"gold_loss":0},{"damage_healed":0,"gold_gain":0,"player_choice":"Searched \u00271\u0027 times","damage_taken":0,"max_hp_gain":0,"max_hp_loss":0,"event_name":"Dead Adventurer","floor":11,"gold_loss":0},{"damage_healed":0,"gold_gain":0,"player_choice":"Shed Blood","damage_taken":21,"max_hp_gain":5,"max_hp_loss":0,"event_name":"Forgotten Altar","floor":21,"gold_loss":0}],"is_beta":false,"boss_relics":[{"not_picked":["Mark of Pain","Eternal Feather"],"picked":"Tiny House"}],"items_purged_floors":[],"is_endless":false,"potions_floor_spawned":[1,11,14,16,20],"killed_by":"Slavers","ascension_level":2}