{"gold_per_floor":[109,32,48,68,88,122,122,43,43,43,59,59,59,59,59,159,159,172,191,113,123,123,123,123,135,135,135],"floor_reached":27,"playtime":807,"items_purged":[],"score":233,"play_id":"ee7a991a-d272-4aff-b23b-cb6eedff23c0","local_time":"20190714193235","is_ascension_mode":false,"campfire_choices":[{"data":"Go for the Eyes","floor":7,"key":"SMITH"},{"floor":13,"key":"REST"},{"data":"Defragment","floor":15,"key":"SMITH"}],"neow_cost":"NONE","seed_source_timestamp":284631353515071,"circlet_count":0,"master_deck":["Strike_B","Strike_B","Strike_B+1","Strike_B","Defend_B","Defend_B","Defend_B","Defend_B","Zap+1","Dualcast","Coolheaded","Blizzard","Go for the Eyes+1","Cold Snap","Auto Shields","Capacitor","Defragment+1","Consume","Reboot","Auto Shields+1","Sunder","Defragment","Beam Cell+1","Necronomicurse","Steam Power"],"relics":["Cracked Core","NeowsBlessing","Ancient Tea Set","Juzu Bracelet","White Beast Statue","Necronomicon","Thread and Needle"],"potions_floor_usage":[18,21,21,24,25],"damage_taken":[{"damage":0,"enemies":"2 Louse","floor":1,"turns":1},{"damage":0,"enemies":"Jaw Worm","floor":3,"turns":1},{"damage":0,"enemies":"Cultist","floor":4,"turns":1},{"damage":1,"enemies":"Large Slime","floor":5,"turns":7},{"damage":25,"enemies":"Gremlin Nob","floor":6,"turns":5},{"damage":6,"enemies":"3 Louse","floor":11,"turns":5},{"damage":9,"enemies":"The Guardian","floor":16,"turns":12},{"damage":12,"enemies":"3 Byrds","floor":18,"turns":5},{"damage":8,"enemies":"Spheric Guardian","floor":19,"turns":4},{"damage":3,"enemies":"Snake Plant","floor":21,"turns":7},{"damage":14,"enemies":"Book of Stabbing","floor":24,"turns":4},{"damage":21,"enemies":"Chosen and Byrds","floor":25,"turns":7},{"damage":6,"enemies":"Snecko","floor":27,"turns":2}],"seed_played":"7269940191947226343","potions_obtained":[{"floor":3,"key":"SmokeBomb"},{"floor":16,"key":"SkillPotion"},{"floor":18,"key":"Weak Potion"},{"floor":19,"key":"Block Potion"},{"floor":21,"key":"Poison Potion"},{"floor":25,"key":"Strength Potion"}],"is_trial":false,"path_per_floor":["M","$","M","M","M","E","R","$","T","?","M","?","R","?","R","B",null,"M","M","$","M","$","?","E","M","T","M"],"character_chosen":"DEFECT","items_purchased":["Blizzard","Defragment","Defragment"],"campfire_rested":1,"item_purchase_floors":[2,8,20],"current_hp_per_floor":[75,75,75,75,74,49,49,49,49,34,28,28,50,50,50,41,75,63,55,55,52,52,36,22,1,1,0],"gold":135,"neow_bonus":"THREE_ENEMY_KILL","is_prod":false,"is_daily":false,"chose_seed":false,"campfire_upgraded":2,"win_rate":0.0,"timestamp":1563150755,"path_taken":["M","$","M","M","M","E","R","$","T","?","M","?","R","?","R","BOSS","M","M","$","M","$","?","E","M","T","M"],"build_version":"2019-07-05","purchased_purges":0,"victory":false,"max_hp_per_floor":[75,75,75,75,75,75,75,75,75,75,75,75,75,75,75,75,75,75,75,75,75,75,75,75,75,75,75],"card_choices":[{"not_picked":["Stack","Leap"],"picked":"Coolheaded","floor":1},{"not_picked":["Chaos","Scrape"],"picked":"Go for the Eyes","floor":3},{"not_picked":["Conserve Battery","Ball Lightning"],"picked":"Cold Snap","floor":4},{"not_picked":["BootSequence","Turbo"],"picked":"Auto Shields","floor":5},{"not_picked":["Tempest","Double Energy"],"picked":"Capacitor","floor":6},{"not_picked":["Streamline","Gash"],"picked":"Consume","floor":11},{"not_picked":["Meteor Strike","All For One"],"picked":"Reboot","floor":16},{"not_picked":["Coolheaded","Turbo+1"],"picked":"Auto Shields+1","floor":18},{"not_picked":["Hello World","Rebound+1"],"picked":"Sunder","floor":19},{"not_picked":["Skim+1","Gash"],"picked":"Beam Cell+1","floor":21},{"not_picked":["Reinforced Body","White Noise"],"picked":"Steam Power","floor":25}],"player_experience":84633,"relics_obtained":[{"floor":6,"key":"Ancient Tea Set"},{"floor":9,"key":"Juzu Bracelet"},{"floor":23,"key":"Necronomicon"},{"floor":26,"key":"Thread and Needle"}],"event_choices":[{"damage_healed":0,"gold_gain":0,"player_choice":"Entered Light","damage_taken":15,"max_hp_gain":0,"max_hp_loss":0,"event_name":"Shining Light","floor":10,"gold_loss":0,"cards_upgraded":["Strike_B","Zap"]},{"damage_healed":0,"gold_gain":0,"player_choice":"Ignored","damage_taken":0,"max_hp_gain":0,"max_hp_loss":0,"event_name":"Transmorgrifier","floor":12,"gold_loss":0},{"damage_healed":0,"gold_gain":0,"player_choice":"Ignored","damage_taken":0,"max_hp_gain":0,"max_hp_loss":0,"event_name":"Golden Idol","floor":14,"gold_loss":0},{"damage_healed":0,"gold_gain":0,"player_choice":"Obtained Book","damage_taken":16,"max_hp_gain":0,"max_hp_loss":0,"event_name":"Cursed Tome","floor":23,"gold_loss":0}],"is_beta":false,"boss_relics":[{"not_picked":["Snecko Eye","Ectoplasm"],"picked":"White Beast Statue"}],"items_purged_floors":[],"is_endless":false,"potions_floor_spawned":[3,16,18,19,21,24,25],"killed_by":"Snecko","ascension_level":0}