{"path_per_floor":["M","?","M","?","?","R","T","E","T","M","R","M","E","M","R","B",null,"M","$","M","?"],"character_chosen":"DEFECT","items_purchased":["Capacitor","Gremlin Horn"],"gold_per_floor":[115,190,202,202,152,152,152,183,183,203,203,213,244,264,264,359,359,326,38,55,55,55],"floor_reached":22,"campfire_rested":0,"playtime":898,"current_hp_per_floor":[75,64,59,59,59,59,59,27,27,37,37,47,41,51,51,49,75,36,36,17,17,0],"items_purged":[],"gold":55,"score":233,"play_id":"c3e915e2-4a69-40f0-9c5f-6b7455262354","local_time":"20180505194446","is_prod":false,"is_daily":false,"chose_seed":false,"is_ascension_mode":true,"campfire_upgraded":3,"timestamp":1525542286,"path_taken":["M","?","M","?","?","R","?","E","T","M","R","M","E","M","R","BOSS","M","$","M","?","M"],"build_version":"2018-05-03","seed_source_timestamp":70688562025320,"purchased_purges":0,"victory":false,"master_deck":["Strike_B","Strike_B","Defend_B","Defend_B","Zap+1","Dualcast+1","Amplify+1","Go for the Eyes","Coolheaded","Self Repair+1","Cold Snap","Capacitor+1","Coolheaded","Static Discharge+1","Nova","Conserve Battery+1","Capacitor+1","Sweeping Beam"],"max_hp_per_floor":[75,75,75,75,75,75,75,75,75,75,75,75,75,75,75,75,75,75,75,75,75,75],"relics":["Cracked Core","Question Card","Frozen Egg 2","Vajra","Inserter","Gremlin Horn"],"card_choices":[{"not_picked":["Rip and Tear","Stack"],"picked":"Go for the Eyes","floor":1},{"not_picked":["Stack","Blizzard"],"picked":"Coolheaded","floor":3},{"not_picked":["Echo Form","Auto Shields","Sweeping Beam"],"picked":"Self Repair","floor":8},{"not_picked":["FTL","Skim","Streamline"],"picked":"Cold Snap","floor":10},{"not_picked":["Storm","Barrage","Buffer"],"picked":"Capacitor","floor":12},{"not_picked":["Barrage","Gash","Stack"],"picked":"Coolheaded","floor":13},{"not_picked":["Axe Kick","Beam Cell","Sunder"],"picked":"Static Discharge","floor":14},{"not_picked":["Redo","Machine Learning","Reboot"],"picked":"Nova","floor":16},{"not_picked":["Cold Snap","Leap","Coolheaded"],"picked":"Conserve Battery","floor":18},{"not_picked":["Capacitor","Doom and Gloom","Scrape"],"picked":"Sweeping Beam","floor":20}],"player_experience":608563,"potions_floor_usage":[13,22],"damage_taken":[{"damage":0,"enemies":"2 Louse","floor":1,"turns":2},{"damage":5,"enemies":"Small Slimes","floor":3,"turns":3},{"damage":32,"enemies":"3 Sentries","floor":8,"turns":10},{"damage":0,"enemies":"Jaw Worm","floor":10,"turns":4},{"damage":0,"enemies":"Red Slaver","floor":12,"turns":3},{"damage":16,"enemies":"Gremlin Nob","floor":13,"turns":4},{"damage":0,"enemies":"Exordium Thugs","floor":14,"turns":5},{"damage":12,"enemies":"Hexaghost","floor":16,"turns":7},{"damage":49,"enemies":"2 Thieves","floor":18,"turns":5},{"damage":29,"enemies":"Chosen","floor":20,"turns":6},{"damage":29,"enemies":"Snecko","floor":22,"turns":4}],"event_choices":[{"event_name":"World of Goop","player_choice":"Gather Gold","floor":2,"damage_taken":0},{"event_name":"Purifier","player_choice":"One Purge","floor":4,"damage_taken":0},{"event_name":"The Cleric","player_choice":"Card Removal","floor":5,"damage_taken":0},{"event_name":"Purifier","player_choice":"One Purge","floor":21,"damage_taken":0}],"boss_relics":[{"not_picked":["Astrolabe","Cursed Key"],"picked":"Inserter"}],"potions_floor_spawned":[3,10,13,16],"seed_played":"9120327931810483609","killed_by":"Snecko","ascension_level":4,"is_trial":false}