{"gold_per_floor":[11,11,34,34,34,34,68,93,117,117,137,157,157,157,157,288,288,306,306,231,256,279,279,295,365,365,365,433,458,481,496,496,627,627,645,555,164,164,177,197,197,228,274,298,319,319,371,387,387,387],"floor_reached":50,"playtime":2236,"items_purged":["Strike_R"],"score":794,"play_id":"4d96510d-aac2-411e-a4e4-78a3bb92cb33","local_time":"20190726210110","is_ascension_mode":true,"campfire_choices":[{"data":"Whirlwind","floor":6.0,"key":"SMITH"},{"data":"Bash","floor":10.0,"key":"SMITH"},{"data":"Spot Weakness","floor":13.0,"key":"SMITH"},{"data":"Sword Boomerang","floor":15.0,"key":"SMITH"},{"data":"Limit Break","floor":23.0,"key":"SMITH"},{"floor":27,"key":"REST"},{"data":"Heavy Blade","floor":32,"key":"SMITH"},{"data":"1","floor":41,"key":"LIFT"},{"data":"2","floor":46,"key":"LIFT"},{"data":"3","floor":49,"key":"LIFT"}],"neow_cost":"NO_GOLD","seed_source_timestamp":0,"circlet_count":0,"master_deck":["AscendersBane","Strike_R","Defend_R","Defend_R","Defend_R","Defend_R","Bash+1","Whirlwind+1","Inflame","Spot Weakness+1","Ghostly Armor","Sword Boomerang+1","Limit Break+1","Shrug It Off","J.A.X.","Heavy Blade+1","Second Wind+1","Shrug It Off","Dropkick+1","Fiend Fire+1","Bludgeon+1","True Grit+1","Bloodletting+1","Power Through+1","Warcry+1"],"special_seed":0,"relics":["Burning Blood","Thread and Needle","Golden Idol","Bag of Marbles","Strawberry","Omamori","Philosopher\u0027s Stone","Tiny Chest","Unceasing Top","Bottled Flame","Astrolabe","Paper Frog","Lantern","Girya","Ginger","Regal Pillow","Art of War"],"potions_floor_usage":[50,50],"damage_taken":[{"damage":6.0,"enemies":"Small Slimes","floor":1.0,"turns":4.0},{"damage":15.0,"enemies":"Jaw Worm","floor":3.0,"turns":6.0},{"damage":16.0,"enemies":"3 Sentries","floor":7.0,"turns":5.0},{"damage":0.0,"enemies":"2 Louse","floor":8.0,"turns":2.0},{"damage":13.0,"enemies":"Large Slime","floor":11.0,"turns":4.0},{"damage":5.0,"enemies":"Exordium Wildlife","floor":12.0,"turns":4.0},{"damage":15.0,"enemies":"Slime Boss","floor":16.0,"turns":7.0},{"damage":14.0,"enemies":"Spheric Guardian","floor":18.0,"turns":4.0},{"damage":3.0,"enemies":"2 Thieves","floor":21.0,"turns":2.0},{"damage":14.0,"enemies":"Snake Plant","floor":22.0,"turns":2.0},{"damage":3.0,"enemies":"Centurion and Healer","floor":24.0,"turns":4.0},{"damage":16.0,"enemies":"Slavers","floor":25.0,"turns":2.0},{"damage":10,"enemies":"Cultist and Chosen","floor":29,"turns":4},{"damage":43,"enemies":"Snake Plant","floor":30,"turns":5},{"damage":8,"enemies":"Centurion and Healer","floor":31,"turns":5},{"damage":23,"enemies":"Automaton","floor":33,"turns":6},{"damage":3,"enemies":"3 Shapes","floor":35,"turns":1},{"damage":0,"enemies":"Orb Walker","floor":39,"turns":1},{"damage":3,"enemies":"Spire Growth","floor":40,"turns":3},{"damage":43,"enemies":"Nemesis","floor":42,"turns":5},{"damage":0,"enemies":"3 Darklings","floor":44,"turns":1},{"damage":0,"enemies":"Jaw Worm Horde","floor":45,"turns":1},{"damage":0,"enemies":"Sphere and 2 Shapes","floor":48,"turns":2},{"damage":65,"enemies":"Donu and Deca","floor":50,"turns":4}],"seed_played":"-8849829845947730792","potions_obtained":[{"floor":1.0,"key":"SpeedPotion"},{"floor":11.0,"key":"EssenceOfSteel"},{"floor":12.0,"key":"Fire Potion"},{"floor":16.0,"key":"Swift Potion"},{"floor":21.0,"key":"Block Potion"},{"floor":22.0,"key":"SkillPotion"},{"floor":31,"key":"AttackPotion"},{"floor":45,"key":"Poison Potion"}],"is_trial":false,"path_per_floor":["M","?","M","?","$","R","E","M","T","R","M","M","R","?","R","B",null,"M","?","$","M","M","R","M","E","T","R","T","M","M","M","R","B",null,"M","?","$","T","M","M","R","E","T","M","M","R","T","M","R","B"],"character_chosen":"IRONCLAD","items_purchased":["Paper Frog","Lantern"],"campfire_rested":1,"item_purchase_floors":[37,37],"current_hp_per_floor":[72,72,63,51,51,51,48,54,54,54,47,48,48,41,41,32,73,65,65,65,68,60,60,63,53,53,79,79,75,38,36,36,19,70,73,73,73,73,79,82,82,45,45,51,57,57,57,63,63,0],"gold":387,"neow_bonus":"ONE_RARE_RELIC","is_prod":false,"is_daily":false,"chose_seed":false,"campfire_upgraded":6,"win_rate":0,"timestamp":1564200070,"path_taken":["M","?","M","?","$","R","E","M","T","R","M","M","R","?","R","BOSS","M","?","$","M","M","R","M","E","T","R","?","M","M","M","R","BOSS","M","?","?","?","M","M","R","E","T","?","M","R","?","M","R","BOSS"],"build_version":"2019-07-18","purchased_purges":1,"victory":false,"max_hp_per_floor":[80,80,80,80,80,80,87,87,87,87,87,87,87,87,87,87,87,87,87,87,87,87,87,87,87,87,87,87,87,87,87,87,87,87,87,87,87,87,87,87,87,87,87,87,87,87,87,87,87,87],"card_choices":[{"not_picked":["Second Wind","Heavy Blade"],"picked":"Whirlwind","floor":1.0},{"not_picked":["Pummel","Sword Boomerang"],"picked":"Inflame","floor":3.0},{"not_picked":["Blood for Blood","Reckless Charge"],"picked":"Spot Weakness","floor":7.0},{"not_picked":["Twin Strike","Infernal Blade"],"picked":"Ghostly Armor","floor":8.0},{"not_picked":["Anger","Clash"],"picked":"Sword Boomerang","floor":11.0},{"not_picked":["Anger","Twin Strike","Sever Soul"],"picked":"SKIP","floor":12.0},{"not_picked":["Dark Embrace","Barricade"],"picked":"Limit Break","floor":16.0},{"not_picked":["Spot Weakness","Disarm"],"picked":"Shrug It Off","floor":18.0},{"not_picked":["Warcry","Body Slam+1"],"picked":"Heavy Blade","floor":21.0},{"not_picked":["Bloodletting","Flex"],"picked":"Second Wind+1","floor":22.0},{"not_picked":["Cleave","Clothesline+1"],"picked":"Shrug It Off","floor":24.0},{"not_picked":["Havoc","Thunderclap","Rage"],"picked":"SKIP","floor":25.0},{"not_picked":["Cleave","Juggernaut","Flex+1"],"picked":"SKIP","floor":29},{"not_picked":["Pummel+1","Metallicize","Clash+1"],"picked":"SKIP","floor":30},{"not_picked":["Flex","Rampage","Clothesline"],"picked":"SKIP","floor":31},{"not_picked":["Immolate","Exhume"],"picked":"Fiend Fire","floor":33},{"not_picked":["Intimidate+1","Perfected Strike"],"picked":"True Grit","floor":35},{"not_picked":["Anger","Evolve","Havoc"],"picked":"SKIP","floor":39},{"not_picked":["Blood for Blood","Havoc","Seeing Red"],"picked":"SKIP","floor":40},{"not_picked":["Dark Embrace","Body Slam"],"picked":"Bloodletting+1","floor":42},{"not_picked":["Body Slam","Disarm"],"picked":"Power Through+1","floor":44},{"not_picked":["Uppercut","Twin Strike","Iron Wave+1"],"picked":"SKIP","floor":45},{"not_picked":["Headbutt","Body Slam"],"picked":"Warcry+1","floor":48}],"player_experience":199796,"relics_obtained":[{"floor":7.0,"key":"Strawberry"},{"floor":9.0,"key":"Omamori"},{"floor":25.0,"key":"Tiny Chest"},{"floor":26.0,"key":"Unceasing Top"},{"floor":28,"key":"Bottled Flame"},{"floor":38,"key":"Girya"},{"floor":42,"key":"Ginger"},{"floor":43,"key":"Regal Pillow"},{"floor":47,"key":"Art of War"}],"event_choices":[{"damage_healed":0.0,"max_hp_gain":0.0,"max_hp_loss":0.0,"gold_gain":0.0,"event_name":"Golden Idol","player_choice":"Take Wound","floor":2.0,"gold_loss":0.0,"damage_taken":0.0,"relics_obtained":["Golden Idol"],"cards_obtained":["Injury"]},{"damage_healed":0.0,"max_hp_gain":0.0,"max_hp_loss":0.0,"gold_gain":0.0,"event_name":"Scrap Ooze","player_choice":"Success","floor":4.0,"gold_loss":0.0,"damage_taken":12.0,"relics_obtained":["Bag of Marbles"]},{"cards_removed":["Injury"],"damage_healed":0.0,"max_hp_gain":0.0,"max_hp_loss":0.0,"gold_gain":0.0,"event_name":"Golden Wing","player_choice":"Card Removal","floor":14.0,"gold_loss":0.0,"damage_taken":7.0},{"damage_healed":0.0,"max_hp_gain":0.0,"max_hp_loss":0.0,"gold_gain":0.0,"event_name":"Drug Dealer","player_choice":"Obtain J.A.X.","floor":19.0,"gold_loss":0.0,"damage_taken":0.0,"cards_obtained":["J.A.X."]},{"cards_removed":["Fiend Fire"],"damage_healed":0,"gold_gain":0,"player_choice":"Upgrade and Remove","damage_taken":0,"max_hp_gain":0,"max_hp_loss":0,"event_name":"Designer","floor":36,"gold_loss":90,"cards_upgraded":["True Grit"]}],"is_beta":true,"boss_relics":[{"not_picked":["Coffee Dripper","White Beast Statue"],"picked":"Philosopher\u0027s Stone"},{"not_picked":["Black Star","Orrery"],"picked":"Astrolabe"}],"items_purged_floors":[20],"is_endless":false,"potions_floor_spawned":[1,11,12,16,18,21,22,31,39,42,45],"killed_by":"Donu and Deca","ascension_level":12}