{"gold_per_floor":[115,115,115,115,140,170,170,200,225,32,45,104,104,116,116,213,213,230,230,230,3,14,39,39,39,39,39,51,51,150,166,166,265,265,278,288,388,398,398,398,398,398,398,398,411,411,512,562,562,562,562,562,47,72,72],"floor_reached":55,"playtime":1385,"items_purged":["Strike_R","Strike_R"],"score":762,"play_id":"b124ea05-41d2-4c0e-b047-79114f38d121","local_time":"20190730220954","is_ascension_mode":false,"campfire_choices":[{"data":"Whirlwind","floor":13,"key":"SMITH"},{"data":"Whirlwind","floor":15,"key":"SMITH"},{"floor":24,"key":"RECALL"},{"floor":27,"key":"REST"},{"floor":32,"key":"REST"},{"floor":40,"key":"REST"},{"floor":42,"key":"REST"},{"floor":46,"key":"REST"},{"data":"1","floor":49,"key":"LIFT"},{"data":"2","floor":52,"key":"LIFT"}],"neow_cost":"NONE","seed_source_timestamp":1738456988451000,"circlet_count":0,"master_deck":["Defend_R","Defend_R","Defend_R","Defend_R","Bash+1","Spot Weakness","Whirlwind+1","Whirlwind+1","Limit Break","Battle Trance","Ghostly","Ghostly","Ghostly","Ghostly","Thunderclap+1","Battle Trance","Dropkick+1","Spot Weakness","Armaments+1","Dark Shackles","Flex"],"relics":["Burning Blood","NeowsBlessing","Ancient Tea Set","Dream Catcher","Bag of Marbles","Juzu Bracelet","Happy Flower","Sling","Incense Burner","Fusion Hammer","Red Skull","Bronze Scales","Singing Bowl","Sozu","Mango","Question Card","SsserpentHead","Girya","Boot","Whetstone","Calipers"],"potions_floor_usage":[12,12,16,23,33,50,55],"damage_taken":[{"damage":0,"enemies":"Small Slimes","floor":1,"turns":1},{"damage":0,"enemies":"Gremlin Nob","floor":6,"turns":1},{"damage":0,"enemies":"Lagavulin","floor":8,"turns":1},{"damage":0,"enemies":"2 Louse","floor":11,"turns":1},{"damage":14,"enemies":"Gremlin Nob","floor":12,"turns":3},{"damage":0,"enemies":"Cultist","floor":14,"turns":2},{"damage":48,"enemies":"Hexaghost","floor":16,"turns":7},{"damage":10,"enemies":"Spheric Guardian","floor":18,"turns":4},{"damage":1,"enemies":"2 Thieves","floor":22,"turns":2},{"damage":5,"enemies":"Gremlin Leader","floor":23,"turns":3},{"damage":2,"enemies":"Cultist and Chosen","floor":28,"turns":4},{"damage":1,"enemies":"Centurion and Healer","floor":31,"turns":3},{"damage":6,"enemies":"Champ","floor":33,"turns":8},{"damage":15,"enemies":"3 Shapes","floor":35,"turns":1},{"damage":15,"enemies":"Orb Walker","floor":36,"turns":2},{"damage":4,"enemies":"Mind Bloom Boss Battle","floor":37,"turns":5},{"damage":1,"enemies":"Spire Growth","floor":38,"turns":4},{"damage":3,"enemies":"Maw","floor":45,"turns":6},{"damage":0,"enemies":"2 Orb Walkers","floor":47,"turns":2},{"damage":34,"enemies":"Awakened One","floor":50,"turns":9},{"damage":0,"enemies":"Shield and Spear","floor":54,"turns":4},{"damage":76,"enemies":"The Heart","floor":55,"turns":6}],"seed_played":"-517790632431632040","potions_obtained":[{"floor":1,"key":"SkillPotion"},{"floor":8,"key":"SkillPotion"},{"floor":11,"key":"Energy Potion"},{"floor":16,"key":"PowerPotion"},{"floor":22,"key":"Strength Potion"},{"floor":23,"key":"FearPotion"},{"floor":28,"key":"Ancient Potion"}],"is_trial":false,"path_per_floor":["M","?","?","?","T","E","?","E","T","$","M","?","R","M","R","B",null,"M","?","?","$","M","E","R","$","T","R","M","?","?","M","R","B",null,"M","M","?","M","?","R","?","R","T","?","M","R","?","?","R","B",null,"R","$","E","B"],"character_chosen":"IRONCLAD","items_purchased":["Sling","Red Skull","Dark Shackles","Boot","Whetstone","Flex"],"campfire_rested":5,"item_purchase_floors":[10,21,53,53,53,53],"current_hp_per_floor":[80,80,80,68,68,74,67,73,73,73,79,71,71,77,77,35,80,76,76,40,40,40,40,40,40,40,42,44,44,44,44,46,46,46,39,32,50,57,57,70,70,72,72,72,72,72,74,74,74,46,74,74,74,76,0],"gold":72,"neow_bonus":"THREE_ENEMY_KILL","is_prod":false,"is_daily":false,"chose_seed":false,"campfire_upgraded":2,"win_rate":0,"timestamp":1564542594,"path_taken":["M","?","?","?","?","E","?","E","T","$","M","?","R","M","R","BOSS","M","?","?","$","M","E","R","$","T","R","M","?","?","M","R","BOSS","M","M","?","M","?","R","?","R","T","?","M","R","?","?","R","BOSS","R","$","E","BOSS"],"build_version":"2019-07-17","purchased_purges":2,"victory":false,"max_hp_per_floor":[80,80,80,80,80,80,80,80,80,80,80,80,80,80,80,80,80,80,80,40,40,40,40,40,40,40,42,44,44,44,44,46,46,46,48,50,66,68,68,70,70,72,72,72,72,72,74,74,74,74,74,74,74,76,76],"card_choices":[{"not_picked":["Feel No Pain","Heavy Blade"],"picked":"Spot Weakness","floor":1},{"not_picked":["Flex","Heavy Blade"],"picked":"Whirlwind","floor":6},{"not_picked":["Feed","Headbutt"],"picked":"Whirlwind","floor":8},{"not_picked":["Perfected Strike","Whirlwind","Fire Breathing"],"picked":"SKIP","floor":11},{"not_picked":["Entrench","Pommel Strike","Body Slam"],"picked":"SKIP","floor":14},{"not_picked":["Juggernaut","Barricade"],"picked":"Limit Break","floor":16},{"not_picked":["Heavy Blade","Headbutt+1"],"picked":"Battle Trance","floor":18},{"not_picked":["Flex","Shrug It Off"],"picked":"Thunderclap+1","floor":22},{"not_picked":["Pommel Strike+1","Feed","Shrug It Off"],"picked":"SKIP","floor":23},{"not_picked":["Whirlwind","Hemokinesis","Clothesline"],"picked":"Singing Bowl","floor":27},{"not_picked":["Flex","Havoc","Wild Strike"],"picked":"Singing Bowl","floor":28},{"not_picked":["Pommel Strike","Uppercut+1"],"picked":"Battle Trance","floor":31},{"not_picked":["Armaments+1","Juggernaut","Spot Weakness"],"picked":"Singing Bowl","floor":32},{"not_picked":["Exhume","Reaper"],"picked":"Immolate","floor":33},{"not_picked":["Body Slam+1","Shrug It Off","Perfected Strike"],"picked":"Singing Bowl","floor":35},{"not_picked":["Clothesline+1","Havoc+1","Thunderclap+1"],"picked":"Singing Bowl","floor":36},{"not_picked":["Warcry","Havoc","True Grit+1"],"picked":"Singing Bowl","floor":37},{"not_picked":["Anger+1","Sever Soul+1","Havoc+1"],"picked":"Singing Bowl","floor":38},{"not_picked":["Iron Wave","Anger","Sentinel+1"],"picked":"Singing Bowl","floor":40},{"not_picked":["Reaper","Cleave+1","True Grit+1"],"picked":"Singing Bowl","floor":42},{"not_picked":["Heavy Blade","Carnage+1","Power Through"],"picked":"Spot Weakness","floor":45},{"not_picked":["Pummel+1","Twin Strike","Anger+1"],"picked":"Armaments+1","floor":46},{"not_picked":["Wild Strike+1","Combust","Twin Strike+1","Iron Wave+1"],"picked":"Singing Bowl","floor":47},{"not_picked":["Second Wind+1","Sword Boomerang+1","Cleave+1","Reckless Charge"],"picked":"Singing Bowl","floor":54}],"player_experience":827888,"relics_obtained":[{"floor":5,"key":"Bag of Marbles"},{"floor":6,"key":"Juzu Bracelet"},{"floor":8,"key":"Happy Flower"},{"floor":12,"key":"Incense Burner"},{"floor":23,"key":"Bronze Scales"},{"floor":26,"key":"Singing Bowl"},{"floor":37,"key":"Mango"},{"floor":43,"key":"Question Card"},{"floor":47,"key":"Girya"},{"floor":54,"key":"Calipers"}],"event_choices":[{"damage_healed":0,"gold_gain":0,"player_choice":"Box","damage_taken":0,"relics_obtained":["Ancient Tea Set"],"max_hp_gain":0,"max_hp_loss":0,"event_name":"Big Fish","floor":2,"gold_loss":0,"cards_obtained":["Regret"]},{"cards_removed":["Regret"],"damage_healed":0,"gold_gain":0,"player_choice":"Forget","damage_taken":0,"max_hp_gain":0,"max_hp_loss":0,"event_name":"Living Wall","floor":3,"gold_loss":0},{"damage_healed":0,"gold_gain":0,"player_choice":"Success","damage_taken":12,"relics_obtained":["Dream Catcher"],"max_hp_gain":0,"max_hp_loss":0,"event_name":"Scrap Ooze","floor":4,"gold_loss":0},{"cards_removed":["Strike_R"],"damage_healed":0,"gold_gain":0,"player_choice":"Card Removal","damage_taken":7,"max_hp_gain":0,"max_hp_loss":0,"event_name":"Golden Wing","floor":7,"gold_loss":0},{"damage_healed":0,"gold_gain":0,"player_choice":"Searched \u00271\u0027 times","damage_taken":0,"max_hp_gain":0,"max_hp_loss":0,"event_name":"Dead Adventurer","floor":12,"gold_loss":0},{"cards_removed":["Strike_R"],"damage_healed":0,"gold_gain":0,"player_choice":"Offered Basic","damage_taken":0,"max_hp_gain":0,"max_hp_loss":0,"event_name":"Bonfire Elementals","floor":19,"gold_loss":0},{"damage_healed":0,"gold_gain":0,"player_choice":"Became a Ghost","damage_taken":0,"max_hp_gain":0,"max_hp_loss":40,"event_name":"Ghosts","floor":20,"gold_loss":0,"cards_obtained":["Ghostly","Ghostly","Ghostly","Ghostly","Ghostly"]},{"damage_healed":0,"gold_gain":0,"player_choice":"Bought 0 Potions","damage_taken":0,"max_hp_gain":0,"max_hp_loss":0,"event_name":"The Woman in Blue","floor":29,"gold_loss":0},{"damage_healed":0,"gold_gain":99,"player_choice":"Stole From Cult","damage_taken":0,"max_hp_gain":0,"max_hp_loss":0,"event_name":"Nest","floor":30,"gold_loss":0},{"damage_healed":0,"gold_gain":0,"player_choice":"Fight","damage_taken":0,"max_hp_gain":0,"max_hp_loss":0,"event_name":"MindBloom","floor":37,"gold_loss":0},{"damage_healed":0,"gold_gain":0,"cards_transformed":["Strike_R"],"player_choice":"Transformed","damage_taken":0,"max_hp_gain":0,"max_hp_loss":0,"event_name":"Transmorgrifier","floor":39,"gold_loss":0,"cards_obtained":["Dropkick"]},{"cards_removed":["Ghostly"],"damage_healed":0,"gold_gain":0,"player_choice":"Removed Skill","damage_taken":0,"max_hp_gain":0,"max_hp_loss":0,"event_name":"Falling","floor":41,"gold_loss":0},{"damage_healed":0,"gold_gain":0,"player_choice":"Trade","damage_taken":0,"relics_obtained":["SsserpentHead"],"max_hp_gain":0,"max_hp_loss":0,"event_name":"FaceTrader","floor":44,"gold_loss":0},{"damage_healed":0,"gold_gain":0,"player_choice":"Fight","damage_taken":0,"max_hp_gain":0,"max_hp_loss":0,"event_name":"Mysterious Sphere","floor":47,"gold_loss":0},{"cards_removed":["Immolate"],"damage_healed":0,"gold_gain":0,"player_choice":"Purged","damage_taken":0,"max_hp_gain":0,"max_hp_loss":0,"event_name":"Purifier","floor":48,"gold_loss":0}],"is_beta":false,"boss_relics":[{"not_picked":["Snecko Eye","Busted Crown"],"picked":"Fusion Hammer"},{"not_picked":["Coffee Dripper","Orrery"],"picked":"Sozu"}],"items_purged_floors":[21,53],"is_endless":false,"potions_floor_spawned":[1,8,11,16,22,23,28,38,47],"killed_by":"The Heart","ascension_level":0}