{"gold_per_floor":[118,134,134,146,157,157,191,210,210,135,135,155,174,174,174,174],"floor_reached":16,"playtime":441,"items_purged":["Strike_G"],"score":208,"play_id":"d0a7219c-a612-48cb-b58c-04d7e436e82c","local_time":"20190728023148","is_ascension_mode":true,"campfire_choices":[{"data":"Deadly Poison","floor":6,"key":"SMITH"},{"floor":11,"key":"REST"},{"data":"Bouncing Flask","floor":15,"key":"SMITH"}],"neow_cost":"NONE","seed_source_timestamp":542701173032801,"circlet_count":0,"master_deck":["AscendersBane","Strike_G","Strike_G","Defend_G","Defend_G","Defend_G","Defend_G","Defend_G","Survivor","Neutralize","Dagger Spray","Deflect","Deadly Poison+1","Unload","After Image","Deadly Poison","Flying Knee","Bouncing Flask+1","Reflex"],"special_seed":0,"relics":["Ring of the Snake","Lantern","Mummified Hand"],"potions_floor_usage":[7],"damage_taken":[{"damage":1.0,"enemies":"Jaw Worm","floor":1.0,"turns":5.0},{"damage":1.0,"enemies":"Cultist","floor":2.0,"turns":4.0},{"damage":6.0,"enemies":"Small Slimes","floor":4.0,"turns":3.0},{"damage":3,"enemies":"Exordium Wildlife","floor":5,"turns":4},{"damage":34,"enemies":"Gremlin Nob","floor":7,"turns":5},{"damage":0,"enemies":"Looter","floor":8,"turns":3},{"damage":0,"enemies":"2 Fungi Beasts","floor":12,"turns":3},{"damage":2,"enemies":"Red Slaver","floor":13,"turns":3},{"damage":39,"enemies":"Slime Boss","floor":16,"turns":6}],"seed_played":"-6935460902522805687","potions_obtained":[{"floor":4,"key":"Ancient Potion"},{"floor":8,"key":"Ancient Potion"},{"floor":13,"key":"SteroidPotion"}],"is_trial":false,"path_per_floor":["M","M","?","M","M","R","E","M","T","$","R","M","M","?","R","B"],"character_chosen":"THE_SILENT","items_purchased":[],"campfire_rested":1,"item_purchase_floors":[],"current_hp_per_floor":[58,57,57,51,48,48,14,14,14,14,33,33,31,31,31,0],"gold":174,"neow_bonus":"THREE_CARDS","is_prod":false,"is_daily":false,"chose_seed":false,"campfire_upgraded":2,"win_rate":0,"timestamp":1564248708,"path_taken":["M","M","?","M","M","R","E","M","T","$","R","M","?","?","R","BOSS"],"build_version":"2019-07-17","purchased_purges":1,"victory":false,"max_hp_per_floor":[66,66,66,66,66,66,66,66,66,66,66,66,66,66,66,66],"card_choices":[{"not_picked":["PiercingWail","Calculated Gamble"],"picked":"Dagger Spray","floor":0.0},{"not_picked":["Bane","All Out Attack"],"picked":"Deflect","floor":1.0},{"not_picked":["Acrobatics","Expertise"],"picked":"Deadly Poison","floor":2.0},{"not_picked":["Quick Slash","Expertise","Dagger Spray"],"picked":"SKIP","floor":4},{"not_picked":["Distraction","Dagger Throw"],"picked":"After Image","floor":5},{"not_picked":["Distraction","Sucker Punch"],"picked":"Deadly Poison","floor":7},{"not_picked":["Deflect","Blade Dance"],"picked":"Flying Knee","floor":8},{"not_picked":["Outmaneuver","Sucker Punch"],"picked":"Bouncing Flask","floor":12},{"not_picked":["Blade Dance","Expertise"],"picked":"Reflex","floor":13}],"player_experience":1037993,"relics_obtained":[{"floor":7,"key":"Lantern"},{"floor":9,"key":"Mummified Hand"}],"event_choices":[{"damage_healed":0.0,"max_hp_gain":0.0,"max_hp_loss":0.0,"gold_gain":0.0,"cards_transformed":["Strike_G"],"event_name":"Transmorgrifier","player_choice":"Transformed","floor":3.0,"gold_loss":0.0,"damage_taken":0.0,"cards_obtained":["Unload"]},{"cards_removed":["Strike_G"],"damage_healed":0,"gold_gain":0,"player_choice":"Offered Basic","damage_taken":0,"max_hp_gain":0,"max_hp_loss":0,"event_name":"Bonfire Elementals","floor":14,"gold_loss":0}],"is_beta":false,"boss_relics":[],"items_purged_floors":[10],"is_endless":false,"potions_floor_spawned":[4,8,13],"killed_by":"Slime Boss","ascension_level":20}