{"gold_per_floor":[118,135,135,135,32,32,43,74,128,140,52,52,69,81,81,81],"floor_reached":16,"playtime":382,"items_purged":["Defend_R","Strike_R"],"score":200,"play_id":"100a6a13-e741-403d-8752-e0b0a0aa2834","local_time":"20190228120504","is_ascension_mode":true,"campfire_choices":[{"data":"Bash","floor":6,"key":"SMITH"},{"data":"Pommel Strike","floor":10,"key":"SMITH"},{"data":"Offering","floor":12,"key":"SMITH"},{"data":"Rage","floor":15,"key":"SMITH"}],"neow_cost":"NONE","seed_source_timestamp":20688772901139,"circlet_count":0,"master_deck":["AscendersBane","Strike_R","Strike_R","Defend_R","Defend_R","Defend_R","Bash+1","Offering+1","Cleave","Shrug It Off","Pommel Strike+1","Iron Wave","Rage+1"],"relics":["Burning Blood","Bronze Scales","MawBank"],"potions_floor_usage":[16],"damage_taken":[{"damage":16,"enemies":"Small Slimes","floor":1,"turns":3},{"damage":13,"enemies":"Jaw Worm","floor":2,"turns":3},{"damage":0,"enemies":"2 Louse","floor":7,"turns":4},{"damage":30,"enemies":"Lagavulin","floor":8,"turns":5},{"damage":16,"enemies":"Exordium Thugs","floor":13,"turns":3},{"damage":6,"enemies":"2 Fungi Beasts","floor":14,"turns":3},{"damage":16,"enemies":"Slime Boss","floor":16,"turns":4}],"seed_played":"6724231846937392212","potions_obtained":[{"floor":2,"key":"GamblersBrew"},{"floor":14,"key":"Swift Potion"}],"is_trial":false,"path_per_floor":["M","M","?","?","$","R","M","E","T","R","$","R","M","M","R","B"],"character_chosen":"IRONCLAD","items_purchased":["Shrug It Off"],"campfire_rested":0,"item_purchase_floors":[5],"current_hp_per_floor":[58,51,51,44,44,44,50,26,26,26,26,26,16,16,16,0],"gold":81,"neow_bonus":"ONE_RANDOM_RARE_CARD","is_prod":false,"is_daily":false,"chose_seed":false,"campfire_upgraded":4,"win_rate":0,"timestamp":1551351904,"path_taken":["M","M","?","?","$","R","M","E","T","R","$","R","M","M","R","BOSS"],"build_version":"2019-01-23","purchased_purges":2,"victory":false,"max_hp_per_floor":[75,75,75,75,75,75,75,75,75,75,75,75,75,75,75,75],"card_choices":[{"not_picked":["Anger","Sword Boomerang","Body Slam"],"picked":"SKIP","floor":1},{"not_picked":["Clothesline","Perfected Strike"],"picked":"Cleave","floor":2},{"not_picked":["Body Slam","Flex"],"picked":"Pommel Strike","floor":7},{"not_picked":["Flex","Cleave","Shockwave"],"picked":"SKIP","floor":8},{"not_picked":["Wild Strike","Impervious"],"picked":"Iron Wave","floor":13},{"not_picked":["Bloodletting","Shrug It Off"],"picked":"Rage","floor":14}],"player_experience":916249,"relics_obtained":[{"floor":8,"key":"Bronze Scales"},{"floor":9,"key":"MawBank"}],"event_choices":[{"cards_removed":["Strike_R"],"damage_healed":0,"gold_gain":0,"player_choice":"Forget","damage_taken":0,"max_hp_gain":0,"max_hp_loss":0,"event_name":"Living Wall","floor":3,"gold_loss":0},{"cards_removed":["Strike_R"],"damage_healed":0,"gold_gain":0,"player_choice":"Card Removal","damage_taken":7,"max_hp_gain":0,"max_hp_loss":0,"event_name":"Golden Wing","floor":4,"gold_loss":0}],"is_beta":false,"boss_relics":[],"items_purged_floors":[5,11],"is_endless":false,"potions_floor_spawned":[2,14],"killed_by":"Slime Boss","ascension_level":20}