{"gold_per_floor":[117,67,67,82,94,94,19,29,29,29,29,29,29,62,62,190,190,208,123,123,146,95,133,133,154,154,154],"floor_reached":27,"playtime":481,"items_purged":["Defend_R"],"score":279,"play_id":"64093045-116d-44fc-a78c-a089a23fc951","local_time":"20190730223220","is_ascension_mode":false,"campfire_choices":[{"data":"Bludgeon","floor":6,"key":"SMITH"},{"data":"Cleave","floor":10,"key":"SMITH"},{"data":"Bash","floor":12,"key":"SMITH"},{"floor":15,"key":"REST"}],"neow_cost":"TEN_PERCENT_HP_LOSS","seed_source_timestamp":1656499827738668,"circlet_count":0,"master_deck":["Strike_R","Strike_R","Strike_R","Strike_R","Defend_R+1","Bash+1","Bludgeon+1","Cleave+1","Feed","Fire Breathing+1","Hemokinesis","Cleave","Flex","Regret","Writhe"],"relics":["Burning Blood","War Paint","Golden Idol","Dodecahedron","Cursed Key","Boot","Torii","Toxic Egg 2"],"potions_floor_usage":[16,18,23,25],"damage_taken":[{"damage":6,"enemies":"2 Louse","floor":1,"turns":2},{"damage":0,"enemies":"Cultist","floor":4,"turns":2},{"damage":6,"enemies":"Jaw Worm","floor":5,"turns":2},{"damage":12,"enemies":"2 Fungi Beasts","floor":8,"turns":3},{"damage":36,"enemies":"Lagavulin","floor":14,"turns":4},{"damage":0,"enemies":"Slime Boss","floor":16,"turns":8},{"damage":2,"enemies":"3 Byrds","floor":18,"turns":3},{"damage":10,"enemies":"2 Thieves","floor":21,"turns":2},{"damage":36,"enemies":"Book of Stabbing","floor":23,"turns":3},{"damage":13,"enemies":"Snecko","floor":25,"turns":3},{"damage":46,"enemies":"Centurion and Healer","floor":27,"turns":3}],"seed_played":"-8109983996740781665","potions_obtained":[{"floor":1,"key":"SteroidPotion"},{"floor":5,"key":"LiquidBronze"},{"floor":14,"key":"Explosive Potion"},{"floor":21,"key":"Fire Potion"}],"is_trial":false,"path_per_floor":["M","?","?","M","M","R","$","M","T","R","?","R","?","E","R","B",null,"M","?","?","M","$","E","T","M","T","M"],"character_chosen":"IRONCLAD","items_purchased":["Flex"],"campfire_rested":1,"item_purchase_floors":[22],"current_hp_per_floor":[72,72,72,72,72,72,72,66,66,66,48,48,41,11,32,38,72,75,75,75,74,74,44,44,37,37,0],"gold":154,"neow_bonus":"THREE_RARE_CARDS","is_prod":false,"is_daily":false,"chose_seed":false,"campfire_upgraded":3,"win_rate":0,"timestamp":1564540340,"path_taken":["M","?","?","M","?","R","$","M","T","R","?","R","?","E","R","BOSS","M","?","?","?","$","E","?","M","T","M"],"build_version":"2019-07-17","purchased_purges":1,"victory":false,"max_hp_per_floor":[72,72,72,72,72,72,72,72,72,72,72,72,72,72,72,72,72,75,75,75,78,78,78,78,78,78,81],"card_choices":[{"not_picked":["Exhume","Fiend Fire"],"picked":"Bludgeon","floor":0},{"not_picked":["Disarm","Perfected Strike","Fire Breathing"],"picked":"SKIP","floor":1},{"not_picked":["Thunderclap","Clothesline"],"picked":"Cleave","floor":4},{"not_picked":["Clash","Perfected Strike","Power Through"],"picked":"SKIP","floor":5},{"not_picked":["Anger","Metallicize","Shrug It Off"],"picked":"SKIP","floor":8},{"not_picked":["Rupture","Anger","Blood for Blood"],"picked":"SKIP","floor":14},{"not_picked":["Barricade","Impervious"],"picked":"Feed","floor":16},{"not_picked":["Searing Blow+1","Headbutt+1"],"picked":"Fire Breathing+1","floor":18},{"not_picked":["True Grit+1","Sword Boomerang+1"],"picked":"Cleave","floor":21},{"not_picked":["Headbutt","Combust","Havoc"],"picked":"SKIP","floor":23},{"not_picked":["True Grit+1","Clash","Brutality"],"picked":"SKIP","floor":25}],"player_experience":245972,"relics_obtained":[{"floor":9,"key":"War Paint"},{"floor":14,"key":"Dodecahedron"},{"floor":23,"key":"Torii"},{"floor":24,"key":"Toxic Egg 2"}],"event_choices":[{"cards_removed":["Defend_R"],"damage_healed":0,"gold_gain":0,"player_choice":"Card Removal","damage_taken":0,"max_hp_gain":0,"max_hp_loss":0,"event_name":"The Cleric","floor":2,"gold_loss":50},{"cards_removed":["Defend_R"],"damage_healed":0,"gold_gain":0,"player_choice":"Card Removal","damage_taken":0,"max_hp_gain":0,"max_hp_loss":0,"event_name":"Wheel of Change","floor":3,"gold_loss":0},{"damage_healed":0,"gold_gain":0,"player_choice":"Take Damage","damage_taken":18,"relics_obtained":["Golden Idol"],"max_hp_gain":0,"max_hp_loss":0,"event_name":"Golden Idol","floor":11,"gold_loss":0},{"cards_removed":["Strike_R"],"damage_healed":0,"gold_gain":0,"player_choice":"Card Removal","damage_taken":7,"max_hp_gain":0,"max_hp_loss":0,"event_name":"Golden Wing","floor":13,"gold_loss":0},{"damage_healed":0,"gold_gain":0,"player_choice":"Obtained Relic","damage_taken":0,"relics_obtained":["Boot"],"max_hp_gain":0,"max_hp_loss":0,"event_name":"Addict","floor":19,"gold_loss":85},{"damage_healed":0,"gold_gain":0,"player_choice":"1 cards matched","damage_taken":0,"max_hp_gain":0,"max_hp_loss":0,"event_name":"Match and Keep!","floor":20,"gold_loss":0,"cards_obtained":["Hemokinesis"]}],"is_beta":false,"boss_relics":[{"not_picked":["Orrery","Snecko Eye"],"picked":"Cursed Key"}],"items_purged_floors":[7],"is_endless":false,"potions_floor_spawned":[1,5,14,21],"killed_by":"Centurion and Healer","ascension_level":0}