{"gold_per_floor":[116,134,84,84,84,142,142,175,175,175,202,202,215,235,235,334,334,350,373,41,401,419,419,35,35,35,52,52,68,79,79],"floor_reached":31,"playtime":980,"items_purged":["Strike_B"],"score":303,"play_id":"f2e0a316-177c-4ea6-881d-78b1a069bb79","local_time":"20190716212124","is_ascension_mode":true,"campfire_choices":[{"data":"Go for the Eyes","floor":10,"key":"SMITH"},{"data":"Echo Form","floor":12,"key":"SMITH"},{"floor":15,"key":"REST"},{"data":"Mind Blast","floor":23,"key":"SMITH"},{"data":"Seek","floor":25,"key":"SMITH"},{"floor":28,"key":"REST"}],"neow_cost":"NONE","seed_source_timestamp":442134550706655,"circlet_count":0,"master_deck":["Strike_B","Strike_B+1","Defend_B","Defend_B","Defend_B","Defend_B","Zap","Dualcast","Gash","Rebound+1","Go for the Eyes","Go for the Eyes+1","Echo Form+1","Biased Cognition","Mind Blast+1","Seek+1","Go for the Eyes","Beam Cell","Beam Cell+1"],"relics":["Cracked Core","Singing Bowl","Tiny Chest","Mercury Hourglass","Gremlin Horn","Whetstone","Inserter","PreservedInsect","Shuriken","Bottled Flame","Toxic Egg 2"],"potions_floor_usage":[6,16,22,22,30,31],"damage_taken":[{"damage":0,"enemies":"2 Louse","floor":1,"turns":2},{"damage":4,"enemies":"Jaw Worm","floor":2,"turns":3},{"damage":21,"enemies":"3 Sentries","floor":6,"turns":7},{"damage":18,"enemies":"Gremlin Nob","floor":8,"turns":4},{"damage":16,"enemies":"Lagavulin","floor":11,"turns":5},{"damage":0,"enemies":"Small Slimes","floor":13,"turns":2},{"damage":0,"enemies":"2 Fungi Beasts","floor":14,"turns":2},{"damage":38,"enemies":"Hexaghost","floor":16,"turns":7},{"damage":11,"enemies":"Spheric Guardian","floor":18,"turns":3},{"damage":16,"enemies":"Shell Parasite","floor":22,"turns":5},{"damage":23,"enemies":"Snecko","floor":27,"turns":5},{"damage":30,"enemies":"Snake Plant","floor":29,"turns":4},{"damage":5,"enemies":"3 Cultists","floor":30,"turns":4},{"damage":13,"enemies":"Snecko","floor":31,"turns":2}],"seed_played":"2980782269379900244","potions_obtained":[{"floor":2,"key":"SteroidPotion"},{"floor":7,"key":"Ancient Potion"},{"floor":7,"key":"SneckoOil"},{"floor":7,"key":"FairyPotion"},{"floor":13,"key":"Swift Potion"},{"floor":14,"key":"EssenceOfSteel"},{"floor":16,"key":"Explosive Potion"},{"floor":18,"key":"Weak Potion"},{"floor":27,"key":"FearPotion"},{"floor":29,"key":"FearPotion"}],"is_trial":false,"path_per_floor":["M","M","?","T","?","E","?","E","T","R","E","R","M","M","R","B",null,"M","T","$","?","M","R","$","R","T","M","R","M","M","M"],"character_chosen":"DEFECT","items_purchased":["Shuriken","Bottled Flame","Seek"],"campfire_rested":2,"item_purchase_floors":[20,24,24],"current_hp_per_floor":[82,78,78,78,83,62,62,44,44,44,28,28,30,32,59,21,91,82,82,82,28,14,14,14,14,14,9,37,7,2,0],"gold":79,"neow_bonus":"TEN_PERCENT_HP_BONUS","is_prod":false,"is_daily":false,"chose_seed":false,"campfire_upgraded":4,"win_rate":0,"timestamp":1563326484,"path_taken":["M","M","?","?","?","E","?","E","T","R","E","R","M","M","R","BOSS","M","?","$","?","M","R","$","R","T","M","R","?","M","M"],"build_version":"2019-07-05","purchased_purges":1,"victory":false,"max_hp_per_floor":[82,82,82,82,87,87,87,87,87,87,87,87,89,91,91,91,91,93,93,93,93,95,95,95,95,95,95,95,95,95,95],"card_choices":[{"not_picked":["Hologram","Coolheaded"],"picked":"Gash","floor":1},{"not_picked":["Barrage","Force Field"],"picked":"Rebound","floor":2},{"not_picked":["Hyperbeam","Capacitor"],"picked":"Go for the Eyes","floor":6},{"not_picked":["Auto Shields","Sunder"],"picked":"Go for the Eyes","floor":8},{"not_picked":["Steam Power","Genetic Algorithm"],"picked":"Echo Form","floor":11},{"not_picked":["Steam","Consume","Conserve Battery"],"picked":"Singing Bowl","floor":13},{"not_picked":["Sunder","Turbo","Skim"],"picked":"Singing Bowl","floor":14},{"not_picked":["Thunder Strike","Meteor Strike"],"picked":"Biased Cognition","floor":16},{"not_picked":["Cold Snap","Leap","Steam"],"picked":"Singing Bowl","floor":18},{"not_picked":["Reprogram","Redo","Hologram+1"],"picked":"Singing Bowl","floor":22},{"not_picked":["Barrage","Doom and Gloom"],"picked":"Go for the Eyes","floor":27},{"not_picked":["Steam+1","Stack+1"],"picked":"Beam Cell","floor":29},{"not_picked":["Streamline","Coolheaded+1"],"picked":"Beam Cell+1","floor":30}],"player_experience":176458,"relics_obtained":[{"floor":4,"key":"Singing Bowl"},{"floor":6,"key":"Tiny Chest"},{"floor":8,"key":"Mercury Hourglass"},{"floor":9,"key":"Gremlin Horn"},{"floor":11,"key":"Whetstone"},{"floor":19,"key":"PreservedInsect"},{"floor":26,"key":"Toxic Egg 2"}],"event_choices":[{"cards_removed":["Strike_B"],"damage_healed":0,"gold_gain":0,"player_choice":"Card Removal","damage_taken":0,"max_hp_gain":0,"max_hp_loss":0,"event_name":"The Cleric","floor":3,"gold_loss":50},{"damage_healed":0,"gold_gain":0,"player_choice":"Donut","damage_taken":0,"max_hp_gain":5,"max_hp_loss":0,"event_name":"Big Fish","floor":5,"gold_loss":0},{"damage_healed":0,"gold_gain":0,"player_choice":"Got Potions","damage_taken":0,"max_hp_gain":0,"max_hp_loss":0,"event_name":"Lab","floor":7,"gold_loss":0},{"damage_healed":0,"gold_gain":360,"player_choice":"CARD GOLD GOLD GOLD GOLD ","damage_taken":54,"max_hp_gain":0,"max_hp_loss":0,"event_name":"Knowing Skull","floor":21,"potions_obtained":[],"gold_loss":0,"cards_obtained":["Mind Blast"]}],"is_beta":false,"boss_relics":[{"not_picked":["Eternal Feather","Fusion Hammer"],"picked":"Inserter"}],"items_purged_floors":[20],"is_endless":false,"potions_floor_spawned":[2,13,14,16,18,27,29],"killed_by":"Snecko","ascension_level":2}