{"gold_per_floor":[117,12,12,26,46,46,75,85,136,136,156,231,231,231,231,356,356,381,381,226,226,242,242],"floor_reached":23,"playtime":1342,"items_purged":[],"score":198,"play_id":"3134e1f4-67a2-4bc9-8b4d-6dfe018e5d5c","local_time":"20190110093010","is_ascension_mode":true,"campfire_choices":[{"data":"Well Laid Plans","floor":6.0,"key":"SMITH"},{"data":"Neutralize","floor":13.0,"key":"SMITH"},{"floor":15.0,"key":"REST"}],"neow_cost":"TEN_PERCENT_HP_LOSS","seed_source_timestamp":282402128936627,"circlet_count":0,"master_deck":["Defend_G","Defend_G","Strike_G","Strike_G","Strike_G","Survivor","Neutralize+1","Flechettes","Well Laid Plans+1","Deflect","Footwork","Deflect","Envenom","Blur","Cloak And Dagger"],"special_seed":0,"relics":["Ring of the Snake","Kunai","Snake Skull","Golden Idol","Empty Cage","Dream Catcher","Nloth\u0027s Gift"],"potions_floor_usage":[],"damage_taken":[{"damage":0.0,"enemies":"2 Louse","floor":1.0,"turns":5.0},{"damage":0.0,"enemies":"Small Slimes","floor":4.0,"turns":3.0},{"damage":0.0,"enemies":"Jaw Worm","floor":5.0,"turns":6.0},{"damage":24.0,"enemies":"Gremlin Nob","floor":7.0,"turns":6.0},{"damage":0.0,"enemies":"Lots of Slimes","floor":8.0,"turns":6.0},{"damage":0.0,"enemies":"Looter","floor":11.0,"turns":3.0},{"damage":4.0,"enemies":"The Guardian","floor":16.0,"turns":19.0},{"damage":4.0,"enemies":"3 Byrds","floor":18.0,"turns":7.0},{"damage":22.0,"enemies":"Colosseum Slavers","floor":19.0,"turns":6.0},{"damage":10.0,"enemies":"Spheric Guardian","floor":22.0,"turns":13.0},{"damage":30,"enemies":"Gremlin Leader","floor":23,"turns":10}],"seed_played":"4628855515415797241","potions_obtained":[{"floor":1.0,"key":"LiquidBronze"},{"floor":4.0,"key":"Strength Potion"},{"floor":7.0,"key":"Swift Potion"},{"floor":16.0,"key":"Ancient Potion"}],"is_trial":false,"path_per_floor":["M","$","?","M","M","R","E","M","T","?","M","?","R","?","R","B",null,"M","?","$","?","M","E"],"character_chosen":"THE_SILENT","items_purchased":["Well Laid Plans","Deflect","Dream Catcher"],"campfire_rested":1,"item_purchase_floors":[2,2,20],"current_hp_per_floor":[63,63,63,63,63,63,39,39,39,39,39,28,28,13,31,27,63,59,37,37,37,27,0],"gold":242,"neow_bonus":"REMOVE_TWO","is_prod":false,"is_daily":false,"chose_seed":false,"campfire_upgraded":2,"win_rate":0,"timestamp":1547109010,"path_taken":["M","$","?","M","M","R","E","M","T","?","M","?","R","?","R","BOSS","M","?","$","?","?","E"],"build_version":"2019-01-03v4","purchased_purges":0,"victory":false,"max_hp_per_floor":[63,63,63,63,63,63,63,63,63,63,63,63,63,63,63,63,63,63,63,63,63,63,63],"card_choices":[{"not_picked":["Bane","Quick Slash"],"picked":"Flechettes","floor":1.0},{"not_picked":["Concentrate","Leg Sweep"],"picked":"Footwork","floor":4.0},{"not_picked":["Masterful Stab","Outmaneuver"],"picked":"Deflect","floor":5.0},{"not_picked":["Dash","Deflect","Sucker Punch"],"picked":"SKIP","floor":7.0},{"not_picked":["Dash","Deflect","Sucker Punch"],"picked":"SKIP","floor":7.0},{"not_picked":["Quick Slash","Dagger Spray","Phantasmal Killer"],"picked":"SKIP","floor":8.0},{"not_picked":["Well Laid Plans","Bane","All Out Attack"],"picked":"SKIP","floor":11.0},{"not_picked":["Corpse Explosion","Die Die Die"],"picked":"Envenom","floor":16.0},{"not_picked":["Dagger Spray","Sucker Punch"],"picked":"Blur","floor":18.0},{"not_picked":["Crippling Poison+1","Finisher"],"picked":"Cloak And Dagger","floor":22.0}],"player_experience":666793,"relics_obtained":[{"floor":7.0,"key":"Kunai"},{"floor":9.0,"key":"Omamori"}],"event_choices":[{"cards_removed":["Strike_G"],"damage_healed":0.0,"max_hp_gain":0.0,"max_hp_loss":0.0,"gold_gain":0.0,"event_name":"Living Wall","player_choice":"Forget","floor":3.0,"gold_loss":0.0,"damage_taken":0.0},{"damage_healed":0.0,"max_hp_gain":0.0,"max_hp_loss":0.0,"gold_gain":0.0,"event_name":"Big Fish","player_choice":"Box","floor":10.0,"gold_loss":0.0,"damage_taken":0.0,"relics_obtained":["Snake Skull"],"cards_obtained":["Regret"]},{"damage_healed":0.0,"max_hp_gain":0.0,"max_hp_loss":0.0,"gold_gain":75.0,"event_name":"World of Goop","player_choice":"Gather Gold","floor":12.0,"gold_loss":0.0,"damage_taken":11.0},{"damage_healed":0.0,"max_hp_gain":0.0,"max_hp_loss":0.0,"gold_gain":0.0,"event_name":"Golden Idol","player_choice":"Take Damage","floor":14.0,"gold_loss":0.0,"damage_taken":15.0,"relics_obtained":["Golden Idol"]},{"damage_healed":0.0,"max_hp_gain":0.0,"max_hp_loss":0.0,"gold_gain":0.0,"event_name":"Colosseum","player_choice":"Fight","floor":19.0,"gold_loss":0.0,"damage_taken":0.0},{"damage_healed":0.0,"max_hp_gain":0.0,"max_hp_loss":0.0,"gold_gain":0.0,"event_name":"Colosseum","player_choice":"Fled From Nobs","floor":19.0,"gold_loss":0.0,"damage_taken":0.0},{"damage_healed":0.0,"max_hp_gain":0.0,"max_hp_loss":0.0,"gold_gain":0.0,"event_name":"N\u0027loth","player_choice":"Traded Relic","floor":21.0,"relics_lost":["Omamori"],"gold_loss":0.0,"damage_taken":0.0,"relics_obtained":["Nloth\u0027s Gift"]}],"is_beta":false,"boss_relics":[{"not_picked":["Calling Bell","Pandora\u0027s Box"],"picked":"Empty Cage"}],"items_purged_floors":[],"is_endless":false,"potions_floor_spawned":[1,4,7,16,19],"killed_by":"Gremlin Leader","ascension_level":1}