{"gold_per_floor":[117,117,28,42,42,73,47,47,47,47,47,47],"floor_reached":12,"playtime":250,"items_purged":[],"score":141,"play_id":"df8d05f3-ca53-425b-8099-b81b115037b4","local_time":"20190222090606","is_ascension_mode":true,"campfire_choices":[{"data":"Neutralize","floor":8,"key":"SMITH"}],"neow_cost":"NONE","seed_source_timestamp":1304817748962339,"circlet_count":0,"master_deck":["AscendersBane","Defend_G","Defend_G","Defend_G","Defend_G","Defend_G","Strike_G","Strike_G","Strike_G","Survivor","Neutralize+1","Quick Slash","Noxious Fumes","Backflip","Well Laid Plans","Backflip","Parasite"],"special_seed":0,"relics":["Ring of the Snake","Boot","Juzu Bracelet","Frozen Egg 2"],"potions_floor_usage":[6],"damage_taken":[{"damage":14.0,"enemies":"Small Slimes","floor":1.0,"turns":4.0},{"damage":2.0,"enemies":"2 Louse","floor":4.0,"turns":3.0},{"damage":33,"enemies":"Lagavulin","floor":6,"turns":9}],"seed_played":"4756338336016322281","potions_obtained":[{"floor":4.0,"key":"Weak Potion"},{"floor":6,"key":"SpeedPotion"}],"is_trial":false,"path_per_floor":["M","?","$","M","?","E","$","R","T","?","?","?"],"character_chosen":"THE_SILENT","items_purchased":["Noxious Fumes","Backflip"],"campfire_rested":0,"item_purchase_floors":[3,7],"current_hp_per_floor":[45,38,38,36,36,3,3,3,3,3,19,0],"gold":47,"neow_bonus":"RANDOM_COMMON_RELIC","is_prod":false,"is_daily":false,"chose_seed":false,"campfire_upgraded":1,"win_rate":0,"timestamp":1550822766,"path_taken":["M","?","$","M","?","E","?","R","T","?","?","?"],"build_version":"2019-01-23","purchased_purges":0,"victory":false,"max_hp_per_floor":[66,66,66,66,66,66,66,66,66,66,66,66],"card_choices":[{"not_picked":["Dagger Throw","Backstab"],"picked":"Quick Slash","floor":1.0},{"not_picked":["Dagger Spray","Acrobatics"],"picked":"Backflip","floor":4.0},{"not_picked":["Deflect","Endless Agony"],"picked":"Well Laid Plans","floor":6}],"player_experience":854551,"relics_obtained":[{"floor":6,"key":"Juzu Bracelet"},{"floor":9,"key":"Frozen Egg 2"}],"event_choices":[{"cards_removed":["Strike_G"],"damage_healed":0.0,"max_hp_gain":0.0,"max_hp_loss":0.0,"gold_gain":0.0,"event_name":"Golden Wing","player_choice":"Card Removal","floor":2.0,"gold_loss":0.0,"damage_taken":7.0},{"cards_removed":["Strike_G"],"damage_healed":0.0,"max_hp_gain":0.0,"max_hp_loss":0.0,"gold_gain":0.0,"event_name":"Living Wall","player_choice":"Forget","floor":5.0,"gold_loss":0.0,"damage_taken":0.0},{"damage_healed":0,"gold_gain":0,"player_choice":"Ignored","damage_taken":0,"max_hp_gain":0,"max_hp_loss":0,"event_name":"Liars Game","floor":10,"gold_loss":0},{"damage_healed":16,"gold_gain":0,"player_choice":"Healed and dodged fight","damage_taken":0,"max_hp_gain":0,"max_hp_loss":0,"event_name":"Mushrooms","floor":11,"gold_loss":0,"cards_obtained":["Parasite"]}],"is_beta":false,"boss_relics":[],"items_purged_floors":[],"is_endless":false,"potions_floor_spawned":[4,6],"ascension_level":18}