{"gold_per_floor":[118,118,4,4,23,58,69,69,120,120,148,148,160,172,172,245,245,263,263,263,273,290,290],"floor_reached":23,"playtime":1001,"items_purged":["Strike_B"],"score":441,"play_id":"b063a25b-979a-437b-a647-ad4b805016c6","local_time":"20190222235118","is_ascension_mode":true,"campfire_choices":[{"data":"Zap","floor":8,"key":"SMITH"},{"data":"FTL","floor":12,"key":"SMITH"},{"data":"Barrage","floor":15,"key":"SMITH"}],"neow_cost":"NONE","seed_source_timestamp":1357207341337168,"circlet_count":0,"master_deck":["AscendersBane","Defend_B","Defend_B","Defend_B","Zap+1","Dualcast+1","FTL+1","Sweeping Beam","Glacier","Compile Driver","Barrage+1","Seek","Doom and Gloom+1","Coolheaded+1","Steam+1","Leap+1"],"special_seed":0,"relics":["Cracked Core","NeowsBlessing","Orichalcum","Pen Nib","Pear","Astrolabe"],"potions_floor_usage":[11,11,22,23],"damage_taken":[{"damage":0.0,"enemies":"Jaw Worm","floor":1.0,"turns":1.0},{"damage":0.0,"enemies":"Cultist","floor":5.0,"turns":1.0},{"damage":0.0,"enemies":"3 Sentries","floor":6.0,"turns":1.0},{"damage":0,"enemies":"2 Louse","floor":7,"turns":4},{"damage":17,"enemies":"Gremlin Nob","floor":11,"turns":4},{"damage":8,"enemies":"Large Slime","floor":13,"turns":5},{"damage":13,"enemies":"Lots of Slimes","floor":14,"turns":3},{"damage":24,"enemies":"The Guardian","floor":16,"turns":12},{"damage":2,"enemies":"Chosen","floor":18,"turns":3},{"damage":2,"enemies":"3 Byrds","floor":21,"turns":3},{"damage":17,"enemies":"Cultist and Chosen","floor":22,"turns":5},{"damage":20,"enemies":"Book of Stabbing","floor":23,"turns":5}],"seed_played":"763020119535354544","potions_obtained":[{"floor":1.0,"key":"EssenceOfSteel"},{"floor":5.0,"key":"Block Potion"},{"floor":11,"key":"SneckoOil"},{"floor":16,"key":"FocusPotion"},{"floor":21,"key":"Fire Potion"}],"is_trial":false,"path_per_floor":["M","?","$","$","M","E","M","R","T","?","E","R","M","M","R","B",null,"M","?","?","M","M","E"],"character_chosen":"DEFECT","items_purchased":["FTL"],"campfire_rested":0,"item_purchase_floors":[3],"current_hp_per_floor":[64,64,64,64,64,64,64,64,64,64,57,57,49,36,36,12,64,62,62,39,37,20,0],"gold":290,"neow_bonus":"THREE_ENEMY_KILL","is_prod":false,"is_daily":false,"chose_seed":false,"campfire_upgraded":3,"win_rate":0,"timestamp":1550875878,"path_taken":["M","?","?","$","?","E","M","R","T","?","E","R","?","M","R","BOSS","M","?","?","M","M","E"],"build_version":"2019-01-23","purchased_purges":1,"victory":false,"max_hp_per_floor":[71,71,71,71,71,71,71,71,71,71,81,81,81,81,81,81,81,81,81,86,86,86,86],"card_choices":[{"not_picked":["Blizzard","Turbo","Go for the Eyes"],"picked":"SKIP","floor":1.0},{"not_picked":["Rebound","White Noise"],"picked":"Sweeping Beam","floor":5.0},{"not_picked":["Coolheaded","Core Surge"],"picked":"Glacier","floor":6.0},{"not_picked":["Stack","Streamline","Go for the Eyes"],"picked":"SKIP","floor":7},{"not_picked":["Force Field","Stack"],"picked":"Compile Driver","floor":11},{"not_picked":["Redo","Skim"],"picked":"Barrage","floor":13},{"not_picked":["Cold Snap","Recycle","Steam"],"picked":"SKIP","floor":14},{"not_picked":["Meteor Strike","Amplify"],"picked":"Seek","floor":16},{"not_picked":["White Noise","Steam Power","Coolheaded"],"picked":"SKIP","floor":18},{"not_picked":["Stack","Sunder","Coolheaded"],"picked":"SKIP","floor":21},{"not_picked":["Hologram","Steam"],"picked":"Leap+1","floor":22}],"player_experience":869785,"relics_obtained":[{"floor":6.0,"key":"Orichalcum"},{"floor":9,"key":"Pen Nib"},{"floor":11,"key":"Pear"}],"event_choices":[{"cards_removed":["Strike_B"],"damage_healed":0.0,"max_hp_gain":0.0,"max_hp_loss":0.0,"gold_gain":0.0,"event_name":"Purifier","player_choice":"Purged","floor":2.0,"gold_loss":0.0,"damage_taken":0.0},{"damage_healed":0,"gold_gain":0,"player_choice":"Forge","damage_taken":0,"max_hp_gain":0,"max_hp_loss":0,"event_name":"Accursed Blacksmith","floor":10,"gold_loss":0,"cards_upgraded":["Dualcast"]},{"damage_healed":0,"gold_gain":0,"player_choice":"Ignored","damage_taken":0,"max_hp_gain":0,"max_hp_loss":0,"event_name":"Vampires","floor":19,"gold_loss":0},{"damage_healed":0,"gold_gain":0,"player_choice":"Shed Blood","damage_taken":28,"max_hp_gain":5,"max_hp_loss":0,"event_name":"Forgotten Altar","floor":20,"gold_loss":0}],"is_beta":false,"boss_relics":[{"not_picked":["Black Star","Runic Dome"],"picked":"Astrolabe"}],"items_purged_floors":[3],"is_endless":false,"potions_floor_spawned":[1,5,11,16,21],"killed_by":"Book of Stabbing","ascension_level":19}