{"gold_per_floor":[12,28,43,54,54,54,83,0,0,0,0,15,15,32,32,104,104,114,114,24,38,38,52,69,29,29,29],"floor_reached":27,"playtime":1211,"items_purged":[],"score":409,"play_id":"a7ea61a7-4d60-436f-812d-06572bac6427","local_time":"20190217152134","is_ascension_mode":true,"campfire_choices":[{"data":"Footwork","floor":6,"key":"SMITH"},{"data":"Blur","floor":10,"key":"SMITH"},{"data":"Cloak And Dagger","floor":15,"key":"SMITH"}],"neow_cost":"NO_GOLD","seed_source_timestamp":1032663838457582,"circlet_count":0,"master_deck":["AscendersBane","Defend_G","Defend_G","Defend_G","Defend_G","Strike_G","Strike_G","Strike_G","Survivor","Neutralize+1","Quick Slash","Slice","Footwork+1","Leg Sweep","Blur+1","Cloak And Dagger+1","Dagger Throw+1","Envenom","Poisoned Stab+1","Noxious Fumes","Infinite Blades","Prepared","Noxious Fumes"],"relics":["Ring of the Snake","Ninja Scroll","Molten Egg 2","Eternal Feather","Matryoshka"],"potions_floor_usage":[7,12,23,24,27],"damage_taken":[{"damage":1,"enemies":"Cultist","floor":1,"turns":4},{"damage":2,"enemies":"Jaw Worm","floor":2,"turns":7},{"damage":0,"enemies":"2 Louse","floor":3,"turns":3},{"damage":3,"enemies":"Looter","floor":4,"turns":3},{"damage":17,"enemies":"Gremlin Nob","floor":7,"turns":5},{"damage":2,"enemies":"3 Louse","floor":12,"turns":4},{"damage":3,"enemies":"Exordium Thugs","floor":14,"turns":9},{"damage":16,"enemies":"The Guardian","floor":16,"turns":22},{"damage":20,"enemies":"Chosen","floor":18,"turns":6},{"damage":0,"enemies":"Spheric Guardian","floor":21,"turns":7},{"damage":20,"enemies":"Centurion and Healer","floor":23,"turns":11},{"damage":11,"enemies":"Snake Plant","floor":24,"turns":5},{"damage":6,"enemies":"Chosen and Byrds","floor":27,"turns":3}],"seed_played":"-542033493673841845","potions_obtained":[{"floor":1,"key":"GhostInAJar"},{"floor":4,"key":"Block Potion"},{"floor":16,"key":"SkillPotion"},{"floor":18,"key":"AttackPotion"},{"floor":19,"key":"GhostInAJar"},{"floor":24,"key":"Block Potion"}],"is_trial":false,"path_per_floor":["M","M","M","M","?","R","E","$","T","R","?","M","?","M","R","B",null,"M","?","$","M","$","M","M","$","T","M"],"character_chosen":"THE_SILENT","items_purchased":["Blur","Noxious Fumes","Noxious Fumes"],"campfire_rested":0,"item_purchase_floors":[8,20,25],"current_hp_per_floor":[58,56,56,53,53,53,36,36,36,36,41,39,32,29,29,13,57,37,37,37,37,37,17,6,6,6,0],"gold":29,"neow_bonus":"REMOVE_TWO","is_prod":false,"is_daily":false,"chose_seed":false,"campfire_upgraded":3,"win_rate":0,"timestamp":1550413294,"path_taken":["M","M","?","M","?","R","E","$","T","R","?","M","?","M","R","BOSS","M","?","$","M","$","M","M","?","T","M"],"build_version":"2019-01-23","purchased_purges":0,"victory":false,"max_hp_per_floor":[66,66,66,66,66,66,66,66,66,66,71,71,71,71,71,71,71,71,71,71,71,71,71,71,71,71,71],"card_choices":[{"not_picked":["Accuracy","Eviscerate"],"picked":"Quick Slash","floor":1},{"not_picked":["Sucker Punch","Flechettes"],"picked":"Slice","floor":2},{"not_picked":["Underhanded Strike","Reflex","Eviscerate"],"picked":"SKIP","floor":3},{"not_picked":["Catalyst","PiercingWail"],"picked":"Footwork","floor":4},{"not_picked":["Calculated Gamble","Unload"],"picked":"Leg Sweep","floor":7},{"not_picked":["Blade Dance","Dagger Throw+1"],"picked":"Cloak And Dagger","floor":12},{"not_picked":["Flying Knee+1","Choke+1"],"picked":"Dagger Throw+1","floor":14},{"not_picked":["Corpse Explosion","Unload+1"],"picked":"Envenom","floor":16},{"not_picked":["All Out Attack+1","Blade Dance"],"picked":"Poisoned Stab+1","floor":18},{"not_picked":["All Out Attack+1","Reflex","Terror"],"picked":"SKIP","floor":21},{"not_picked":["Outmaneuver","Endless Agony+1"],"picked":"Infinite Blades","floor":23},{"not_picked":["Underhanded Strike+1","Accuracy"],"picked":"Prepared","floor":24}],"player_experience":811247,"relics_obtained":[{"floor":7,"key":"Ninja Scroll"},{"floor":9,"key":"Molten Egg 2"},{"floor":26,"key":"Matryoshka"}],"event_choices":[{"damage_healed":0,"gold_gain":0,"player_choice":"Grow","damage_taken":0,"max_hp_gain":0,"max_hp_loss":0,"event_name":"Living Wall","floor":5,"gold_loss":0,"cards_upgraded":["Neutralize"]},{"damage_healed":0,"gold_gain":0,"player_choice":"Donut","damage_taken":0,"max_hp_gain":5,"max_hp_loss":0,"event_name":"Big Fish","floor":11,"gold_loss":0},{"cards_removed":["Strike_G"],"damage_healed":0,"gold_gain":0,"player_choice":"Card Removal","damage_taken":7,"max_hp_gain":0,"max_hp_loss":0,"event_name":"Golden Wing","floor":13,"gold_loss":0},{"damage_healed":0,"gold_gain":0,"player_choice":"Got Potions","damage_taken":0,"max_hp_gain":0,"max_hp_loss":0,"event_name":"Lab","floor":19,"gold_loss":0}],"is_beta":false,"boss_relics":[{"not_picked":["Velvet Choker","White Beast Statue"],"picked":"Eternal Feather"}],"items_purged_floors":[],"is_endless":false,"potions_floor_spawned":[1,4,16,18,24],"killed_by":"Chosen and Byrds","ascension_level":18}