{"gold_per_floor":[116,136,136,155,155,155,173,173,173,173,188,204,204,234,234,337,337,356,369,382,416,416,416,416],"floor_reached":24,"playtime":720,"items_purged":[],"score":223,"play_id":"dfd4bdf2-c029-434c-82f1-8b2ebe34fbf9","local_time":"20190728170631","is_ascension_mode":false,"campfire_choices":[{"data":"Rampage","floor":6,"key":"SMITH"},{"data":"Flex","floor":8,"key":"SMITH"},{"floor":15,"key":"REST"},{"floor":23,"key":"REST"}],"neow_cost":"NONE","seed_source_timestamp":1548046660751400,"circlet_count":0,"master_deck":["Strike_R","Strike_R+1","Defend_R","Defend_R","Defend_R","Defend_R","Bash","Flex+1","Heavy Blade+1","Rampage+1","Regret","Anger","Limit Break","Inflame","Rampage+1","Offering","Rupture","Thunderclap+1","Hemokinesis+1","Whirlwind+1"],"relics":["Burning Blood","NeowsBlessing","Blue Candle","Question Card","Molten Egg 2","Thread and Needle","Empty Cage","Red Mask"],"potions_floor_usage":[14,14,21,24],"damage_taken":[{"damage":0,"enemies":"2 Louse","floor":1,"turns":1},{"damage":0,"enemies":"Jaw Worm","floor":2,"turns":1},{"damage":0,"enemies":"Small Slimes","floor":4,"turns":1},{"damage":12,"enemies":"Red Slaver","floor":7,"turns":5},{"damage":16,"enemies":"Exordium Thugs","floor":11,"turns":3},{"damage":47,"enemies":"Gremlin Gang","floor":12,"turns":5},{"damage":0,"enemies":"Gremlin Nob","floor":14,"turns":2},{"damage":29,"enemies":"Hexaghost","floor":16,"turns":6},{"damage":31,"enemies":"2 Thieves","floor":18,"turns":3},{"damage":13,"enemies":"Chosen","floor":19,"turns":3},{"damage":31,"enemies":"Snecko","floor":20,"turns":5},{"damage":15,"enemies":"Masked Bandits","floor":21,"turns":3},{"damage":46,"enemies":"Book of Stabbing","floor":24,"turns":4}],"seed_played":"-6924458971205854873","potions_obtained":[{"floor":7,"key":"GamblersBrew"},{"floor":12,"key":"AttackPotion"},{"floor":19,"key":"SpeedPotion"},{"floor":21,"key":"Poison Potion"}],"is_trial":false,"path_per_floor":["M","M","?","M","?","R","M","R","T","?","M","M","T","E","R","B",null,"M","M","M","?","?","R","E"],"character_chosen":"IRONCLAD","items_purchased":[],"campfire_rested":2,"item_purchase_floors":[],"current_hp_per_floor":[80,80,64,70,70,70,64,64,64,64,54,13,13,19,43,20,80,55,48,23,14,14,38,0],"gold":416,"neow_bonus":"THREE_ENEMY_KILL","is_prod":false,"is_daily":false,"chose_seed":false,"campfire_upgraded":2,"win_rate":0,"timestamp":1564351591,"path_taken":["M","M","?","M","?","R","M","R","T","?","?","M","?","E","R","BOSS","M","?","M","?","?","R","E"],"build_version":"2019-07-17","purchased_purges":0,"victory":false,"max_hp_per_floor":[80,80,80,80,80,80,80,80,80,80,80,80,80,80,80,80,80,80,80,80,80,80,80,80],"card_choices":[{"not_picked":["Warcry","Anger"],"picked":"Flex","floor":1},{"not_picked":["Thunderclap","Cleave"],"picked":"Heavy Blade","floor":2},{"not_picked":["Sword Boomerang","Havoc"],"picked":"Rampage","floor":4},{"not_picked":["Pommel Strike","Metallicize"],"picked":"Anger","floor":7},{"not_picked":["Clash","Carnage","Sword Boomerang"],"picked":"Limit Break","floor":11},{"not_picked":["Headbutt","Body Slam","Rupture"],"picked":"Inflame","floor":12},{"not_picked":["Perfected Strike+1","Shrug It Off","Disarm"],"picked":"Rampage+1","floor":14},{"not_picked":["Double Tap","Fiend Fire+1","Berserk"],"picked":"Offering","floor":16},{"not_picked":["True Grit","Wild Strike+1","Corruption+1"],"picked":"Rupture","floor":18},{"not_picked":["Searing Blow+1","Power Through","Clash+1"],"picked":"Thunderclap+1","floor":19},{"not_picked":["Pummel+1","Pommel Strike+1","Uppercut+1"],"picked":"Hemokinesis+1","floor":20}],"player_experience":820960,"relics_obtained":[{"floor":9,"key":"Question Card"},{"floor":13,"key":"Molten Egg 2"},{"floor":14,"key":"Thread and Needle"},{"floor":21,"key":"Red Mask"}],"event_choices":[{"damage_healed":0,"gold_gain":0,"player_choice":"Entered Light","damage_taken":16,"max_hp_gain":0,"max_hp_loss":0,"event_name":"Shining Light","floor":3,"gold_loss":0,"cards_upgraded":["Heavy Blade","Strike_R"]},{"damage_healed":0,"gold_gain":0,"player_choice":"Box","damage_taken":0,"relics_obtained":["Blue Candle"],"max_hp_gain":0,"max_hp_loss":0,"event_name":"Big Fish","floor":5,"gold_loss":0,"cards_obtained":["Regret"]},{"cards_removed":["Strike_R"],"damage_healed":0,"gold_gain":0,"player_choice":"Offered Basic","damage_taken":0,"max_hp_gain":0,"max_hp_loss":0,"event_name":"Bonfire Elementals","floor":10,"gold_loss":0},{"damage_healed":0,"gold_gain":0,"player_choice":"Fought Bandits","damage_taken":0,"max_hp_gain":0,"max_hp_loss":0,"event_name":"Masked Bandits","floor":21,"gold_loss":0},{"damage_healed":0,"gold_gain":0,"player_choice":"Read","damage_taken":0,"max_hp_gain":0,"max_hp_loss":0,"event_name":"The Library","floor":22,"gold_loss":0,"cards_obtained":["Whirlwind"]}],"is_beta":false,"boss_relics":[{"not_picked":["Calling Bell","Eternal Feather"],"picked":"Empty Cage"}],"items_purged_floors":[],"is_endless":false,"potions_floor_spawned":[7,12,19,21],"killed_by":"Book of Stabbing","ascension_level":0}