{"gold_per_floor":[113,113,113,288,4,29,29,62,62,62,77,2,37,53,53,174,174,197,197,209,234,266,317,329,341],"floor_reached":25,"playtime":784,"items_purged":["Doubt"],"score":277,"play_id":"91ed0957-5382-4ddd-8c62-60c774bce282","local_time":"20190717000550","is_ascension_mode":true,"campfire_choices":[{"floor":7,"key":"RECALL"},{"data":"Biased Cognition","floor":10,"key":"SMITH"},{"floor":15,"key":"REST"}],"neow_cost":"NONE","seed_source_timestamp":452196490312495,"circlet_count":0,"master_deck":["Strike_B","Strike_B","Strike_B","Strike_B","Defend_B","Defend_B","Defend_B","Defend_B","Zap","Dualcast","Sweeping Beam","Go for the Eyes","Gash","Biased Cognition+1","Sweeping Beam","Turbo","Ball Lightning","Ball Lightning","Rainbow","Go for the Eyes+1","Decay","Writhe","Defragment","Gash","Beam Cell"],"relics":["Cracked Core","Bloody Idol","Strawberry","Calipers","Oddly Smooth Stone","Nuclear Battery","MawBank","Bronze Scales"],"potions_floor_usage":[18,18,23,25,25],"damage_taken":[{"damage":4,"enemies":"Small Slimes","floor":1,"turns":3},{"damage":2,"enemies":"2 Louse","floor":6,"turns":2},{"damage":26,"enemies":"3 Sentries","floor":8,"turns":6},{"damage":0,"enemies":"Jaw Worm","floor":11,"turns":3},{"damage":31,"enemies":"Gremlin Nob","floor":13,"turns":4},{"damage":17,"enemies":"Exordium Wildlife","floor":14,"turns":3},{"damage":40,"enemies":"Hexaghost","floor":16,"turns":8},{"damage":3,"enemies":"2 Thieves","floor":18,"turns":3},{"damage":15,"enemies":"Shell Parasite","floor":21,"turns":4},{"damage":39,"enemies":"Centurion and Healer","floor":22,"turns":6},{"damage":31,"enemies":"Book of Stabbing","floor":23,"turns":5},{"damage":13,"enemies":"Snake Plant","floor":25,"turns":1}],"seed_played":"-6998594555204558282","potions_obtained":[{"floor":1,"key":"SpeedPotion"},{"floor":14,"key":"Explosive Potion"},{"floor":21,"key":"SpeedPotion"},{"floor":22,"key":"Weak Potion"},{"floor":23,"key":"AttackPotion"}],"is_trial":false,"path_per_floor":["M","?","?","?","$","M","R","E","T","R","M","$","E","M","R","B",null,"M","?","?","M","M","E","?","M"],"character_chosen":"DEFECT","items_purchased":["Strawberry","Go for the Eyes","Sweeping Beam","Turbo"],"campfire_rested":1,"item_purchase_floors":[5,5,12,12],"current_hp_per_floor":[78,78,83,83,90,88,88,62,62,62,62,62,31,14,42,2,94,91,91,91,76,37,6,6,0],"gold":341,"neow_bonus":"TEN_PERCENT_HP_BONUS","is_prod":false,"is_daily":false,"chose_seed":false,"campfire_upgraded":1,"win_rate":0,"timestamp":1563336350,"path_taken":["M","?","?","?","?","M","R","E","T","R","M","$","E","M","R","BOSS","M","?","?","M","M","E","?","?"],"build_version":"2019-07-05","purchased_purges":1,"victory":false,"max_hp_per_floor":[82,82,87,87,94,94,94,94,94,94,94,94,94,94,94,94,94,94,94,94,94,94,94,94,94],"card_choices":[{"not_picked":["BootSequence","Streamline"],"picked":"Sweeping Beam","floor":1},{"not_picked":["Hologram","Buffer"],"picked":"Gash","floor":6},{"not_picked":["Consume","Genetic Algorithm"],"picked":"Biased Cognition","floor":8},{"not_picked":["Coolheaded","Glacier","Hologram"],"picked":"SKIP","floor":11},{"not_picked":["Barrage","Chaos"],"picked":"Ball Lightning","floor":13},{"not_picked":["Stack","Fusion"],"picked":"Ball Lightning","floor":14},{"not_picked":["Core Surge","Amplify"],"picked":"Rainbow","floor":16},{"not_picked":["Steam+1","Coolheaded"],"picked":"Go for the Eyes+1","floor":18},{"not_picked":["Coolheaded+1","Ball Lightning"],"picked":"Defragment","floor":21},{"not_picked":["Self Repair","White Noise"],"picked":"Gash","floor":22},{"not_picked":["Undo+1","BootSequence"],"picked":"Beam Cell","floor":23}],"player_experience":186399,"relics_obtained":[{"floor":8,"key":"Calipers"},{"floor":13,"key":"Oddly Smooth Stone"},{"floor":23,"key":"Bronze Scales"}],"event_choices":[{"damage_healed":0,"gold_gain":0,"player_choice":"Take Wound","damage_taken":0,"relics_obtained":["Golden Idol"],"max_hp_gain":0,"max_hp_loss":0,"event_name":"Golden Idol","floor":2,"gold_loss":0,"cards_obtained":["Injury"]},{"damage_healed":0,"gold_gain":0,"player_choice":"Donut","damage_taken":0,"max_hp_gain":5,"max_hp_loss":0,"event_name":"Big Fish","floor":3,"gold_loss":0},{"damage_healed":0,"gold_gain":175,"player_choice":"AGREE","damage_taken":0,"max_hp_gain":0,"max_hp_loss":0,"event_name":"Liars Game","floor":4,"gold_loss":0,"cards_obtained":["Doubt"]},{"damage_healed":0,"gold_gain":0,"player_choice":"Stole Relic","damage_taken":0,"relics_obtained":["MawBank"],"max_hp_gain":0,"max_hp_loss":0,"event_name":"Addict","floor":19,"gold_loss":0,"cards_obtained":["Shame"]},{"damage_healed":0,"gold_gain":0,"cards_transformed":["Injury","Shame"],"player_choice":"Became Test Subject","damage_taken":0,"max_hp_gain":0,"max_hp_loss":0,"event_name":"Drug Dealer","floor":20,"gold_loss":0,"cards_obtained":["Decay","Writhe"]},{"damage_healed":0,"gold_gain":0,"player_choice":"Gave Idol","damage_taken":0,"relics_obtained":["Bloody Idol"],"max_hp_gain":0,"max_hp_loss":0,"event_name":"Forgotten Altar","floor":24,"relics_lost":["Golden Idol"],"gold_loss":0}],"is_beta":false,"boss_relics":[{"not_picked":["Runic Pyramid","Busted Crown"],"picked":"Nuclear Battery"}],"items_purged_floors":[5],"is_endless":false,"potions_floor_spawned":[1,14,21,22,23],"killed_by":"Snake Plant","ascension_level":2}