{"path_per_floor":["M","?","M","$","M","R","M","E","T","M","R","E","M","?","R","B",null,"M","$","?","M","M"],"character_chosen":"THE_SILENT","items_purchased":["Trip"],"gold_per_floor":[114,114,125,50,60,60,71,101,126,137,137,169,189,152,152,257,257,267,75,75,91,109],"floor_reached":23,"campfire_rested":1,"playtime":1392,"current_hp_per_floor":[63,63,57,57,55,55,55,26,26,26,47,29,29,29,29,6,54,48,48,48,47,39],"items_purged":["Defend_G","Strike_G"],"gold":109,"score":284,"play_id":"42a1fbb0-a1f8-48e2-a3e1-ba2188641bf9","is_prod":false,"is_daily":false,"is_ascension_mode":true,"campfire_upgraded":2,"path_taken":["M","?","M","$","M","R","M","E","T","M","R","E","M","?","R","BOSS","M","$","?","M","M","E"],"build_version":"2018-02-15-PROD1","purchased_purges":3,"victory":false,"master_deck":["Defend_G","Defend_G","Defend_G","Defend_G","Strike_G","Strike_G","Strike_G","Strike_G","Survivor","Neutralize+1","Acrobatics","Slice","Glass Knife","Backflip+1","Cloak And Dagger","Escape Plan","Trip"],"max_hp_per_floor":[70,70,70,70,70,70,70,70,70,70,70,70,70,70,70,70,70,70,70,70,70,70],"relics":["Ring of the Snake","Ice Cream","Peace Pipe","Bronze Scales","Black Star","Nloth\u0027s Gift"],"card_choices":[{"not_picked":["Endless Agony","Slice"],"picked":"Acrobatics"},{"not_picked":["Prepared","Doppelganger"],"picked":"Slice"},{"not_picked":["Prepared","Cloak And Dagger"],"picked":"Glass Knife"},{"not_picked":["Sucker Punch","Well Laid Plans"],"picked":"Backflip"},{"not_picked":["Sucker Punch","Deadly Poison"],"picked":"Cloak And Dagger"},{"not_picked":["Expertise","Acrobatics"],"picked":"Escape Plan"}],"player_experience":325604,"potions_floor_usage":[13,16,22],"damage_taken":[{"damage":0,"enemies":"Small Slimes","floor":1,"turns":5},{"damage":6,"enemies":"Cultist","floor":3,"turns":5},{"damage":2,"enemies":"Jaw Worm","floor":5,"turns":4},{"damage":0,"enemies":"2 Fungi Beasts","floor":7,"turns":5},{"damage":29,"enemies":"Gremlin Nob","floor":8,"turns":5},{"damage":0,"enemies":"Large Slime","floor":10,"turns":4},{"damage":18,"enemies":"3 Sentries","floor":12,"turns":6},{"damage":0,"enemies":"Exordium Thugs","floor":13,"turns":3},{"damage":23,"enemies":"The Guardian","floor":16,"turns":17},{"damage":6,"enemies":"Shell Parasite","floor":18,"turns":6},{"damage":1,"enemies":"3 Byrds","floor":21,"turns":2},{"damage":8,"enemies":"Snecko","floor":22,"turns":6},{"damage":41,"enemies":"Book of Stabbing","floor":23,"turns":7}],"event_choices":[{"event_name":"Fountain of Cleansing","player_choice":"Removed Curse","floor":2,"damage_taken":0},{"event_name":"World of Goop","player_choice":"Left","floor":14,"damage_taken":0},{"event_name":"N\u0027loth","player_choice":"Traded a Unceasing Top","floor":20,"damage_taken":0}],"boss_relics":[{"not_picked":["Snecko Eye","Lizard Tail"],"picked":"Black Star"}],"potions_floor_spawned":[1,7,10,22],"seed_played":"9034760899911607198","killed_by":"Book of Stabbing","ascension_level":8,"is_trial":false}