{"gold_per_floor":[17,92,92,92,111,111,121,121,199,219,244,255,255,270,270,270],"floor_reached":16,"playtime":476,"items_purged":[],"score":179,"play_id":"08ea5bc5-adad-4054-b8e2-7b1c0f1d1bf2","local_time":"20190112192742","is_ascension_mode":true,"campfire_choices":[{"data":"Zap","floor":6,"key":"SMITH"},{"data":"Deep Breath","floor":8,"key":"SMITH"},{"data":"Lockon","floor":13,"key":"SMITH"},{"data":"Darkness","floor":15,"key":"SMITH"}],"neow_cost":"NO_GOLD","seed_source_timestamp":467490071118678,"circlet_count":0,"master_deck":["AscendersBane","Strike_B","Strike_B","Strike_B","Defend_B","Defend_B","Defend_B","Zap+1","Dualcast","Dark Shackles","Deep Breath+1","Darkness+1","Melter","Compile Driver","Lockon+1","Conserve Battery"],"relics":["Cracked Core","Kunai","Calipers"],"potions_floor_usage":[12,12],"damage_taken":[{"damage":4,"enemies":"Small Slimes","floor":1,"turns":4},{"damage":4,"enemies":"Jaw Worm","floor":5,"turns":4},{"damage":1,"enemies":"Cultist","floor":7,"turns":3},{"damage":0,"enemies":"3 Louse","floor":10,"turns":3},{"damage":25,"enemies":"Gremlin Nob","floor":11,"turns":4},{"damage":0,"enemies":"Large Slime","floor":12,"turns":4},{"damage":5,"enemies":"Red Slaver","floor":14,"turns":3},{"damage":9,"enemies":"Hexaghost","floor":16,"turns":7}],"seed_played":"810767674230736286","potions_obtained":[{"floor":1,"key":"PowerPotion"},{"floor":10,"key":"Energy Potion"},{"floor":14,"key":"SteroidPotion"}],"is_trial":false,"path_per_floor":["M","?","?","?","M","R","M","R","T","M","E","M","R","M","R","B"],"character_chosen":"DEFECT","items_purchased":[],"campfire_rested":0,"item_purchase_floors":[],"current_hp_per_floor":[60,49,42,42,38,38,37,37,37,37,12,12,12,7,7,0],"gold":270,"neow_bonus":"RANDOM_COLORLESS_2","is_prod":false,"is_daily":false,"chose_seed":false,"campfire_upgraded":4,"win_rate":0,"timestamp":1547317662,"path_taken":["M","?","?","?","?","R","M","R","T","M","E","M","R","M","R","BOSS"],"build_version":"2019-01-10","purchased_purges":0,"victory":false,"max_hp_per_floor":[71,71,71,71,71,71,71,71,71,71,71,71,71,71,71,71],"card_choices":[{"not_picked":["Hologram","Doom and Gloom"],"picked":"Darkness","floor":1},{"not_picked":["Compile Driver","Consume"],"picked":"Melter","floor":5},{"not_picked":["Hologram","Sweeping Beam"],"picked":"Compile Driver","floor":7},{"not_picked":["Hologram","Hello World"],"picked":"Lockon","floor":10},{"not_picked":["Rebound","Hologram"],"picked":"Conserve Battery","floor":11},{"not_picked":["Rebound","Hologram","Compile Driver"],"picked":"SKIP","floor":12},{"not_picked":["Double Energy","Reinforced Body","Skim"],"picked":"SKIP","floor":14}],"player_experience":712496,"relics_obtained":[{"floor":9,"key":"Kunai"},{"floor":11,"key":"Calipers"}],"event_choices":[{"damage_healed":0,"gold_gain":75,"player_choice":"Gather Gold","damage_taken":11,"max_hp_gain":0,"max_hp_loss":0,"event_name":"World of Goop","floor":2,"gold_loss":0},{"cards_removed":["Strike_B"],"damage_healed":0,"gold_gain":0,"player_choice":"Card Removal","damage_taken":7,"max_hp_gain":0,"max_hp_loss":0,"event_name":"Golden Wing","floor":3,"gold_loss":0},{"cards_removed":["Defend_B"],"damage_healed":0,"gold_gain":0,"player_choice":"Purged","damage_taken":0,"max_hp_gain":0,"max_hp_loss":0,"event_name":"Purifier","floor":4,"gold_loss":0}],"is_beta":false,"boss_relics":[],"items_purged_floors":[],"is_endless":false,"potions_floor_spawned":[1,10,11,14],"killed_by":"Hexaghost","ascension_level":15}