{"gold_per_floor":[368,368,379,454,471,471,483,483,535,552,563,114,114,149,149,221,221,231,231,146,46,23,23,34,34],"floor_reached":25,"playtime":857,"items_purged":["Strike_B","Strike_B"],"score":352,"play_id":"77dac8b2-aa33-48d6-a254-492fc1db187d","local_time":"20190113002045","is_ascension_mode":true,"campfire_choices":[{"floor":6,"key":"REST"},{"data":"Dualcast","floor":8,"key":"SMITH"},{"data":"Coolheaded","floor":13,"key":"SMITH"},{"data":"White Noise","floor":15,"key":"SMITH"},{"data":"Coolheaded","floor":23,"key":"SMITH"}],"neow_cost":"TEN_PERCENT_HP_LOSS","seed_source_timestamp":484691875350619,"circlet_count":0,"master_deck":["AscendersBane","Strike_B","Strike_B","Defend_B+1","Defend_B+1","Defend_B+1","Defend_B","Zap+1","Dualcast+1","Chill","Conserve Battery","Core Surge","White Noise+1","Coolheaded+1","Compile Driver","Seek","White Noise+1","Coolheaded+1"],"relics":["Cracked Core","War Paint","DataDisk","OrangePellets","Strawberry","Lizard Tail","Omamori"],"potions_floor_usage":[7,14,14],"damage_taken":[{"damage":4,"enemies":"Jaw Worm","floor":1,"turns":4},{"damage":4,"enemies":"Small Slimes","floor":3,"turns":3},{"damage":0,"enemies":"2 Louse","floor":5,"turns":2},{"damage":7,"enemies":"Exordium Wildlife","floor":7,"turns":7},{"damage":14,"enemies":"Red Slaver","floor":10,"turns":3},{"damage":5,"enemies":"Large Slime","floor":11,"turns":8},{"damage":7,"enemies":"Lagavulin","floor":14,"turns":4},{"damage":11,"enemies":"Hexaghost","floor":16,"turns":11},{"damage":19,"enemies":"2 Thieves","floor":18,"turns":5},{"damage":0,"enemies":"Chosen","floor":24,"turns":7},{"damage":46,"enemies":"Slavers","floor":25,"turns":5}],"seed_played":"-3716033485415868620","potions_obtained":[{"floor":1,"key":"GamblersBrew"},{"floor":3,"key":"Energy Potion"},{"floor":11,"key":"AttackPotion"},{"floor":14,"key":"SmokeBomb"},{"floor":24,"key":"SkillPotion"}],"is_trial":false,"path_per_floor":["M","?","M","?","M","R","M","R","T","M","M","$","R","E","R","B",null,"M","?","?","$","$","R","M","E"],"character_chosen":"DEFECT","items_purchased":["DataDisk","Compile Driver","OrangePellets","Coolheaded"],"campfire_rested":1,"item_purchase_floors":[12,12,12,22],"current_hp_per_floor":[60,41,37,26,26,45,38,38,38,24,19,19,19,19,19,8,55,36,16,16,16,16,16,16,17],"gold":34,"neow_bonus":"TWO_FIFTY_GOLD","is_prod":false,"is_daily":false,"chose_seed":false,"campfire_upgraded":4,"win_rate":0,"timestamp":1547335245,"path_taken":["M","?","M","?","M","R","M","R","T","M","M","$","R","E","R","BOSS","M","?","?","?","$","R","?","E"],"build_version":"2019-01-10","purchased_purges":2,"victory":false,"max_hp_per_floor":[64,64,64,64,64,64,64,64,64,64,64,64,64,71,71,71,71,71,76,76,76,76,76,76,76],"card_choices":[{"not_picked":["Reprogram","Cold Snap","Stack"],"picked":"SKIP","floor":1},{"not_picked":["Hologram","Rebound"],"picked":"Chill","floor":3},{"not_picked":["FTL","Gash"],"picked":"Conserve Battery","floor":5},{"not_picked":["Sweeping Beam","Stack"],"picked":"Core Surge","floor":7},{"not_picked":["Beam Cell","Capacitor"],"picked":"White Noise","floor":10},{"not_picked":["Conserve Battery","Cold Snap"],"picked":"Coolheaded","floor":11},{"not_picked":["Blizzard","Reinforced Body","Reboot"],"picked":"SKIP","floor":14},{"not_picked":["Rainbow","All For One"],"picked":"Seek","floor":16},{"not_picked":["Barrage","Coolheaded"],"picked":"White Noise+1","floor":18},{"not_picked":["Hologram","Darkness","Rebound"],"picked":"SKIP","floor":24}],"player_experience":715373,"relics_obtained":[{"floor":9,"key":"War Paint"},{"floor":14,"key":"Strawberry"}],"event_choices":[{"damage_healed":0,"gold_gain":0,"player_choice":"Entered Light","damage_taken":19,"max_hp_gain":0,"max_hp_loss":0,"event_name":"Shining Light","floor":2,"gold_loss":0,"cards_upgraded":["Zap","Defend_B"]},{"damage_healed":0,"gold_gain":75,"player_choice":"Gather Gold","damage_taken":11,"max_hp_gain":0,"max_hp_loss":0,"event_name":"World of Goop","floor":4,"gold_loss":0},{"damage_healed":0,"gold_gain":0,"player_choice":"Shed Blood","damage_taken":25,"max_hp_gain":5,"max_hp_loss":0,"event_name":"Forgotten Altar","floor":19,"gold_loss":0},{"damage_healed":0,"gold_gain":0,"player_choice":"Obtained Relic","damage_taken":0,"relics_obtained":["Omamori"],"max_hp_gain":0,"max_hp_loss":0,"event_name":"Addict","floor":20,"gold_loss":85}],"is_beta":false,"boss_relics":[{"not_picked":["Runic Pyramid","Calling Bell"],"picked":"Lizard Tail"}],"items_purged_floors":[12,21],"is_endless":false,"potions_floor_spawned":[1,3,11,14,24],"killed_by":"Slavers","ascension_level":15}