{"gold_per_floor":[115,125,125,125,21,41,65,65,90,90,111,23,23,23,23,23],"floor_reached":16,"playtime":405,"items_purged":[],"score":180,"play_id":"918e13cc-d628-4798-9a26-154204a7398c","local_time":"20190713181116","is_ascension_mode":true,"campfire_choices":[{"data":"Metallicize","floor":8,"key":"SMITH"},{"data":"Evolve","floor":13,"key":"SMITH"},{"data":"Armaments","floor":15,"key":"SMITH"}],"neow_cost":"TEN_PERCENT_HP_LOSS","seed_source_timestamp":433379098757608,"circlet_count":0,"master_deck":["AscendersBane","Strike_R","Strike_R","Defend_R","Defend_R","Defend_R","Bash","Wild Strike","Evolve+1","Rupture","Armaments+1","Metallicize+1","Power Through","Metallicize"],"relics":["Burning Blood","Golden Idol","Pen Nib","Orichalcum"],"potions_floor_usage":[6,11,11],"damage_taken":[{"damage":12,"enemies":"Cultist","floor":1,"turns":4},{"damage":7,"enemies":"2 Louse","floor":2,"turns":4},{"damage":7,"enemies":"Jaw Worm","floor":6,"turns":4},{"damage":4,"enemies":"3 Louse","floor":7,"turns":4},{"damage":30,"enemies":"Gremlin Gang","floor":11,"turns":6},{"damage":30,"enemies":"The Guardian","floor":16,"turns":2}],"seed_played":"-1248642516625328899","potions_obtained":[{"floor":1,"key":"Strength Potion"},{"floor":2,"key":"FearPotion"},{"floor":6,"key":"Block Potion"}],"is_trial":false,"path_per_floor":["M","M","?","?","$","M","M","R","T","?","M","$","R","?","R","B"],"character_chosen":"IRONCLAD","items_purchased":["Rupture","Armaments","Metallicize"],"campfire_rested":0,"item_purchase_floors":[5,5,12],"current_hp_per_floor":[62,61,54,54,54,53,55,55,55,55,31,31,31,20,20,0],"gold":23,"neow_bonus":"REMOVE_TWO","is_prod":false,"is_daily":false,"chose_seed":false,"campfire_upgraded":3,"win_rate":0,"timestamp":1563009076,"path_taken":["M","M","?","?","?","M","M","R","T","?","?","$","R","?","R","BOSS"],"build_version":"2019-07-05","purchased_purges":0,"victory":false,"max_hp_per_floor":[68,68,68,62,62,62,62,62,62,62,62,62,62,62,62,62],"card_choices":[{"not_picked":["Havoc","Combust"],"picked":"Wild Strike","floor":1},{"not_picked":["Body Slam","Armaments"],"picked":"Evolve","floor":2},{"not_picked":["Wild Strike","Uppercut"],"picked":"Metallicize","floor":6},{"not_picked":["Iron Wave","Twin Strike"],"picked":"Power Through","floor":7},{"not_picked":["Flame Barrier","Rampage","Pommel Strike"],"picked":"SKIP","floor":11}],"player_experience":978911,"relics_obtained":[{"floor":9,"key":"Pen Nib"}],"event_choices":[{"cards_removed":["Strike_R"],"damage_healed":0,"gold_gain":0,"player_choice":"Card Removal","damage_taken":7,"max_hp_gain":0,"max_hp_loss":0,"event_name":"Golden Wing","floor":3,"gold_loss":0},{"damage_healed":0,"gold_gain":0,"player_choice":"Lose Max HP","damage_taken":0,"relics_obtained":["Golden Idol"],"max_hp_gain":0,"max_hp_loss":6,"event_name":"Golden Idol","floor":4,"gold_loss":0},{"cards_removed":["Strike_R"],"damage_healed":0,"gold_gain":0,"player_choice":"Card Removal","damage_taken":0,"max_hp_gain":0,"max_hp_loss":0,"event_name":"Wheel of Change","floor":10,"gold_loss":0},{"damage_healed":0,"gold_gain":0,"player_choice":"Success","damage_taken":11,"relics_obtained":["Orichalcum"],"max_hp_gain":0,"max_hp_loss":0,"event_name":"Scrap Ooze","floor":14,"gold_loss":0}],"is_beta":false,"boss_relics":[],"items_purged_floors":[],"is_endless":false,"potions_floor_spawned":[1,2,6],"killed_by":"The Guardian","ascension_level":20}