{"path_per_floor":["M","M","?","M","M","R","M","R","T","M","R","E","?","$","R","B",null,"M","?","$","M","?","E","R","?","T","R","?","$","?","M","R","B",null,"M","?","$","M","?","E","R","E","T","?","R","T","E","$","R","B"],"character_chosen":"DEFECT","items_purchased":["Defragment","Matryoshka","Coolheaded","Turbo","Hologram+1"],"gold_per_floor":[112,124,124,138,156,156,176,176,227,243,243,270,345,35,35,140,140,155,80,5,22,122,150,150,150,175,175,90,40,40,59,59,164,164,182,182,29,47,47,73,73,108,108,108,108,108,135,89,89,89],"floor_reached":51,"campfire_rested":3,"playtime":2244,"item_purchase_floors":[14,14,29,37,48],"current_hp_per_floor":[74,73,66,62,56,56,55,55,55,55,55,47,36,36,36,17,75,61,61,61,52,52,29,51,51,51,51,51,51,51,53,53,47,75,73,73,73,75,75,47,47,48,48,48,72,72,42,42,67,8],"items_purged":["Defend_B","Strike_B"],"gold":89,"score":952,"play_id":"b29920a7-c1f9-4870-8d7b-89fcb3ff6b48","local_time":"20180606202906","is_prod":false,"is_daily":false,"chose_seed":false,"is_ascension_mode":true,"campfire_upgraded":7,"win_rate":0,"timestamp":1528309746,"campfire_choices":[{"data":"Zap","floor":6,"key":"SMITH"},{"data":"Dualcast","floor":8,"key":"SMITH"},{"data":"Barrage","floor":11,"key":"SMITH"},{"data":"Defragment","floor":15,"key":"SMITH"},{"floor":24,"key":"REST"},{"data":"Reboot","floor":27,"key":"SMITH"},{"data":"Coolheaded","floor":32,"key":"SMITH"},{"data":"Turbo","floor":41,"key":"SMITH"},{"floor":45,"key":"REST"},{"floor":49,"key":"REST"}],"path_taken":["M","M","?","M","M","R","M","R","T","M","R","E","?","$","R","BOSS","M","?","?","M","?","E","R","?","T","R","?","$","?","M","R","BOSS","M","?","$","M","?","E","R","E","T","?","R","?","E","$","R","BOSS"],"build_version":"2018-05-31","seed_source_timestamp":82733817405093,"purchased_purges":2,"victory":true,"master_deck":["Defend_B","Defend_B","Zap+1","Dualcast+1","Reboot+1","Glacier","Barrage+1","Melter","Conserve Battery","Defragment+1","Electrodynamics","Coolheaded+1","Rainbow","Turbo+1","Fusion+1","Hologram+1"],"max_hp_per_floor":[75,75,75,75,75,75,75,75,75,75,75,75,75,75,75,75,75,75,75,75,75,75,75,75,75,75,75,75,75,75,75,75,75,75,75,75,75,75,75,82,82,82,82,82,82,82,84,84,84,84],"relics":["Cracked Core","Juzu Bracelet","Toolbox","Matryoshka","Inserter","Art of War","Ancient Tea Set","Blood Vial","Darkstone Periapt","Sozu","Strawberry","Shuriken","Bottled Tornado","Gremlin Horn","Toxic Egg 2","Singing Bowl"],"card_choices":[{"not_picked":["Barrage","Coolheaded"],"picked":"Glacier","floor":1},{"not_picked":["Leap","Redo","Hologram"],"picked":"SKIP","floor":2},{"not_picked":["Go for the Eyes","Chaos"],"picked":"Barrage","floor":4},{"not_picked":["Stack","Gash","Auto Shields"],"picked":"SKIP","floor":5},{"not_picked":["Fusion","Redo"],"picked":"Melter","floor":7},{"not_picked":["Rebound","Ball Lightning"],"picked":"Conserve Battery","floor":10},{"not_picked":["Reinforced Body","Doom and Gloom","Steam"],"picked":"SKIP","floor":12},{"not_picked":["Meteor Strike","Creative AI"],"picked":"Electrodynamics","floor":16},{"not_picked":["Gash","Streamline+1","Stack"],"picked":"SKIP","floor":18},{"not_picked":["Turbo","Self Repair+1","Scrape"],"picked":"SKIP","floor":21},{"not_picked":["Cold Snap","Streamline","Gash"],"picked":"SKIP","floor":23},{"not_picked":["Go for the Eyes+1","BootSequence","All For One"],"picked":"SKIP","floor":31},{"not_picked":["Multi-Cast","Amplify"],"picked":"Rainbow","floor":33},{"not_picked":["Sweeping Beam","Streamline","Auto Shields+1"],"picked":"SKIP","floor":35},{"not_picked":["Hologram","Redo+1"],"picked":"Fusion+1","floor":38},{"not_picked":["Cold Snap","Rebound","Capacitor+1"],"picked":"SKIP","floor":40},{"not_picked":["Cold Snap","Rebound","Capacitor+1"],"picked":"SKIP","floor":40},{"not_picked":["Hyperbeam","Turbo+1","Rip and Tear"],"picked":"SKIP","floor":42},{"not_picked":["Blizzard+1","Doom and Gloom","Hello World"],"picked":"Singing Bowl","floor":47}],"player_experience":548764,"potions_floor_usage":[12,16,23,33,33],"damage_taken":[{"damage":1,"enemies":"Cultist","floor":1,"turns":4},{"damage":1,"enemies":"Small Slimes","floor":2,"turns":4},{"damage":4,"enemies":"Jaw Worm","floor":4,"turns":5},{"damage":6,"enemies":"Exordium Wildlife","floor":5,"turns":3},{"damage":1,"enemies":"Looter","floor":7,"turns":3},{"damage":0,"enemies":"Exordium Thugs","floor":10,"turns":3},{"damage":8,"enemies":"Lagavulin","floor":12,"turns":7},{"damage":19,"enemies":"Slime Boss","floor":16,"turns":12},{"damage":14,"enemies":"Shell Parasite","floor":18,"turns":5},{"damage":9,"enemies":"2 Thieves","floor":21,"turns":3},{"damage":23,"enemies":"Slavers","floor":23,"turns":4},{"damage":0,"enemies":"Cultist and Chosen","floor":31,"turns":4},{"damage":8,"enemies":"Champ","floor":33,"turns":10},{"damage":2,"enemies":"3 Darklings","floor":35,"turns":3},{"damage":0,"enemies":"Orb Walker","floor":38,"turns":3},{"damage":35,"enemies":"Nemesis","floor":40,"turns":11},{"damage":1,"enemies":"2 Orb Walkers","floor":42,"turns":2},{"damage":34,"enemies":"Nemesis","floor":47,"turns":7},{"damage":61,"enemies":"Donu and Deca","floor":50,"turns":13}],"relics_obtained":[{"floor":9,"key":"Juzu Bracelet"},{"floor":12,"key":"Toolbox"},{"floor":23,"key":"Art of War"},{"floor":26,"key":"Ancient Tea Set"},{"floor":26,"key":"Blood Vial"},{"floor":40,"key":"Strawberry"},{"floor":42,"key":"Shuriken"},{"floor":43,"key":"Bottled Tornado"},{"floor":43,"key":"Gremlin Horn"},{"floor":46,"key":"Toxic Egg 2"},{"floor":47,"key":"Singing Bowl"}],"event_choices":[{"event_name":"Golden Wing","player_choice":"Card Removal","floor":3,"damage_taken":0},{"event_name":"World of Goop","player_choice":"Gather Gold","floor":13,"damage_taken":0},{"event_name":"Beggar","player_choice":"Gave Gold","floor":19,"damage_taken":0},{"event_name":"Golden Shrine","player_choice":"Pray","floor":22,"damage_taken":0},{"event_name":"Cursed Tome","player_choice":"Ignored","floor":25,"damage_taken":0},{"event_name":"Addict","player_choice":"Obtained Relic","floor":28,"damage_taken":0},{"event_name":"Back to Basics","player_choice":"Elegance","floor":30,"damage_taken":0},{"event_name":"Tomb of Lord Red Mask","player_choice":"Ignored","floor":36,"damage_taken":0},{"event_name":"The Lab","player_choice":"Got Potions","floor":39,"damage_taken":0},{"event_name":"The Woman in Blue","player_choice":"Bought 0 Potions","floor":44,"damage_taken":0}],"boss_relics":[{"not_picked":["Orrery","Lizard Tail"],"picked":"Inserter"},{"not_picked":["Runic Dome","White Beast Statue"],"picked":"Sozu"}],"items_purged_floors":[20,37],"potions_floor_spawned":[2,5,10,23,31],"seed_played":"-8273417161948944533","ascension_level":3,"potions_obtained":[{"floor":2,"key":"Fire Potion"},{"floor":5,"key":"Swift Potion"},{"floor":10,"key":"SpeedPotion"},{"floor":23,"key":"Weak Potion"},{"floor":31,"key":"PowerPotion"}],"is_trial":false}