{"gold_per_floor":[113,113,123,136,156,156,156,169,169,169,189,189,203,231,231,303,303,303,21,21,21],"floor_reached":21,"playtime":661,"items_purged":[],"score":366,"play_id":"a6ac4cff-bd26-4950-9a68-447d8f077ecb","local_time":"20190301162828","is_ascension_mode":true,"campfire_choices":[{"data":"Zap","floor":6.0,"key":"SMITH"},{"data":"Redo","floor":10.0,"key":"SMITH"},{"floor":12.0,"key":"REST"},{"floor":15.0,"key":"REST"}],"neow_cost":"NONE","seed_source_timestamp":88983570364726,"circlet_count":0,"master_deck":["AscendersBane","Strike_B","Strike_B","Strike_B","Strike_B","Defend_B","Defend_B","Defend_B","Defend_B","Zap+1","Dualcast","Dramatic Entrance","Coolheaded","Redo+1","Machine Learning","Steam","Static Discharge","Thunder Strike","Glacier"],"special_seed":0,"relics":["Cracked Core","Mercury Hourglass","Bag of Marbles","Ectoplasm","Question Card"],"potions_floor_usage":[20],"damage_taken":[{"damage":2.0,"enemies":"Jaw Worm","floor":1.0,"turns":3.0},{"damage":5.0,"enemies":"Small Slimes","floor":3.0,"turns":2.0},{"damage":4.0,"enemies":"Cultist","floor":4.0,"turns":3.0},{"damage":8.0,"enemies":"Lots of Slimes","floor":5.0,"turns":3.0},{"damage":20.0,"enemies":"Exordium Thugs","floor":8.0,"turns":4.0},{"damage":6.0,"enemies":"2 Fungi Beasts","floor":11.0,"turns":3.0},{"damage":11.0,"enemies":"Large Slime","floor":13.0,"turns":4.0},{"damage":11.0,"enemies":"Lagavulin","floor":14.0,"turns":5.0},{"damage":20.0,"enemies":"Hexaghost","floor":16.0,"turns":9.0},{"damage":34.0,"enemies":"Shell Parasite","floor":18.0,"turns":5.0},{"damage":28,"enemies":"Chosen","floor":20,"turns":4},{"damage":11,"enemies":"Snake Plant","floor":21,"turns":1}],"seed_played":"-9101225261164858935","potions_obtained":[{"floor":5.0,"key":"AttackPotion"},{"floor":8.0,"key":"FocusPotion"},{"floor":14.0,"key":"SkillPotion"},{"floor":18.0,"key":"Regen Potion"}],"is_trial":false,"path_per_floor":["M","?","M","M","M","R","?","M","T","R","M","R","M","E","R","B",null,"M","$","M","M"],"character_chosen":"DEFECT","items_purchased":["Question Card"],"campfire_rested":2,"item_purchase_floors":[19],"current_hp_per_floor":[62,62,57,53,45,45,35,15,15,15,9,30,19,8,29,9,56,22,22,8,0],"gold":21,"neow_bonus":"RANDOM_COLORLESS","is_prod":false,"is_daily":false,"chose_seed":false,"campfire_upgraded":2,"win_rate":0,"timestamp":1551454108,"path_taken":["M","?","M","M","M","R","?","M","T","R","M","R","?","E","R","BOSS","M","$","M","?"],"build_version":"2019-01-23","purchased_purges":0,"victory":false,"max_hp_per_floor":[71,71,71,71,71,71,71,71,71,71,71,71,71,71,71,71,71,71,71,71,71],"card_choices":[{"not_picked":["Steam","Consume"],"picked":"Coolheaded","floor":1.0},{"not_picked":["Stack","Streamline","Auto Shields"],"picked":"SKIP","floor":3.0},{"not_picked":["Cold Snap","Turbo"],"picked":"Redo","floor":4.0},{"not_picked":["Compile Driver","Leap"],"picked":"Machine Learning","floor":5.0},{"not_picked":["Gash","Turbo"],"picked":"Steam","floor":8.0},{"not_picked":["Redo","Beam Cell","Hologram"],"picked":"SKIP","floor":11.0},{"not_picked":["Multi-Cast","Hologram","Chaos"],"picked":"SKIP","floor":13.0},{"not_picked":["Melter","Cold Snap"],"picked":"Static Discharge","floor":14.0},{"not_picked":["All For One","Amplify"],"picked":"Thunder Strike","floor":16.0},{"not_picked":["Reinforced Body","FTL","Beam Cell"],"picked":"SKIP","floor":18.0},{"not_picked":["Chill","Rebound","Sweeping Beam"],"picked":"Glacier","floor":20}],"player_experience":922677,"relics_obtained":[{"floor":9.0,"key":"Mercury Hourglass"},{"floor":14.0,"key":"Bag of Marbles"}],"event_choices":[{"damage_healed":0.0,"max_hp_gain":0.0,"max_hp_loss":0.0,"gold_gain":0.0,"event_name":"Shining Light","player_choice":"Ignored","floor":2.0,"gold_loss":0.0,"damage_taken":0.0},{"damage_healed":0.0,"max_hp_gain":0.0,"max_hp_loss":0.0,"gold_gain":0.0,"event_name":"Wheel of Change","player_choice":"Damaged","floor":7.0,"gold_loss":0.0,"damage_taken":10.0}],"is_beta":false,"boss_relics":[{"not_picked":["White Beast Statue","Cursed Key"],"picked":"Ectoplasm"}],"items_purged_floors":[],"is_endless":false,"potions_floor_spawned":[5,8,14,18],"killed_by":"Snake Plant","ascension_level":20}