{"path_per_floor":["M","M","?","M","M","R","E","T","T","M","M","R","M","M","R","B",null,"M","?","$","?","M","R","M","R","T","?","$","M","M","?","R","B",null,"M","?","M","$","M","E","R","M","T","R","M","R","$"],"character_chosen":"THE_SILENT","items_purchased":["Frozen Egg 2","Footwork","Noxious Fumes","Footwork"],"gold_per_floor":[19,31,31,44,62,62,96,96,396,366,381,381,400,415,415,514,514,514,514,144,144,144,144,144,144,144,144,75,75,75,75,75,75,75,75,75,75,2,2,2,2,2,2,2,2,2,2,2],"floor_reached":48,"campfire_rested":4,"playtime":3003,"current_hp_per_floor":[63,63,63,63,60,60,11,11,11,10,2,23,23,11,32,18,57,55,55,55,55,49,49,27,48,48,48,48,40,39,39,60,52,66,62,62,48,48,40,40,40,34,34,34,24,24,24,0],"items_purged":["Strike_G"],"gold":2,"score":782,"play_id":"dba0686d-6c4d-43ba-a4e8-2a7b0271264e","local_time":"20180324175541","is_prod":false,"is_daily":false,"is_ascension_mode":true,"campfire_upgraded":5,"timestamp":1521910541,"path_taken":["M","M","?","?","M","R","E","?","T","M","M","R","M","M","R","BOSS","M","?","$","?","M","R","M","R","T","?","$","M","?","?","R","BOSS","M","?","M","$","?","E","R","M","T","R","M","R","?","?"],"build_version":"2018-03-22v2","purchased_purges":1,"victory":false,"master_deck":["Defend_G","Defend_G","Defend_G","Strike_G","Survivor","Neutralize","AscendersBane","Endless Agony","Dagger Spray","Prepared+1","Noxious Fumes+1","Heel Hook","Leg Sweep","Well Laid Plans+1","Bane","Bane+1","Footwork+1","Backflip+1","Noxious Fumes+1","After Image+1","Footwork+1","Backflip+1"],"max_hp_per_floor":[70,70,70,70,70,70,70,70,70,70,70,70,70,70,70,70,70,70,70,70,70,70,70,70,70,70,70,70,70,70,70,70,70,70,70,70,70,70,70,70,70,70,70,70,70,70,70,70],"relics":["Ring of the Snake","Pen Nib","Ice Cream","Old Coin","Ectoplasm","Frozen Egg 2","Centennial Puzzle","Question Card","Dream Catcher","Art of War"],"card_choices":[{"not_picked":["Dodge and Roll","Deflect"],"picked":"Prepared","floor":2.0},{"not_picked":["Quick Slash","Tactician"],"picked":"Noxious Fumes","floor":5.0},{"not_picked":["Riddle With Holes","Predator"],"picked":"Heel Hook","floor":7.0},{"not_picked":["Distraction","All Out Attack"],"picked":"Leg Sweep","floor":10.0},{"not_picked":["Slice","Quick Slash"],"picked":"Well Laid Plans","floor":13.0},{"not_picked":["Setup","Distraction"],"picked":"Bane","floor":14.0},{"not_picked":["Cloak And Dagger","Deadly Poison"],"picked":"Bane","floor":18.0},{"not_picked":["Caltrops","Underhanded Strike"],"picked":"Backflip","floor":24.0},{"not_picked":["Sucker Punch","Bane"],"picked":"Reflex","floor":29.0},{"not_picked":["Tactician","Adrenaline"],"picked":"After Image","floor":33.0},{"not_picked":["Reflex","PiercingWail","Quick Slash"],"picked":"Backflip","floor":39}],"player_experience":445712,"potions_floor_usage":[],"damage_taken":[{"damage":0.0,"enemies":"2 Louse","floor":1.0,"turns":3.0},{"damage":0.0,"enemies":"Small Slimes","floor":2.0,"turns":3.0},{"damage":0.0,"enemies":"Cultist","floor":4.0,"turns":4.0},{"damage":3.0,"enemies":"Exordium Wildlife","floor":5.0,"turns":5.0},{"damage":49.0,"enemies":"Gremlin Nob","floor":7.0,"turns":6.0},{"damage":1.0,"enemies":"Looter","floor":10.0,"turns":4.0},{"damage":8.0,"enemies":"Large Slime","floor":11.0,"turns":6.0},{"damage":0.0,"enemies":"Blue Slaver","floor":13.0,"turns":5.0},{"damage":12.0,"enemies":"Looter","floor":14.0,"turns":3.0},{"damage":14.0,"enemies":"Hexaghost","floor":16.0,"turns":11.0},{"damage":2.0,"enemies":"Shell Parasite","floor":18.0,"turns":6.0},{"damage":6.0,"enemies":"3 Byrds","floor":22.0,"turns":4.0},{"damage":22.0,"enemies":"Centurion and Healer","floor":24.0,"turns":7.0},{"damage":8.0,"enemies":"Snecko","floor":29.0,"turns":5.0},{"damage":1.0,"enemies":"Snake Plant","floor":30.0,"turns":5.0},{"damage":8.0,"enemies":"Automaton","floor":33.0,"turns":10.0},{"damage":4.0,"enemies":"Orb Walker","floor":35.0,"turns":4.0},{"damage":14,"enemies":"3 Shapes","floor":37,"turns":5},{"damage":8,"enemies":"Sphere and 2 Shapes","floor":39,"turns":6},{"damage":0,"enemies":"Nemesis","floor":40,"turns":9},{"damage":6,"enemies":"Maw","floor":42,"turns":8},{"damage":10,"enemies":"3 Darklings","floor":45,"turns":5},{"damage":24,"enemies":"4 Shapes","floor":48,"turns":2}],"event_choices":[{"event_name":"Liars Game","player_choice":"disagreed","floor":3.0,"damage_taken":0.0},{"event_name":"Back to Basics","player_choice":"Elegance","floor":19.0,"damage_taken":0.0},{"event_name":"Vampires","player_choice":"Ignored","floor":21.0,"damage_taken":0.0},{"event_name":"Purifier","player_choice":"One Purge","floor":27.0,"damage_taken":0.0},{"event_name":"Bonfire Elementals","player_choice":"BASIC","floor":31.0,"damage_taken":0.0}],"boss_relics":[],"potions_floor_spawned":[4,7,14,16,22,24,33,39,40,42],"seed_played":"3346463513683127218","killed_by":"4 Shapes","ascension_level":12,"is_trial":false}