{"gold_per_floor":[16,27,39,39,50,83,258,273,325,325],"floor_reached":10,"playtime":303,"items_purged":[],"score":77,"play_id":"f667f312-e479-4047-b33f-76bb2f3bbb7a","local_time":"20190716182358","is_ascension_mode":true,"campfire_choices":[],"neow_cost":"NO_GOLD","seed_source_timestamp":432166022075502,"circlet_count":0,"master_deck":["Strike_B","Strike_B","Strike_B","Defend_B","Defend_B","Defend_B","Defend_B","Zap","Dualcast","Dramatic Entrance","Panacea","Gash","Turbo","Ball Lightning","Gash","Doubt"],"relics":["Cracked Core","Ornamental Fan"],"potions_floor_usage":[2,8,10],"damage_taken":[{"damage":7,"enemies":"Jaw Worm","floor":1,"turns":3},{"damage":0,"enemies":"Small Slimes","floor":2,"turns":1},{"damage":1,"enemies":"Cultist","floor":3,"turns":3},{"damage":14,"enemies":"Blue Slaver","floor":5,"turns":4},{"damage":39,"enemies":"Lagavulin","floor":6,"turns":7},{"damage":0,"enemies":"Large Slime","floor":8,"turns":4},{"damage":18,"enemies":"Gremlin Nob","floor":10,"turns":3}],"seed_played":"2821558733892846629","potions_obtained":[{"floor":1,"key":"Fire Potion"},{"floor":6,"key":"AttackPotion"},{"floor":8,"key":"EssenceOfSteel"}],"is_trial":false,"path_per_floor":["M","M","M","?","M","E","?","M","T","E"],"character_chosen":"DEFECT","items_purchased":[],"campfire_rested":0,"item_purchase_floors":[],"current_hp_per_floor":[68,68,67,60,46,7,7,7,7,0],"gold":325,"neow_bonus":"RANDOM_COLORLESS_2","is_prod":false,"is_daily":false,"chose_seed":false,"campfire_upgraded":0,"win_rate":0,"timestamp":1563315838,"path_taken":["M","M","M","?","M","E","?","M","T","E"],"build_version":"2019-07-05","purchased_purges":0,"victory":false,"max_hp_per_floor":[75,75,75,75,75,75,75,75,75,75],"card_choices":[{"not_picked":["Streamline","White Noise"],"picked":"Gash","floor":1},{"not_picked":["Steam","Barrage"],"picked":"Turbo","floor":2},{"not_picked":["Conserve Battery","Compile Driver","White Noise"],"picked":"SKIP","floor":3},{"not_picked":["Go for the Eyes","Self Repair"],"picked":"Ball Lightning","floor":5},{"not_picked":["FTL","Chaos"],"picked":"Gash","floor":6},{"not_picked":["Stack","Streamline","Compile Driver"],"picked":"SKIP","floor":8}],"player_experience":167011,"relics_obtained":[{"floor":6,"key":"Ornamental Fan"}],"event_choices":[{"cards_removed":["Strike_B"],"damage_healed":0,"gold_gain":0,"player_choice":"Card Removal","damage_taken":7,"max_hp_gain":0,"max_hp_loss":0,"event_name":"Golden Wing","floor":4,"gold_loss":0},{"damage_healed":0,"gold_gain":175,"player_choice":"AGREE","damage_taken":0,"max_hp_gain":0,"max_hp_loss":0,"event_name":"Liars Game","floor":7,"gold_loss":0,"cards_obtained":["Doubt"]}],"is_beta":false,"boss_relics":[],"items_purged_floors":[],"is_endless":false,"potions_floor_spawned":[1,6,8],"killed_by":"Gremlin Nob","ascension_level":2}