{"gold_per_floor":[117,67,67,142,156,183,193,204,204,216,234,234,234,262,262,365,365,381,139,139,16,28,55,55,65,145,145,145,180,180,10,10,113,113,130,148,148,148,165,165,182,182,182,97,108,120,120,155,155,155],"floor_reached":50,"playtime":1973,"items_purged":["Defend_B"],"score":650,"play_id":"aaeb7f58-f41e-491f-83fa-d7e50a8c6ac3","local_time":"20190716223832","is_ascension_mode":true,"campfire_choices":[{"data":"Beam Cell","floor":12,"key":"SMITH"},{"floor":15,"key":"REST"},{"floor":24,"key":"REST"},{"data":"Creative AI","floor":27,"key":"SMITH"},{"floor":32,"key":"RECALL"},{"data":"Go for the Eyes","floor":40,"key":"SMITH"},{"data":"Beam Cell","floor":42,"key":"SMITH"},{"floor":47,"key":"REST"},{"floor":49,"key":"REST"}],"neow_cost":"CURSE","seed_source_timestamp":445768208268092,"circlet_count":0,"master_deck":["Strike_B+1","Strike_B+1","Strike_B+1","Defend_B+1","Defend_B+1","Defend_B+1","Zap","Dualcast","Hyperbeam+1","Gash","Go for the Eyes+1","Leap","Beam Cell+1","Leap","Melter","Gash","Biased Cognition","All For One","Leap","Master of Strategy+1","Beam Cell+1","Swift Strike","Creative AI+1","Self Repair","BootSequence","Double Energy+1","Gash","All For One","Gash+1","Trip","Scrape+1"],"relics":["FrozenCore","Dream Catcher","Pantograph","Cables","Nloth\u0027s Gift","Pear","Question Card","Singing Bowl","Vajra","Busted Crown","Shuriken"],"potions_floor_usage":[16,23,29,33,39,46,50],"damage_taken":[{"damage":0,"enemies":"Small Slimes","floor":1,"turns":2},{"damage":6,"enemies":"Jaw Worm","floor":5,"turns":3},{"damage":48,"enemies":"Lagavulin","floor":6,"turns":6},{"damage":0,"enemies":"Cultist","floor":7,"turns":2},{"damage":0,"enemies":"Blue Slaver","floor":8,"turns":1},{"damage":2,"enemies":"Exordium Thugs","floor":10,"turns":3},{"damage":0,"enemies":"Red Slaver","floor":11,"turns":1},{"damage":0,"enemies":"3 Sentries","floor":14,"turns":3},{"damage":38,"enemies":"Hexaghost","floor":16,"turns":9},{"damage":0,"enemies":"Spheric Guardian","floor":18,"turns":3},{"damage":0,"enemies":"Shell Parasite","floor":22,"turns":6},{"damage":20,"enemies":"Slavers","floor":23,"turns":3},{"damage":12,"enemies":"3 Cultists","floor":25,"turns":5},{"damage":9,"enemies":"Gremlin Leader","floor":29,"turns":8},{"damage":56,"enemies":"Collector","floor":33,"turns":10},{"damage":0,"enemies":"3 Shapes","floor":35,"turns":4},{"damage":0,"enemies":"Orb Walker","floor":36,"turns":2},{"damage":12,"enemies":"Spire Growth","floor":39,"turns":4},{"damage":54,"enemies":"4 Shapes","floor":41,"turns":5},{"damage":0,"enemies":"Jaw Worm Horde","floor":45,"turns":2},{"damage":28,"enemies":"Writhing Mass","floor":46,"turns":3},{"damage":21,"enemies":"Reptomancer","floor":48,"turns":3},{"damage":102,"enemies":"Donu and Deca","floor":50,"turns":6}],"seed_played":"280593642830402025","potions_obtained":[{"floor":1,"key":"FairyPotion"},{"floor":8,"key":"Regen Potion"},{"floor":10,"key":"FocusPotion"},{"floor":11,"key":"Regen Potion"},{"floor":16,"key":"FearPotion"},{"floor":25,"key":"PowerPotion"},{"floor":35,"key":"LiquidBronze"},{"floor":45,"key":"AttackPotion"},{"floor":48,"key":"Swift Potion"}],"is_trial":false,"path_per_floor":["M","?","?","?","M","E","M","M","T","M","M","R","?","E","R","B",null,"M","$","?","$","M","E","R","M","T","R","?","E","?","$","R","B",null,"M","M","?","?","M","R","M","R","T","$","M","M","R","E","R","B"],"character_chosen":"DEFECT","items_purchased":["Master of Strategy","Beam Cell","Swift Strike","Gash","Vajra","Trip"],"campfire_rested":4,"item_purchase_floors":[19,21,21,31,31,44],"current_hp_per_floor":[75,75,75,68,62,14,14,14,14,12,12,12,12,12,34,36,75,75,75,75,75,75,65,85,80,80,80,80,85,85,85,85,36,85,87,89,91,91,79,79,34,34,34,34,36,10,39,20,51,0],"gold":155,"neow_bonus":"THREE_RARE_CARDS","is_prod":false,"is_daily":false,"chose_seed":false,"campfire_upgraded":4,"win_rate":0,"timestamp":1563331112,"path_taken":["M","?","?","?","M","E","M","M","T","?","M","R","?","E","R","BOSS","M","$","?","$","M","E","R","?","T","R","?","E","?","?","R","BOSS","M","M","?","?","?","R","?","R","T","$","M","M","R","E","R","BOSS"],"build_version":"2019-07-05","purchased_purges":1,"victory":false,"max_hp_per_floor":[75,75,75,75,75,75,75,75,75,75,75,75,75,75,75,75,75,75,75,75,75,75,85,85,85,85,85,85,85,85,85,85,85,85,87,89,91,91,91,91,93,93,93,93,95,97,97,99,101,101],"card_choices":[{"not_picked":["Creative AI","Amplify"],"picked":"Hyperbeam","floor":0},{"not_picked":["Turbo","Undo"],"picked":"Gash","floor":1},{"not_picked":["Lockon","Conserve Battery"],"picked":"Go for the Eyes","floor":5},{"not_picked":["Reprogram","Hologram"],"picked":"Leap","floor":6},{"not_picked":["Stack","Chaos"],"picked":"Beam Cell","floor":7},{"not_picked":["Aggregate","Stack"],"picked":"Leap","floor":8},{"not_picked":["Streamline","Reinforced Body"],"picked":"Melter","floor":10},{"not_picked":["Static Discharge","Barrage"],"picked":"Gash","floor":11},{"not_picked":["Ball Lightning","Hologram"],"picked":"Biased Cognition","floor":14},{"not_picked":["Seek","Amplify"],"picked":"All For One","floor":16},{"not_picked":["Coolheaded","Double Energy"],"picked":"Leap","floor":18},{"not_picked":["Barrage","Compile Driver","Turbo"],"picked":"SKIP","floor":22},{"not_picked":["Compile Driver","Stack"],"picked":"Creative AI","floor":23},{"not_picked":["Coolheaded+1","Steam"],"picked":"Self Repair","floor":24},{"not_picked":["Conserve Battery","Steam"],"picked":"BootSequence","floor":25},{"not_picked":["Reinforced Body+1","Darkness","Amplify"],"picked":"Double Energy+1","floor":29},{"not_picked":["Fission","Multi-Cast","Echo Form"],"picked":"All For One","floor":33},{"not_picked":["Hologram","Skim"],"picked":"Singing Bowl","floor":35},{"not_picked":["Rebound+1","Reinforced Body+1"],"picked":"Singing Bowl","floor":36},{"not_picked":["Discovery","Madness"],"picked":"Singing Bowl","floor":37},{"not_picked":["Ball Lightning+1"],"picked":"Gash+1","floor":39},{"not_picked":["Reinforced Body","Turbo"],"picked":"Singing Bowl","floor":41},{"not_picked":["Sweeping Beam+1","Steam"],"picked":"Singing Bowl","floor":45},{"not_picked":["Rebound+1","Reinforced Body+1"],"picked":"Singing Bowl","floor":46},{"not_picked":["Static Discharge+1"],"picked":"Scrape+1","floor":47},{"not_picked":["Storm+1","Hologram+1"],"picked":"Singing Bowl","floor":48},{"not_picked":["Force Field","Turbo+1"],"picked":"Singing Bowl","floor":49}],"player_experience":180058,"relics_obtained":[{"floor":6,"key":"Dream Catcher"},{"floor":9,"key":"Pantograph"},{"floor":14,"key":"Cables"},{"floor":23,"key":"Pear"},{"floor":26,"key":"Question Card"},{"floor":29,"key":"Singing Bowl"},{"floor":48,"key":"Shuriken"}],"event_choices":[{"cards_removed":["Strike_B"],"damage_healed":0,"gold_gain":0,"player_choice":"Card Removal","damage_taken":0,"max_hp_gain":0,"max_hp_loss":0,"event_name":"The Cleric","floor":2,"gold_loss":50},{"damage_healed":0,"gold_gain":0,"player_choice":"Grow","damage_taken":0,"max_hp_gain":0,"max_hp_loss":0,"event_name":"Living Wall","floor":3,"gold_loss":0,"cards_upgraded":["Hyperbeam"]},{"damage_healed":0,"gold_gain":75,"player_choice":"Touch","damage_taken":7,"max_hp_gain":0,"max_hp_loss":0,"event_name":"FaceTrader","floor":4,"gold_loss":0},{"cards_removed":["Decay"],"damage_healed":0,"gold_gain":0,"player_choice":"Offered Curse","damage_taken":0,"relics_obtained":["Spirit Poop"],"max_hp_gain":0,"max_hp_loss":0,"event_name":"Bonfire Elementals","floor":13,"gold_loss":0},{"damage_healed":0,"gold_gain":0,"player_choice":"Traded Relic","damage_taken":0,"relics_obtained":["Nloth\u0027s Gift"],"max_hp_gain":0,"max_hp_loss":0,"event_name":"N\u0027loth","floor":20,"relics_lost":["Spirit Poop"],"gold_loss":0},{"damage_healed":0,"gold_gain":0,"player_choice":"Ignored","damage_taken":0,"max_hp_gain":0,"max_hp_loss":0,"event_name":"Vampires","floor":28,"gold_loss":0},{"damage_healed":0,"gold_gain":0,"player_choice":"Simplicity","damage_taken":0,"max_hp_gain":0,"max_hp_loss":0,"event_name":"Back to Basics","floor":30,"gold_loss":0,"cards_upgraded":["Strike_B","Strike_B","Strike_B","Defend_B","Defend_B","Defend_B"]},{"damage_healed":0,"gold_gain":0,"player_choice":"Memory 1","damage_taken":0,"max_hp_gain":0,"max_hp_loss":0,"event_name":"SensoryStone","floor":37,"gold_loss":0},{"damage_healed":0,"gold_gain":0,"player_choice":"Forge","damage_taken":0,"max_hp_gain":0,"max_hp_loss":0,"event_name":"Accursed Blacksmith","floor":38,"gold_loss":0,"cards_upgraded":["Master of Strategy"]}],"is_beta":false,"boss_relics":[{"not_picked":["Orrery","Nuclear Battery"],"picked":"FrozenCore"},{"not_picked":["Runic Dome","Calling Bell"],"picked":"Busted Crown"}],"items_purged_floors":[19],"is_endless":false,"potions_floor_spawned":[1,8,10,11,14,16,22,25,35,45,48],"killed_by":"Donu and Deca","ascension_level":2}