{"gold_per_floor":[116,131,144,159,112,112,174,174,174,194,212,212,182,197,197,272,272,289,289,309,321,371,404,404,404,404,20,20,53,65,79,79,152,152,170,270,270,27,27,53,73,6,87,117,133,149,149,498,498,498],"floor_reached":51,"playtime":4050,"items_purged":[],"score":1277,"play_id":"2cb16359-5688-4747-a8a6-f164a204919d","local_time":"20190731224151","is_ascension_mode":true,"campfire_choices":[{"data":"Consume","floor":6.0,"key":"SMITH"},{"data":"Genetic Algorithm","floor":12.0,"key":"SMITH"},{"data":"Melter","floor":15.0,"key":"SMITH"},{"floor":24.0,"key":"REST"},{"floor":32.0,"key":"REST"},{"data":"Apotheosis","floor":47.0,"key":"SMITH"},{"floor":49,"key":"REST"}],"neow_cost":"NONE","seed_source_timestamp":555739348847400,"circlet_count":0,"master_deck":["AscendersBane","Strike_B+1","Strike_B+1","Strike_B+1","Strike_B+1","Defend_B+1","Defend_B+1","Defend_B+1","Defend_B+1","Zap","Dualcast","Melter+1","Cold Snap","Genetic Algorithm+1","Consume+1","Seek","Go for the Eyes","Reinforced Body+1","Tempest","Biased Cognition","Conserve Battery","Coolheaded+1","Leap","Apotheosis+1","Genetic Algorithm+1","Leap","Self Repair","Redo+1","Echo Form","PanicButton","Rip and Tear","Blizzard+1","Capacitor","Force Field","Parasite","Chill+1","Stack+1","Darkness"],"special_seed":0,"relics":["Cracked Core","Mercury Hourglass","Nuclear Battery","Bottled Lightning","Mummified Hand","Lee\u0027s Waffle","Thread and Needle","White Beast Statue","Prayer Wheel","Dodecahedron","Pear","Blue Candle","War Paint","Old Coin"],"potions_floor_usage":[50,50],"damage_taken":[{"damage":2.0,"enemies":"Jaw Worm","floor":1.0,"turns":3.0},{"damage":0.0,"enemies":"2 Louse","floor":2.0,"turns":2.0},{"damage":10.0,"enemies":"Small Slimes","floor":3.0,"turns":3.0},{"damage":3.0,"enemies":"Gremlin Gang","floor":4.0,"turns":2.0},{"damage":0.0,"enemies":"Large Slime","floor":10.0,"turns":4.0},{"damage":15.0,"enemies":"3 Louse","floor":11.0,"turns":3.0},{"damage":6.0,"enemies":"Blue Slaver","floor":14.0,"turns":3.0},{"damage":24.0,"enemies":"The Guardian","floor":16.0,"turns":11.0},{"damage":1.0,"enemies":"Chosen","floor":18.0,"turns":3.0},{"damage":13.0,"enemies":"2 Thieves","floor":20.0,"turns":4.0},{"damage":9.0,"enemies":"Snecko","floor":21.0,"turns":4.0},{"damage":28.0,"enemies":"Book of Stabbing","floor":23.0,"turns":5.0},{"damage":47.0,"enemies":"Gremlin Leader","floor":29.0,"turns":10.0},{"damage":3.0,"enemies":"Snake Plant","floor":30.0,"turns":5.0},{"damage":17.0,"enemies":"Chosen and Byrds","floor":31.0,"turns":8.0},{"damage":20.0,"enemies":"Automaton","floor":33.0,"turns":16.0},{"damage":12.0,"enemies":"3 Shapes","floor":35.0,"turns":5.0},{"damage":0.0,"enemies":"Mind Bloom Boss Battle","floor":36.0,"turns":7.0},{"damage":21.0,"enemies":"Reptomancer","floor":40.0,"turns":12.0},{"damage":7.0,"enemies":"Orb Walker","floor":41.0,"turns":5.0},{"damage":31.0,"enemies":"Nemesis","floor":44.0,"turns":9.0},{"damage":0.0,"enemies":"Writhing Mass","floor":45.0,"turns":8.0},{"damage":11.0,"enemies":"Spire Growth","floor":46.0,"turns":7.0},{"damage":38,"enemies":"2 Orb Walkers","floor":48,"turns":7},{"damage":61,"enemies":"Awakened One","floor":50,"turns":26}],"seed_played":"-1585317984997681693","potions_obtained":[{"floor":2.0,"key":"Explosive Potion"},{"floor":13.0,"key":"LiquidBronze"},{"floor":13.0,"key":"Dexterity Potion"},{"floor":23.0,"key":"FearPotion"},{"floor":29.0,"key":"FocusPotion"},{"floor":31.0,"key":"Dexterity Potion"},{"floor":33.0,"key":"GamblersBrew"},{"floor":35.0,"key":"Weak Potion"},{"floor":40.0,"key":"Swift Potion"},{"floor":41.0,"key":"Strength Potion"},{"floor":44.0,"key":"GamblersBrew"}],"is_trial":false,"path_per_floor":["M","M","M","M","?","R","?","?","T","M","M","R","?","M","R","B",null,"M","?","M","M","?","E","R","?","T","$","?","E","M","M","R","B",null,"M","?","?","$","?","E","M","$","T","E","M","M","R","?","R","B",null],"character_chosen":"DEFECT","items_purchased":["Apotheosis","Lee\u0027s Waffle","Dodecahedron","Capacitor"],"campfire_rested":3,"item_purchase_floors":[27,27,38,42],"current_hp_per_floor":[62,62,52,49,49,49,49,49,49,49,34,34,34,28,28,4,54,53,53,40,31,31,3,24,24,24,78,78,31,28,18,41,28,66,64,78,78,78,74,73,76,76,76,65,75,84,84,46,71,20],"gold":498,"neow_bonus":"THREE_CARDS","is_prod":false,"is_daily":false,"chose_seed":false,"campfire_upgraded":4,"win_rate":0,"timestamp":1564605711,"path_taken":["M","M","M","M","?","R","?","?","T","M","?","R","?","?","R","BOSS","M","?","M","M","?","E","R","?","T","?","?","E","?","M","R","BOSS","M","?","?","$","?","E","?","?","T","E","M","M","R","?","R","BOSS"],"build_version":"2019-07-17","purchased_purges":0,"victory":true,"max_hp_per_floor":[71,71,71,71,71,71,71,71,71,71,71,71,71,71,71,71,71,71,71,71,71,71,71,71,71,71,78,78,78,78,78,78,78,78,78,78,78,78,74,84,84,84,84,84,84,84,84,84,84,84],"card_choices":[{"not_picked":["Conserve Battery","Ball Lightning"],"picked":"Melter","floor":0.0},{"not_picked":["Rebound","Redo"],"picked":"Cold Snap","floor":1.0},{"not_picked":["Go for the Eyes","Rebound"],"picked":"Genetic Algorithm","floor":2.0},{"not_picked":["Ball Lightning","Stack"],"picked":"Consume","floor":3.0},{"not_picked":["Hello World","Cold Snap"],"picked":"Seek","floor":4.0},{"not_picked":["Turbo","Compile Driver"],"picked":"Go for the Eyes","floor":10.0},{"not_picked":["Cold Snap","Go for the Eyes"],"picked":"Reinforced Body","floor":11.0},{"not_picked":["Go for the Eyes","Barrage"],"picked":"Tempest","floor":14.0},{"not_picked":["Multi-Cast","Reboot"],"picked":"Biased Cognition","floor":16.0},{"not_picked":["Gash","Auto Shields"],"picked":"Conserve Battery","floor":18.0},{"not_picked":["Go for the Eyes","Turbo"],"picked":"Coolheaded","floor":20.0},{"not_picked":["Beam Cell","Streamline"],"picked":"Leap","floor":21.0},{"not_picked":["Cold Snap","Coolheaded","Rebound"],"picked":"SKIP","floor":23.0},{"not_picked":["Barrage","Gash+1"],"picked":"Leap","floor":29.0},{"not_picked":["Barrage","Compile Driver"],"picked":"Self Repair","floor":30.0},{"not_picked":["Conserve Battery","Ball Lightning"],"picked":"Redo+1","floor":31.0},{"not_picked":["Creative AI","Hyperbeam"],"picked":"Echo Form","floor":33.0},{"not_picked":["Barrage","Beam Cell+1","Rebound"],"picked":"SKIP","floor":35.0},{"not_picked":["Dark Shackles","Blind"],"picked":"PanicButton","floor":37.0},{"not_picked":["Reinforced Body","Gash"],"picked":"Rip and Tear","floor":40.0},{"not_picked":["Beam Cell","White Noise"],"picked":"Blizzard+1","floor":41.0},{"not_picked":["Skim+1","Compile Driver+1","Rebound+1"],"picked":"SKIP","floor":41.0},{"not_picked":["Rebound+1","Buffer"],"picked":"Force Field","floor":44.0},{"not_picked":["Barrage+1","Conserve Battery"],"picked":"Chill+1","floor":45.0},{"not_picked":["Double Energy","Sweeping Beam+1","Streamline"],"picked":"SKIP","floor":45.0},{"not_picked":["Turbo","Blizzard"],"picked":"Stack+1","floor":46.0},{"not_picked":["Rebound","Force Field"],"picked":"Darkness","floor":46.0}],"player_experience":920012,"relics_obtained":[{"floor":9.0,"key":"Mercury Hourglass"},{"floor":23.0,"key":"Bottled Lightning"},{"floor":26.0,"key":"Mummified Hand"},{"floor":29.0,"key":"Thread and Needle"},{"floor":36.0,"key":"Prayer Wheel"},{"floor":40.0,"key":"Pear"},{"floor":43.0,"key":"Blue Candle"},{"floor":44.0,"key":"War Paint"},{"floor":48,"key":"Old Coin"}],"event_choices":[{"damage_healed":0.0,"max_hp_gain":0.0,"max_hp_loss":0.0,"gold_gain":0.0,"event_name":"World of Goop","player_choice":"Left Gold","floor":5.0,"gold_loss":47.0,"damage_taken":0.0},{"damage_healed":0.0,"max_hp_gain":0.0,"max_hp_loss":0.0,"gold_gain":62.0,"event_name":"Golden Wing","player_choice":"Gained Gold","floor":7.0,"gold_loss":0.0,"damage_taken":0.0},{"damage_healed":0.0,"max_hp_gain":0.0,"max_hp_loss":0.0,"gold_gain":0.0,"event_name":"Liars Game","player_choice":"Ignored","floor":8.0,"gold_loss":0.0,"damage_taken":0.0},{"damage_healed":0.0,"max_hp_gain":0.0,"max_hp_loss":0.0,"gold_gain":0.0,"event_name":"The Woman in Blue","player_choice":"Bought 2 Potions","floor":13.0,"gold_loss":0.0,"damage_taken":0.0},{"damage_healed":0.0,"max_hp_gain":0.0,"max_hp_loss":0.0,"gold_gain":0.0,"event_name":"Ghosts","player_choice":"Ignored","floor":19.0,"gold_loss":0.0,"damage_taken":0.0},{"damage_healed":0.0,"max_hp_gain":0.0,"max_hp_loss":0.0,"gold_gain":50.0,"event_name":"Nest","player_choice":"Stole From Cult","floor":22.0,"gold_loss":0.0,"damage_taken":0.0},{"damage_healed":0.0,"max_hp_gain":0.0,"max_hp_loss":0.0,"gold_gain":0.0,"event_name":"Back to Basics","player_choice":"Simplicity","floor":25.0,"gold_loss":0.0,"damage_taken":0.0,"cards_upgraded":["Strike_B","Strike_B","Strike_B","Strike_B","Defend_B","Defend_B","Defend_B","Defend_B"]},{"damage_healed":0.0,"max_hp_gain":0.0,"max_hp_loss":0.0,"gold_gain":0.0,"event_name":"Duplicator","player_choice":"Copied","floor":28.0,"gold_loss":0.0,"damage_taken":0.0,"cards_obtained":["Genetic Algorithm"]},{"damage_healed":0.0,"max_hp_gain":0.0,"max_hp_loss":0.0,"gold_gain":0.0,"event_name":"MindBloom","player_choice":"Fight","floor":36.0,"gold_loss":0.0,"damage_taken":0.0},{"damage_healed":0.0,"max_hp_gain":0.0,"max_hp_loss":0.0,"gold_gain":0.0,"event_name":"SensoryStone","player_choice":"Memory 1","floor":37.0,"gold_loss":0.0,"damage_taken":0.0},{"damage_healed":0.0,"max_hp_gain":0.0,"max_hp_loss":4.0,"gold_gain":0.0,"event_name":"Winding Halls","player_choice":"Max HP","floor":39.0,"gold_loss":0.0,"damage_taken":0.0},{"damage_healed":0,"gold_gain":0,"player_choice":"Fight","damage_taken":0,"max_hp_gain":0,"max_hp_loss":0,"event_name":"Mysterious Sphere","floor":48,"gold_loss":0}],"is_beta":false,"boss_relics":[{"not_picked":["Runic Dome","Busted Crown"],"picked":"Nuclear Battery"},{"not_picked":["Philosopher\u0027s Stone","Black Star"],"picked":"White Beast Statue"}],"items_purged_floors":[],"is_endless":false,"potions_floor_spawned":[2,14,21,23,29,31,33,35,36,40,41,44,45,46,48],"ascension_level":15}