{"gold_per_floor":[109,123,143,8,25,25,39,71,98,29,47,47,75,89,89,89],"floor_reached":16,"playtime":556,"items_purged":[],"score":200,"play_id":"3724010a-3aa2-4710-9268-39931042e505","local_time":"20190801110701","is_ascension_mode":true,"campfire_choices":[{"data":"True Grit","floor":6,"key":"SMITH"},{"data":"Armaments","floor":12,"key":"SMITH"},{"floor":15,"key":"REST"}],"neow_cost":"NONE","seed_source_timestamp":1253823221607395,"circlet_count":0,"master_deck":["AscendersBane","Strike_R","Strike_R","Strike_R","Strike_R","Strike_R","Defend_R","Defend_R","Defend_R","Defend_R","Bash","Cleave","True Grit+1","Metallicize","Reaper","Headbutt","Armaments+1","Infernal Blade","Ghostly Armor"],"relics":["Burning Blood","Orichalcum","Boot","PreservedInsect"],"potions_floor_usage":[5,8,13,16],"damage_taken":[{"damage":1,"enemies":"Cultist","floor":1,"turns":3},{"damage":7,"enemies":"2 Louse","floor":2,"turns":2},{"damage":27,"enemies":"Jaw Worm","floor":3,"turns":6},{"damage":6,"enemies":"Red Slaver","floor":5,"turns":5},{"damage":5,"enemies":"Blue Slaver","floor":7,"turns":5},{"damage":23,"enemies":"3 Sentries","floor":8,"turns":7},{"damage":1,"enemies":"2 Fungi Beasts","floor":11,"turns":2},{"damage":37,"enemies":"Gremlin Nob","floor":13,"turns":6},{"damage":11,"enemies":"Looter","floor":14,"turns":4},{"damage":54,"enemies":"Slime Boss","floor":16,"turns":9}],"seed_played":"-4273310530932216851","potions_obtained":[{"floor":2,"key":"Block Potion"},{"floor":3,"key":"AttackPotion"},{"floor":8,"key":"Swift Potion"},{"floor":14,"key":"Energy Potion"}],"is_trial":false,"path_per_floor":["M","M","M","$","M","R","M","E","T","$","M","R","E","M","R","B"],"character_chosen":"IRONCLAD","items_purchased":["Reaper","Infernal Blade"],"campfire_rested":1,"item_purchase_floors":[4,10],"current_hp_per_floor":[73,72,51,51,55,55,56,51,51,51,56,56,25,26,48,0],"gold":89,"neow_bonus":"THREE_CARDS","is_prod":false,"is_daily":false,"chose_seed":false,"campfire_upgraded":2,"win_rate":0,"timestamp":1564628821,"path_taken":["M","M","M","$","M","R","M","E","T","$","M","R","E","?","R","BOSS"],"build_version":"2019-07-17","purchased_purges":0,"victory":false,"max_hp_per_floor":[75,75,75,75,75,75,75,75,75,75,75,75,75,75,75,75],"card_choices":[{"not_picked":["Warcry","Metallicize"],"picked":"Cleave","floor":0},{"not_picked":["Body Slam","Fire Breathing"],"picked":"True Grit","floor":1},{"not_picked":["Wild Strike","Anger"],"picked":"Metallicize","floor":2},{"not_picked":["Sever Soul","Perfected Strike","Metallicize"],"picked":"SKIP","floor":3},{"not_picked":["Armaments","Clash"],"picked":"Headbutt","floor":5},{"not_picked":["Shrug It Off","Twin Strike"],"picked":"Armaments","floor":7},{"not_picked":["Perfected Strike","Shrug It Off","Sentinel"],"picked":"SKIP","floor":8},{"not_picked":["Sword Boomerang","Metallicize"],"picked":"Ghostly Armor","floor":11},{"not_picked":["Exhume","Combust","Headbutt"],"picked":"SKIP","floor":13},{"not_picked":["Headbutt","Havoc","Heavy Blade"],"picked":"SKIP","floor":14}],"player_experience":874076,"relics_obtained":[{"floor":8,"key":"Orichalcum"},{"floor":9,"key":"Boot"},{"floor":13,"key":"PreservedInsect"}],"event_choices":[],"is_beta":false,"boss_relics":[],"items_purged_floors":[],"is_endless":false,"potions_floor_spawned":[2,3,8,14],"killed_by":"Slime Boss","ascension_level":15}