{"gold_per_floor":[113,129,49,65,65,65,78,78,101,115,143,169,194,218,230,242],"floor_reached":16,"playtime":609,"items_purged":[],"score":122,"play_id":"ea5e003a-5827-4502-a440-034f8959b202","local_time":"20190729161527","is_ascension_mode":true,"campfire_choices":[{"data":"Flechettes","floor":6,"key":"SMITH"},{"data":"Die Die Die","floor":8,"key":"SMITH"},{"data":"Metamorphosis","floor":15,"key":"SMITH"}],"neow_cost":"TEN_PERCENT_HP_LOSS","seed_source_timestamp":1547358483992623,"circlet_count":0,"master_deck":["Strike_G","Strike_G","Strike_G","Strike_G","Strike_G","Defend_G","Defend_G","Defend_G","Defend_G","Defend_G","Survivor","Neutralize","Panacea","Metamorphosis+1","Flechettes+1","PiercingWail","Die Die Die+1","Envenom","Neutralize","Acrobatics","PiercingWail","Blade Dance"],"relics":["Ring of the Snake","MawBank"],"potions_floor_usage":[7,11,13,14,16],"damage_taken":[{"damage":2,"enemies":"Small Slimes","floor":1,"turns":3},{"damage":0,"enemies":"Cultist","floor":2,"turns":3},{"damage":0,"enemies":"2 Louse","floor":4,"turns":2},{"damage":8,"enemies":"Blue Slaver","floor":7,"turns":2},{"damage":10,"enemies":"2 Fungi Beasts","floor":10,"turns":3},{"damage":23,"enemies":"3 Sentries","floor":11,"turns":6},{"damage":0,"enemies":"3 Louse","floor":12,"turns":2},{"damage":5,"enemies":"Large Slime","floor":13,"turns":8},{"damage":0,"enemies":"Looter","floor":14,"turns":3},{"damage":25,"enemies":"Slime Boss","floor":16,"turns":3}],"seed_played":"-5662553289246357619","potions_obtained":[{"floor":1,"key":"AttackPotion"},{"floor":2,"key":"Swift Potion"},{"floor":7,"key":"PowerPotion"},{"floor":11,"key":"EssenceOfSteel"},{"floor":13,"key":"Weak Potion"}],"is_trial":false,"path_per_floor":["M","M","$","M","?","R","M","R","T","M","E","M","M","M","R","B"],"character_chosen":"THE_SILENT","items_purchased":["Die Die Die"],"campfire_rested":0,"item_purchase_floors":[3],"current_hp_per_floor":[61,61,61,61,61,61,53,53,53,43,20,20,15,15,15,0],"gold":242,"neow_bonus":"RANDOM_COLORLESS_2","is_prod":false,"is_daily":false,"chose_seed":false,"campfire_upgraded":3,"win_rate":0,"timestamp":1564431327,"path_taken":["M","M","$","M","?","R","M","R","T","M","E","?","?","M","R","BOSS"],"build_version":"2019-07-17","purchased_purges":0,"victory":false,"max_hp_per_floor":[63,63,63,63,63,63,63,63,63,63,63,63,63,63,63,63],"card_choices":[{"not_picked":["Concentrate","Dagger Throw"],"picked":"Flechettes","floor":1},{"not_picked":["Slice","Quick Slash"],"picked":"PiercingWail","floor":2},{"not_picked":["Quick Slash","Predator","Sucker Punch"],"picked":"SKIP","floor":4},{"not_picked":["Catalyst","Blur"],"picked":"Acrobatics","floor":7},{"not_picked":["Underhanded Strike","Poisoned Stab","Night Terror"],"picked":"SKIP","floor":10},{"not_picked":["Acrobatics","Dodge and Roll"],"picked":"PiercingWail","floor":11},{"not_picked":["Deadly Poison","Prepared","Poisoned Stab"],"picked":"SKIP","floor":12},{"not_picked":["Choke","Dagger Throw","Dagger Spray"],"picked":"SKIP","floor":13},{"not_picked":["Dodge and Roll","Noxious Fumes"],"picked":"Blade Dance","floor":14}],"player_experience":204481,"relics_obtained":[{"floor":11,"key":"MawBank"}],"event_choices":[{"damage_healed":0,"gold_gain":0,"player_choice":"2 cards matched","damage_taken":0,"max_hp_gain":0,"max_hp_loss":0,"event_name":"Match and Keep!","floor":5,"gold_loss":0,"cards_obtained":["Envenom","Neutralize"]}],"is_beta":false,"boss_relics":[],"items_purged_floors":[],"is_endless":false,"potions_floor_spawned":[1,2,7,11,13],"killed_by":"Slime Boss","ascension_level":3}