{"path_per_floor":["M","M","M","?","$","E","R","E","T","R","M","R","?","$","R","B",null,"M","$","M","?","T","R","E","R","T","M","R","?","?","M","R","B",null,"M","M","?","$","M","E","R","M","T","?","M","E","R","?","R","B"],"character_chosen":"IRONCLAD","items_purchased":["Vajra","Dream Catcher","Matryoshka"],"gold_per_floor":[116,136,154,154,2,35,35,68,68,68,79,79,154,6,6,101,101,121,46,56,56,56,56,85,85,85,97,97,97,22,41,41,143,143,160,179,429,68,86,112,112,125,125,125,140,174,174,174,174,174],"floor_reached":51,"campfire_rested":5,"playtime":3480,"current_hp_per_floor":[80,79,69,69,69,56,56,31,31,31,36,60,49,49,73,41,80,58,58,46,46,46,46,16,40,40,57,80,80,80,68,68,22,80,73,79,85,85,80,60,60,55,61,51,59,67,67,67,92,41],"items_purged":["Injury","Regret"],"gold":174,"play_id":"df9cee11-f056-47d9-8b57-6e0d7a0660df","is_prod":false,"is_daily":false,"is_ascension_mode":true,"campfire_upgraded":6,"path_taken":["M","M","M","?","$","E","R","E","T","R","M","R","?","?","R","BOSS","M","$","M","?","?","R","E","R","T","M","R","?","?","M","R","BOSS","M","M","?","?","M","E","R","M","T","?","M","E","R","?","R","BOSS"],"build_version":"2018-02-01-PROD3","purchased_purges":3,"victory":true,"master_deck":["Strike_R","Strike_R","Strike_R","Defend_R","Defend_R","Bash+1","Infernal Blade+1","Warcry+1","Spot Weakness+1","Brutality+1","Cleave+1","Limit Break+1","Inflame+1","Heavy Blade+1","Headbutt+1","Warcry+1","Writhe","Madness","Madness+1","Heavy Blade+1"],"max_hp_per_floor":[80,80,80,80,80,80,80,80,80,80,80,80,80,80,80,80,80,80,80,80,80,80,80,80,80,80,80,80,80,80,80,80,80,80,80,80,86,86,86,86,86,86,92,92,92,92,92,92,92,92],"relics":["Burning Blood","Sundial","Vajra","Mercury Hourglass","Darkstone Periapt","Blood Vial","Dream Catcher","Astrolabe","Dodecahedron","Torii","Meat on the Bone","Anchor","Cursed Key","Matryoshka","Mummified Hand","Magic Flower","Bronze Scales","Toolbox"],"card_choices":[{"not_picked":["Perfected Strike","Second Wind"],"picked":"Infernal Blade"},{"not_picked":["True Grit","Pummel"],"picked":"Warcry"},{"not_picked":["Havoc","Headbutt"],"picked":"Spot Weakness"},{"not_picked":["Barricade","Dark Embrace"],"picked":"Brutality"},{"not_picked":["Exhume","Double Tap"],"picked":"Limit Break"},{"not_picked":["Second Wind","True Grit"],"picked":"Inflame"},{"not_picked":["Evolve","Burning Pact"],"picked":"Heavy Blade"},{"not_picked":["Rampage","Anger"],"picked":"Headbutt"},{"not_picked":["Blood for Blood","Flex"],"picked":"Warcry"},{"not_picked":["Clothesline","Armaments"],"picked":"Heavy Blade"}],"player_experience":93739,"potions_floor_usage":[6,24,27,33,33,50,50],"damage_taken":[{"damage":6,"enemies":"2 Louse","floor":1,"turns":3},{"damage":7,"enemies":"Jaw Worm","floor":2,"turns":3},{"damage":16,"enemies":"Blue Slaver","floor":3,"turns":3},{"damage":19,"enemies":"Gremlin Nob","floor":6,"turns":4},{"damage":31,"enemies":"Lagavulin","floor":8,"turns":4},{"damage":3,"enemies":"Large Slime","floor":11,"turns":3},{"damage":40,"enemies":"Slime Boss","floor":16,"turns":9},{"damage":28,"enemies":"2 Thieves","floor":18,"turns":3},{"damage":20,"enemies":"Shell Parasite","floor":20,"turns":4},{"damage":38,"enemies":"Gremlin Leader","floor":24,"turns":5},{"damage":3,"enemies":"Sentry and Sphere","floor":27,"turns":3},{"damage":18,"enemies":"Snake Plant","floor":31,"turns":3},{"damage":81,"enemies":"Automaton","floor":33,"turns":9},{"damage":13,"enemies":"3 Darklings","floor":35,"turns":3},{"damage":2,"enemies":"Orb Walker","floor":36,"turns":2},{"damage":12,"enemies":"4 Shapes","floor":39,"turns":3},{"damage":28,"enemies":"2 Orb Walkers","floor":40,"turns":3},{"damage":13,"enemies":"3 Darklings","floor":42,"turns":3},{"damage":4,"enemies":"Maw","floor":45,"turns":4},{"damage":4,"enemies":"Giant Head","floor":46,"turns":4},{"damage":78,"enemies":"Time Eater","floor":50,"turns":5}],"event_choices":[{"event_name":"Living Wall","player_choice":"Grow","floor":4,"damage_taken":0},{"event_name":"World of Goop","player_choice":"Gather Gold","floor":13,"damage_taken":0},{"event_name":"The Mausoleum","player_choice":"Yes","floor":21,"damage_taken":0},{"event_name":"Bonfire Elementals","player_choice":"UNCOMMON","floor":29,"damage_taken":0},{"event_name":"Beggar","player_choice":"Gave Gold","floor":30,"damage_taken":0},{"event_name":"Golden Shrine","player_choice":"Desecrate","floor":37,"damage_taken":0},{"event_name":"Winding Halls","player_choice":"Embrace Madness","floor":44,"damage_taken":0}],"boss_relics":[{"not_picked":["Runic Cube","Orrery"],"picked":"Astrolabe"},{"not_picked":["Eternal Feather","Tiny House"],"picked":"Cursed Key"}],"potions_floor_spawned":[1,8,16,18,31,36,45,46],"seed_played":"6726446799918544279","ascension_level":2,"is_trial":false}