{"gold_per_floor":[112,125,4,4,0,0,33,33,108,108,108,135,154,167,167,167],"floor_reached":16,"playtime":517,"items_purged":["Strike_G"],"score":184,"play_id":"5f54b572-351a-4867-ab6d-5364ecf7c954","local_time":"20190115200909","is_ascension_mode":true,"campfire_choices":[{"data":"Neutralize","floor":6,"key":"SMITH"},{"data":"Blur","floor":8,"key":"SMITH"},{"floor":10,"key":"REST"},{"floor":15,"key":"REST"}],"neow_cost":"NONE","seed_source_timestamp":631340609518978,"circlet_count":0,"master_deck":["AscendersBane","Defend_G","Defend_G","Defend_G","Defend_G","Strike_G","Strike_G","Strike_G","Survivor","Neutralize+1","Poisoned Stab","Bane","Blur+1","Footwork","Deflect","Footwork"],"relics":["Ring of the Snake","Ninja Scroll","Blue Candle","Orichalcum"],"potions_floor_usage":[12,16],"damage_taken":[{"damage":4,"enemies":"Cultist","floor":1,"turns":5},{"damage":5,"enemies":"Small Slimes","floor":2,"turns":6},{"damage":34,"enemies":"Gremlin Nob","floor":7,"turns":5},{"damage":27,"enemies":"Lagavulin","floor":12,"turns":8},{"damage":0,"enemies":"Jaw Worm","floor":13,"turns":2},{"damage":1,"enemies":"Exordium Wildlife","floor":14,"turns":5},{"damage":34,"enemies":"Slime Boss","floor":16,"turns":13}],"seed_played":"-8740791768624021128","potions_obtained":[{"floor":7,"key":"Ancient Potion"},{"floor":12,"key":"Dexterity Potion"},{"floor":14,"key":"LiquidBronze"}],"is_trial":false,"path_per_floor":["M","M","$","$","?","R","E","R","T","R","?","E","M","M","R","B"],"character_chosen":"THE_SILENT","items_purchased":["Bane"],"campfire_rested":2,"item_purchase_floors":[3],"current_hp_per_floor":[55,50,50,50,50,50,16,16,16,35,35,8,8,7,26,0],"gold":167,"neow_bonus":"REMOVE_CARD","is_prod":false,"is_daily":false,"chose_seed":false,"campfire_upgraded":2,"win_rate":0,"timestamp":1547579349,"path_taken":["M","M","?","$","?","R","E","R","T","R","?","E","M","M","R","BOSS"],"build_version":"2019-01-10","purchased_purges":1,"victory":false,"max_hp_per_floor":[66,66,66,66,66,66,66,66,66,66,66,66,66,66,66,66],"card_choices":[{"not_picked":["Outmaneuver","Accuracy","Caltrops"],"picked":"SKIP","floor":1},{"not_picked":["Bouncing Flask","Choke"],"picked":"Poisoned Stab","floor":2},{"not_picked":["Calculated Gamble","Flying Knee"],"picked":"Blur","floor":7},{"not_picked":["Bane","Quick Slash"],"picked":"Footwork","floor":12},{"not_picked":["Dagger Throw","Endless Agony"],"picked":"Deflect","floor":13},{"not_picked":["Bane","Terror"],"picked":"Footwork","floor":14}],"player_experience":743702,"relics_obtained":[{"floor":7,"key":"Ninja Scroll"},{"floor":9,"key":"Blue Candle"},{"floor":12,"key":"Orichalcum"}],"event_choices":[{"damage_healed":0,"gold_gain":0,"player_choice":"Left Gold","damage_taken":0,"max_hp_gain":0,"max_hp_loss":0,"event_name":"World of Goop","floor":5,"gold_loss":4},{"cards_removed":["Defend_G"],"damage_healed":0,"gold_gain":0,"player_choice":"Purged","damage_taken":0,"max_hp_gain":0,"max_hp_loss":0,"event_name":"Purifier","floor":11,"gold_loss":0}],"is_beta":false,"boss_relics":[],"items_purged_floors":[3],"is_endless":false,"potions_floor_spawned":[7,12,14],"killed_by":"Slime Boss","ascension_level":14}