{"gold_per_floor":[118,138,118,133,150,150,175,175,175,175],"floor_reached":10,"playtime":187,"items_purged":[],"score":126,"play_id":"aec7fda7-36ba-4be0-a7a8-b610f405608b","local_time":"20190727180002","is_ascension_mode":true,"campfire_choices":[{"data":"Whirlwind","floor":6,"key":"SMITH"},{"floor":8,"key":"REST"}],"neow_cost":"NONE","seed_source_timestamp":857888328199944,"circlet_count":0,"master_deck":["AscendersBane","Strike_R","Strike_R","Strike_R","Strike_R","Strike_R","Defend_R","Defend_R+1","Defend_R+1","Defend_R","Bash","Whirlwind+1","True Grit","Shrug It Off","Flame Barrier","Armaments"],"special_seed":0,"relics":["Burning Blood","NeowsBlessing","War Paint","Shuriken"],"potions_floor_usage":[7,7],"damage_taken":[{"damage":0.0,"enemies":"Jaw Worm","floor":1.0,"turns":1.0},{"damage":0.0,"enemies":"Cultist","floor":2.0,"turns":1.0},{"damage":0.0,"enemies":"2 Louse","floor":4.0,"turns":1.0},{"damage":5,"enemies":"Gremlin Gang","floor":5,"turns":2},{"damage":57,"enemies":"Gremlin Nob","floor":7,"turns":6},{"damage":0,"enemies":"Lagavulin","floor":10,"turns":1}],"seed_played":"-8773619286166362562","potions_obtained":[{"floor":1.0,"key":"Swift Potion"},{"floor":3.0,"key":"Fruit Juice"},{"floor":4,"key":"Fruit Juice"}],"is_trial":false,"path_per_floor":["M","M","?","M","M","R","E","R","T","E"],"character_chosen":"IRONCLAD","items_purchased":[],"campfire_rested":1,"item_purchase_floors":[],"current_hp_per_floor":[74,75,75,75,75,75,34,59,59,59],"gold":175,"neow_bonus":"THREE_ENEMY_KILL","is_prod":false,"is_daily":false,"chose_seed":false,"campfire_upgraded":1,"win_rate":0,"timestamp":1564275602,"path_taken":["M","M","?","?","?","R","E","R","T","E"],"build_version":"2019-07-18","purchased_purges":0,"victory":false,"max_hp_per_floor":[75,75,75,75,75,75,85,85,85,85],"card_choices":[{"not_picked":["Clash","Cleave"],"picked":"Whirlwind","floor":1.0},{"not_picked":["Clash","Flex"],"picked":"True Grit","floor":2.0},{"not_picked":["Warcry","Body Slam"],"picked":"Shrug It Off","floor":4},{"not_picked":["Burning Pact","Twin Strike"],"picked":"Flame Barrier","floor":5},{"not_picked":["Brutality","Seeing Red"],"picked":"Armaments","floor":7}],"player_experience":231463,"relics_obtained":[{"floor":7,"key":"War Paint"},{"floor":9,"key":"Shuriken"}],"event_choices":[{"damage_healed":0.0,"max_hp_gain":0.0,"max_hp_loss":0.0,"gold_gain":0.0,"event_name":"The Woman in Blue","player_choice":"Bought 1 Potion","floor":3.0,"gold_loss":0.0,"damage_taken":0.0}],"is_beta":true,"boss_relics":[],"items_purged_floors":[],"is_endless":false,"potions_floor_spawned":[1,4,5],"killed_by":"Lagavulin","ascension_level":17}