{"path_per_floor":["M","?","T","M","M","R","M","E","T","R","$","?","M","M","R","B",null,"M","?","$","?","?","E","?","M","T","R"],"character_chosen":"IRONCLAD","items_purchased":["Shuriken","Shrug It Off"],"gold_per_floor":[112,112,112,122,140,140,156,185,257,257,12,12,22,33,33,109,139,149,149,29,29,29,93,93,112,167,167,167],"floor_reached":28,"campfire_rested":1,"playtime":967,"current_hp_per_floor":[75,80,80,83,83,83,75,50,50,50,50,33,39,41,41,20,74,73,73,73,87,87,63,47,32,32,64,0],"items_purged":["Strike_R"],"gold":167,"score":414,"play_id":"89c4eaea-feef-44a1-8beb-20449c0b415c","local_time":"20180325034155","is_prod":false,"is_daily":false,"is_ascension_mode":true,"campfire_upgraded":3,"timestamp":1521942115,"path_taken":["M","?","?","M","M","R","M","E","T","R","$","?","M","M","R","BOSS","M","?","$","?","?","E","?","?","T","R","E"],"build_version":"2018-03-22v2","purchased_purges":1,"victory":false,"master_deck":["Strike_R+1","Strike_R","Strike_R+1","Defend_R+1","Defend_R","Defend_R","Defend_R","Bash+1","AscendersBane","Cleave","Exhume","Inflame+1","Headbutt","Spot Weakness+1","Exhume","Shrug It Off"],"max_hp_per_floor":[80,85,85,85,85,85,85,85,85,85,85,85,85,85,85,85,90,90,90,90,104,104,107,107,107,107,107,107],"relics":["Burning Blood","Happy Flower","Dead Branch","Art of War","Paper Frog","Shuriken","Tiny House","Mango","Tiny Chest","Enchiridion","Bronze Scales"],"card_choices":[{"not_picked":["True Grit","Havoc"],"picked":"Cleave","floor":1},{"not_picked":["Body Slam","Intimidate"],"picked":"Exhume","floor":4},{"not_picked":["Intimidate","Thunderclap"],"picked":"Inflame","floor":5},{"not_picked":["Body Slam","Entrench"],"picked":"Headbutt","floor":7},{"not_picked":["Pummel","Heavy Blade"],"picked":"Spot Weakness","floor":8},{"not_picked":["Barricade","Demon Form"],"picked":"Exhume","floor":16}],"player_experience":454919,"potions_floor_usage":[14,16,23,23],"damage_taken":[{"damage":3,"enemies":"2 Louse","floor":1,"turns":3},{"damage":3,"enemies":"Small Slimes","floor":4,"turns":4},{"damage":6,"enemies":"Cultist","floor":5,"turns":3},{"damage":14,"enemies":"Exordium Wildlife","floor":7,"turns":4},{"damage":31,"enemies":"3 Sentries","floor":8,"turns":6},{"damage":0,"enemies":"Looter","floor":13,"turns":2},{"damage":4,"enemies":"Large Slime","floor":14,"turns":3},{"damage":27,"enemies":"Hexaghost","floor":16,"turns":7},{"damage":7,"enemies":"Chosen","floor":18,"turns":6},{"damage":33,"enemies":"Book of Stabbing","floor":23,"turns":4},{"damage":21,"enemies":"Shell Parasite","floor":25,"turns":4},{"damage":65,"enemies":"Slavers","floor":28,"turns":4}],"event_choices":[{"event_name":"Big Fish","player_choice":"Donut","floor":2,"damage_taken":0},{"event_name":"Shining Light","player_choice":"Entered Light","floor":12,"damage_taken":0},{"event_name":"Back to Basics","player_choice":"Elegance","floor":19,"damage_taken":0},{"event_name":"The Mausoleum","player_choice":"Yes","floor":21,"damage_taken":0},{"event_name":"Accursed Blacksmith","player_choice":"Ignore","floor":22,"damage_taken":0},{"event_name":"Cursed Tome","player_choice":"Obtained Book","floor":24,"damage_taken":0}],"boss_relics":[{"not_picked":["Snecko Eye","Runic Cube"],"picked":"Tiny House"}],"potions_floor_spawned":[7,8,14,16,18],"seed_played":"-3418812576711859836","killed_by":"Slavers","ascension_level":13,"is_trial":false}