{"gold_per_floor":[118,138,138,65,77,77,77,109,109,129,158,158,158,158,158,158],"floor_reached":16,"playtime":3750,"items_purged":[],"score":108,"play_id":"dca785b5-57f0-4a2c-b745-eb55b4a81c7f","local_time":"20181204204123","is_ascension_mode":false,"campfire_choices":[{"data":"Dual Wield","floor":6,"key":"SMITH"},{"floor":13,"key":"REST"},{"floor":15,"key":"RECALL"}],"neow_cost":"NONE","seed_source_timestamp":903786291076871,"circlet_count":0,"master_deck":["Strike_R+1","Strike_R","Strike_R","Strike_R","Defend_R","Defend_R","Defend_R","Defend_R","Bash","Uppercut","Thunderclap","Dropkick","Dual Wield+1","Warcry","Bludgeon+1"],"relics":["Burning Blood","NeowsBlessing","Question Card","Oddly Smooth Stone","Gremlin Horn"],"potions_floor_usage":[11,16,16],"damage_taken":[{"damage":0,"enemies":"Cultist","floor":1,"turns":1},{"damage":0,"enemies":"Jaw Worm","floor":2,"turns":1},{"damage":0,"enemies":"2 Louse","floor":5,"turns":1},{"damage":22,"enemies":"Gremlin Nob","floor":8,"turns":4},{"damage":19,"enemies":"Red Slaver","floor":10,"turns":5},{"damage":30,"enemies":"3 Sentries","floor":11,"turns":10},{"damage":39,"enemies":"The Guardian","floor":16,"turns":7}],"seed_played":"-5289629464421496611","potions_obtained":[{"floor":1,"key":"Poison Potion"},{"floor":7,"key":"Fire Potion"},{"floor":7,"key":"Strength Potion"}],"is_trial":false,"path_per_floor":["M","M","?","$","M","R","?","E","T","M","E","?","R","T","R","B"],"character_chosen":"IRONCLAD","items_purchased":["Dropkick"],"campfire_rested":1,"item_purchase_floors":[4],"current_hp_per_floor":[80,80,80,80,80,80,80,64,64,51,27,11,35,35,35,0],"gold":158,"neow_bonus":"THREE_ENEMY_KILL","is_prod":false,"is_daily":false,"chose_seed":false,"campfire_upgraded":1,"win_rate":0,"timestamp":1543977683,"path_taken":["M","?","?","$","M","R","?","E","T","?","E","?","R","?","R","BOSS"],"build_version":"2018-11-15","purchased_purges":0,"victory":false,"max_hp_per_floor":[80,80,80,80,80,80,80,80,80,80,80,80,80,80,80,80],"card_choices":[{"not_picked":["Shockwave","Iron Wave"],"picked":"Uppercut","floor":1},{"not_picked":["Wild Strike","Cleave"],"picked":"Thunderclap","floor":2},{"not_picked":["Metallicize","Twin Strike"],"picked":"Dual Wield","floor":5},{"not_picked":["Sentinel","Flex","Bloodletting"],"picked":"SKIP","floor":8},{"not_picked":["Sentinel","Flex","Bloodletting"],"picked":"SKIP","floor":8},{"not_picked":["Wild Strike","True Grit","Clash"],"picked":"Warcry","floor":10},{"not_picked":["Fire Breathing","Brutality","Ghostly Armor"],"picked":"Bludgeon","floor":11}],"player_experience":696066,"relics_obtained":[{"floor":8,"key":"Question Card"},{"floor":11,"key":"Oddly Smooth Stone"},{"floor":14,"key":"Gremlin Horn"}],"event_choices":[{"cards_removed":["Strike_R"],"damage_healed":0,"gold_gain":0,"player_choice":"Forget","damage_taken":0,"max_hp_gain":0,"max_hp_loss":0,"event_name":"Living Wall","floor":3,"gold_loss":0},{"damage_healed":0,"gold_gain":0,"player_choice":"Got Potions","damage_taken":0,"max_hp_gain":0,"max_hp_loss":0,"event_name":"Lab","floor":7,"gold_loss":0},{"damage_healed":0,"gold_gain":0,"player_choice":"Entered Light","damage_taken":16,"max_hp_gain":0,"max_hp_loss":0,"event_name":"Shining Light","floor":12,"gold_loss":0,"cards_upgraded":["Strike_R","Bludgeon"]}],"is_beta":false,"boss_relics":[],"items_purged_floors":[],"is_endless":false,"potions_floor_spawned":[1,8],"killed_by":"The Guardian","ascension_level":0}