{"gold_per_floor":[119,119,8,23,23,55,55,69,92,103,121,146,164,89,89,161,161,174,186,205,136,136,136,149,49,74,98,98,114,114,146,146,220,220,239,239,239,258,18,18,18,46,46,78,88,88,88,120,120,120],"floor_reached":50,"playtime":2082,"items_purged":["Defend_R","Strike_R"],"score":1152,"play_id":"a401cae8-4c96-4778-bdd4-4296c71788f6","local_time":"20180808164513","is_ascension_mode":true,"campfire_choices":[{"data":"Bash","floor":7.0,"key":"SMITH"},{"data":"Demon Form","floor":15.0,"key":"SMITH"},{"data":"Flex","floor":23.0,"key":"SMITH"},{"data":"Heavy Blade","floor":28.0,"key":"SMITH"},{"floor":32.0,"key":"REST"},{"data":"Berserk","floor":40.0,"key":"SMITH"},{"floor":46,"key":"REST"},{"floor":49,"key":"REST"}],"neow_cost":"NONE","seed_source_timestamp":449506649857541,"circlet_count":0,"master_deck":["Strike_R","Defend_R","Defend_R","Bash+1","AscendersBane","Flex+1","Ghostly Armor","Heavy Blade+1","Headbutt","Shockwave","Demon Form+1","Dark Embrace+1","Rampage+1","Sword Boomerang+1","Pommel Strike","Armaments+1","Burning Pact","Berserk+1","Wild Strike+1","Dark Shackles","Shrug It Off+1","Burning Pact","Heavy Blade+1"],"special_seed":0,"relics":["Burning Blood","NeowsBlessing","Orichalcum","Ancient Tea Set","Pen Nib","Astrolabe","Red Skull","Bag of Preparation","Mercury Hourglass","Mummified Hand","Blue Candle","Incense Burner","The Courier","Prayer Wheel","Charon\u0027s Ashes","Meat on the Bone"],"potions_floor_usage":[45,50],"damage_taken":[{"damage":0.0,"enemies":"Small Slimes","floor":1.0,"turns":2.0},{"damage":0.0,"enemies":"Jaw Worm","floor":4.0,"turns":1.0},{"damage":0.0,"enemies":"Lagavulin","floor":6.0,"turns":1.0},{"damage":0.0,"enemies":"Cultist","floor":8.0,"turns":2.0},{"damage":8.0,"enemies":"Red Slaver","floor":10.0,"turns":3.0},{"damage":7.0,"enemies":"Large Slime","floor":11.0,"turns":9.0},{"damage":19.0,"enemies":"3 Sentries","floor":12.0,"turns":9.0},{"damage":7.0,"enemies":"Looter","floor":13.0,"turns":3.0},{"damage":0.0,"enemies":"Slime Boss","floor":16.0,"turns":3.0},{"damage":13.0,"enemies":"3 Byrds","floor":18.0,"turns":5.0},{"damage":20.0,"enemies":"Spheric Guardian","floor":19.0,"turns":4.0},{"damage":17.0,"enemies":"Slaver and Parasite","floor":20.0,"turns":4.0},{"damage":10.0,"enemies":"Cultist and Chosen","floor":24.0,"turns":6.0},{"damage":2.0,"enemies":"Snecko","floor":29.0,"turns":3.0},{"damage":37.0,"enemies":"Slavers","floor":31.0,"turns":5.0},{"damage":22.0,"enemies":"Collector","floor":33.0,"turns":6.0},{"damage":23.0,"enemies":"3 Shapes","floor":35.0,"turns":7.0},{"damage":7.0,"enemies":"Orb Walker","floor":38.0,"turns":3.0},{"damage":22.0,"enemies":"Giant Head","floor":42.0,"turns":6.0},{"damage":19.0,"enemies":"Nemesis","floor":44.0,"turns":5.0},{"damage":3,"enemies":"Sphere and 2 Shapes","floor":45,"turns":5},{"damage":7,"floor":47,"turns":6},{"damage":32,"enemies":"Giant Head","floor":48,"turns":6},{"damage":58,"enemies":"Time Eater","floor":50,"turns":4}],"seed_played":"4214052811583575848","potions_obtained":[{"floor":1.0,"key":"LiquidBronze"},{"floor":4.0,"key":"Fire Potion"},{"floor":12.0,"key":"Regen Potion"},{"floor":19.0,"key":"SneckoOil"},{"floor":45,"key":"Ancient Potion"}],"is_trial":false,"path_per_floor":["M","?","$","M","?","E","R","M","T","M","M","E","M","?","R","B",null,"M","M","M","$","?","R","M","$","T","T","R","M","?","E","R","B",null,"M","?","?","M","$","R","T","E","T","E","M","R","?","E","R"],"character_chosen":"IRONCLAD","items_purchased":["Ghostly Armor","Burning Pact","Mummified Hand"],"campfire_rested":3,"item_purchase_floors":[3,21,39],"current_hp_per_floor":[74,74,74,75,80,80,80,80,80,78,77,64,63,63,63,69,77,70,56,45,45,61,61,57,57,57,57,57,61,61,30,54,38,70,53,49,49,48,48,48,48,32,32,28,31,55,54,28,52,0],"gold":120,"neow_bonus":"THREE_ENEMY_KILL","is_prod":false,"is_daily":false,"chose_seed":false,"campfire_upgraded":5,"win_rate":0,"timestamp":1533739513,"path_taken":["M","?","$","M","?","E","R","M","T","?","M","E","M","?","R","BOSS","M","M","M","$","?","R","M","?","T","?","R","M","?","E","R","BOSS","M","?","?","M","$","R","?","E","T","E","M","R","?","E","R","BOSS"],"build_version":"2018-08-02","purchased_purges":2,"victory":false,"max_hp_per_floor":[75,75,75,75,80,80,80,80,80,80,80,80,80,80,80,80,80,80,80,80,80,80,80,80,80,80,80,80,80,80,80,80,80,80,80,80,80,80,80,80,80,80,80,80,80,80,80,80,80,80],"card_choices":[{"not_picked":["Pummel","Fire Breathing"],"picked":"Flex","floor":1.0},{"not_picked":["Havoc","Rampage"],"picked":"Heavy Blade","floor":4.0},{"not_picked":["Flex","Reckless Charge","Searing Blow"],"picked":"SKIP","floor":6.0},{"not_picked":["Wild Strike","Combust","Armaments"],"picked":"SKIP","floor":8.0},{"not_picked":["Body Slam","Armaments"],"picked":"Intimidate","floor":10.0},{"not_picked":["Armaments","Wild Strike"],"picked":"Headbutt","floor":11.0},{"not_picked":["Blood for Blood","Body Slam"],"picked":"Shockwave","floor":12.0},{"not_picked":["True Grit","Anger"],"picked":"Demon Form","floor":13.0},{"not_picked":["Heavy Blade","Combust"],"picked":"Pommel Strike","floor":18.0},{"not_picked":["Perfected Strike","Armaments","Sword Boomerang+1"],"picked":"SKIP","floor":19.0},{"not_picked":["Whirlwind","Spot Weakness"],"picked":"Armaments+1","floor":20.0},{"not_picked":["Dark Embrace","Shockwave+1","True Grit"],"picked":"SKIP","floor":24.0},{"not_picked":["Body Slam","Headbutt","Clothesline"],"picked":"SKIP","floor":29.0},{"not_picked":["Body Slam","Armaments","Havoc"],"picked":"SKIP","floor":31.0},{"not_picked":["Brutality","Fiend Fire"],"picked":"Berserk","floor":33.0},{"not_picked":["Body Slam","Armaments"],"picked":"Wild Strike+1","floor":35.0},{"not_picked":["Mind Blast","Good Instincts"],"picked":"Dark Shackles","floor":37.0},{"not_picked":["Dual Wield","Rage"],"picked":"Shrug It Off+1","floor":38.0},{"not_picked":["Burning Pact","Wild Strike+1","Entrench+1"],"picked":"SKIP","floor":42.0},{"not_picked":["Wild Strike+1","Entrench+1"],"picked":"Burning Pact","floor":42.0},{"not_picked":["Thunderclap","Uppercut+1","Anger"],"picked":"SKIP","floor":44.0},{"not_picked":["Body Slam","Shrug It Off"],"picked":"Heavy Blade+1","floor":45},{"not_picked":["Brutality","Evolve","Perfected Strike+1"],"picked":"SKIP","floor":45},{"not_picked":["Brutality","Evolve","Perfected Strike+1"],"picked":"SKIP","floor":45},{"not_picked":["Inflame","Sentinel","Ghostly Armor"],"picked":"SKIP","floor":48}],"player_experience":597851,"relics_obtained":[{"floor":6.0,"key":"Orichalcum"},{"floor":9.0,"key":"Ancient Tea Set"},{"floor":12.0,"key":"Pen Nib"},{"floor":26.0,"key":"Red Skull"},{"floor":27.0,"key":"Bag of Preparation"},{"floor":31.0,"key":"Mercury Hourglass"},{"floor":41.0,"key":"Blue Candle"},{"floor":42.0,"key":"Incense Burner"},{"floor":43.0,"key":"The Courier"},{"floor":44.0,"key":"Prayer Wheel"},{"floor":47,"key":"Charon\u0027s Ashes"},{"floor":48,"key":"Meat on the Bone"}],"event_choices":[{"event_name":"Living Wall","player_choice":"Forget","floor":2.0,"damage_taken":0.0},{"event_name":"Big Fish","player_choice":"Donut","floor":5.0,"damage_taken":0.0},{"event_name":"The Cleric","player_choice":"Card Removal","floor":14.0,"damage_taken":0.0},{"event_name":"The Library","player_choice":"Heal","floor":22.0,"damage_taken":0.0},{"event_name":"Ghosts","player_choice":"Ignored","floor":30.0,"damage_taken":0.0},{"event_name":"The Woman in Blue","player_choice":"Bought 0 Potions","floor":36.0,"damage_taken":0.0},{"event_name":"SensoryStone","player_choice":"Memory 1","floor":37.0,"damage_taken":0.0},{"event_name":"MindBloom","player_choice":"Fight","floor":47,"damage_taken":0}],"is_beta":false,"boss_relics":[{"not_picked":["Eternal Feather","Busted Crown"],"picked":"Astrolabe"},{"not_picked":["Philosopher\u0027s Stone","Snecko Eye","Runic Cube"]}],"items_purged_floors":[3,25],"is_endless":false,"potions_floor_spawned":[1,4,8,12,19,24,33,35,42,45],"killed_by":"Time Eater","ascension_level":15}