{"gold_per_floor":[111,130,130,130,7,7,7,48,48,48,69,82,82,100,100,223,223,244,265,285,88,188,188,118,154,154,154,192,92,115,135,135,264,264,285,285,285,82,0,38,38,38,117,117,135,135,170,191,191,191],"floor_reached":51,"playtime":1978,"items_purged":["Defend_R","Defend_R"],"score":802,"play_id":"3cb192df-7327-486d-80c4-6f83313494e9","local_time":"20180811151740","is_ascension_mode":true,"campfire_choices":[{"data":"Bash","floor":6.0,"key":"SMITH"},{"floor":10.0,"key":"REST"},{"data":"Battle Trance","floor":13.0,"key":"SMITH"},{"data":"Burning Pact","floor":15.0,"key":"SMITH"},{"floor":23.0,"key":"REST"},{"data":"Disarm","floor":27,"key":"SMITH"},{"floor":32,"key":"REST"},{"data":"Metallicize","floor":42,"key":"SMITH"},{"data":"Shrug It Off","floor":44,"key":"SMITH"},{"data":"Impervious","floor":46,"key":"SMITH"},{"floor":49,"key":"REST"}],"neow_cost":"TEN_PERCENT_HP_LOSS","seed_source_timestamp":588660418492346,"circlet_count":0,"master_deck":["Strike_R","Defend_R+1","Bash+1","Rampage+1","Shrug It Off+1","Burning Pact+1","Battle Trance+1","Metallicize+1","Double Tap+1","Warcry+1","Metallicize+1","Reaper","Impervious+1","Iron Wave+1","Warcry+1"],"special_seed":0,"relics":["Black Blood","Golden Idol","Pear","Ginger","Astrolabe","Sling","Centennial Puzzle","Paper Frog","Regal Pillow","TheAbacus","Red Mask","Kunai","Toxic Egg 2","Art of War"],"potions_floor_usage":[28],"damage_taken":[{"damage":6.0,"enemies":"2 Louse","floor":1.0,"turns":3.0},{"damage":6.0,"enemies":"Jaw Worm","floor":2.0,"turns":3.0},{"damage":20.0,"enemies":"Lagavulin","floor":8.0,"turns":5.0},{"damage":0.0,"enemies":"Cultist","floor":11.0,"turns":2.0},{"damage":6.0,"enemies":"2 Fungi Beasts","floor":12.0,"turns":4.0},{"damage":10.0,"enemies":"Exordium Wildlife","floor":14.0,"turns":4.0},{"damage":43.0,"enemies":"Hexaghost","floor":16.0,"turns":9.0},{"damage":10.0,"enemies":"Chosen","floor":18.0,"turns":3.0},{"damage":22.0,"enemies":"Shell Parasite","floor":19.0,"turns":4.0},{"damage":9.0,"enemies":"Snake Plant","floor":20.0,"turns":3.0},{"damage":5.0,"enemies":"Book of Stabbing","floor":25.0,"turns":5.0},{"damage":49,"enemies":"Slavers","floor":28,"turns":6},{"damage":11,"enemies":"3 Cultists","floor":30,"turns":4},{"damage":7,"enemies":"Cultist and Chosen","floor":31,"turns":4},{"damage":30,"enemies":"Champ","floor":33,"turns":7},{"damage":34,"enemies":"3 Shapes","floor":35,"turns":6},{"damage":23,"enemies":"Giant Head","floor":40,"turns":6},{"damage":10,"enemies":"Flame Bruiser 1 Orb","floor":45,"turns":6},{"damage":22,"enemies":"Nemesis","floor":47,"turns":9},{"damage":27,"enemies":"3 Darklings","floor":48,"turns":6},{"damage":67,"enemies":"Awakened One","floor":50,"turns":13}],"seed_played":"2322426885449563817","potions_obtained":[{"floor":1.0,"key":"Poison Potion"},{"floor":14.0,"key":"Ancient Potion"},{"floor":20.0,"key":"Dexterity Potion"},{"floor":30,"key":"Fire Potion"},{"floor":33,"key":"Strength Potion"}],"is_trial":false,"path_per_floor":["M","M","?","?","$","R","?","E","T","R","M","M","R","M","R","B",null,"M","M","M","$","?","R","$","E","T","R","E","$","M","M","R","B",null,"M","?","?","$","?","E","$","R","T","R","M","R","E","M","R","B"],"character_chosen":"IRONCLAD","items_purchased":["Shrug It Off","Sling","Metallicize","TheAbacus"],"campfire_rested":4,"item_purchase_floors":[5,21,24,38],"current_hp_per_floor":[72,72,58,40,40,40,40,36,36,60,66,66,66,62,62,25,82,78,62,59,59,59,82,82,82,82,82,39,39,34,33,72,48,82,70,70,70,70,70,57,57,57,57,57,57,57,45,36,75,18],"gold":191,"neow_bonus":"REMOVE_TWO","is_prod":false,"is_daily":false,"chose_seed":false,"campfire_upgraded":7,"win_rate":0,"timestamp":1533993460,"path_taken":["M","M","?","?","$","R","?","E","T","R","?","M","R","M","R","BOSS","M","?","M","$","?","R","$","E","T","R","E","$","?","M","R","BOSS","M","?","?","$","?","E","?","R","T","R","M","R","E","M","R","BOSS"],"build_version":"2018-08-09","purchased_purges":2,"victory":true,"max_hp_per_floor":[72,72,72,72,72,72,72,82,82,82,82,82,82,82,82,82,82,82,82,82,82,82,82,82,82,82,82,82,82,82,82,82,82,82,82,82,82,82,82,82,82,82,82,82,82,82,82,82,82,82],"card_choices":[{"not_picked":["Feel No Pain","Perfected Strike"],"picked":"Rampage","floor":1.0},{"not_picked":["Uppercut","Armaments","Clothesline"],"picked":"SKIP","floor":2.0},{"not_picked":["Havoc","Whirlwind","Immolate"],"picked":"SKIP","floor":8.0},{"not_picked":["Twin Strike","Sword Boomerang"],"picked":"Burning Pact","floor":11.0},{"not_picked":["Wild Strike","Seeing Red"],"picked":"Battle Trance","floor":12.0},{"not_picked":["Thunderclap","Corruption","Sword Boomerang"],"picked":"SKIP","floor":14.0},{"not_picked":["Sword Boomerang+1","Body Slam","Clothesline"],"picked":"SKIP","floor":18.0},{"not_picked":["Dual Wield","True Grit"],"picked":"Disarm","floor":19.0},{"not_picked":["Twin Strike+1","Body Slam","Wild Strike"],"picked":"SKIP","floor":20.0},{"not_picked":["Reckless Charge","Spot Weakness","Headbutt+1"],"picked":"SKIP","floor":25},{"not_picked":["Reckless Charge","Warcry","Carnage"],"picked":"SKIP","floor":28},{"not_picked":["Fire Breathing","Havoc","Battle Trance"],"picked":"SKIP","floor":30},{"not_picked":["Shrug It Off","Rupture"],"picked":"Reaper","floor":31},{"not_picked":["Fiend Fire","Reaper"],"picked":"Impervious","floor":33},{"not_picked":["Sword Boomerang+1","Clothesline"],"picked":"Iron Wave+1","floor":35},{"not_picked":["Heavy Blade","Thunderclap","Clothesline"],"picked":"SKIP","floor":40},{"not_picked":["Clothesline","Wild Strike+1","Body Slam+1"],"picked":"SKIP","floor":45},{"not_picked":["Clothesline","Immolate"],"picked":"Warcry+1","floor":47},{"not_picked":["Anger","Havoc+1","Corruption"],"picked":"SKIP","floor":48}],"player_experience":625539,"relics_obtained":[{"floor":8.0,"key":"Pear"},{"floor":9.0,"key":"Ginger"},{"floor":25,"key":"Centennial Puzzle"},{"floor":26,"key":"Paper Frog"},{"floor":28,"key":"Regal Pillow"},{"floor":40,"key":"Kunai"},{"floor":43,"key":"Toxic Egg 2"},{"floor":47,"key":"Art of War"}],"event_choices":[{"event_name":"Shining Light","player_choice":"Entered Light","floor":3.0,"damage_taken":0.0},{"event_name":"Golden Idol","player_choice":"Take Damage","floor":4.0,"damage_taken":0.0},{"event_name":"The Cleric","player_choice":"Leave","floor":7.0,"damage_taken":0.0},{"event_name":"Golden Shrine","player_choice":"Pray","floor":22.0,"damage_taken":0.0},{"event_name":"Falling","player_choice":"Removed Skill","floor":36,"damage_taken":0},{"event_name":"SensoryStone","player_choice":"Memory 1","floor":37,"damage_taken":0},{"event_name":"Tomb of Lord Red Mask","player_choice":"Paid","floor":39,"damage_taken":0}],"is_beta":false,"boss_relics":[{"not_picked":["Mark of Pain","Runic Dome"],"picked":"Astrolabe"},{"not_picked":["Philosopher\u0027s Stone","Busted Crown"],"picked":"Black Blood"}],"items_purged_floors":[5,29],"is_endless":false,"potions_floor_spawned":[1,14,20,25,30,33,35,45],"ascension_level":1}