{"gold_per_floor":[119,139,191,191,183,227,257,269,281,303,315,356,386,122,122,199,199,215,226,226,246,18,18,18],"floor_reached":24,"playtime":1580,"items_purged":[],"score":427,"play_id":"b50e0704-9532-440c-a58a-907d98288583","local_time":"20190724222913","is_ascension_mode":true,"campfire_choices":[{"data":"Neutralize","floor":8.0,"key":"SMITH"},{"data":"Terror","floor":11.0,"key":"SMITH"},{"data":"Sucker Punch","floor":15.0,"key":"SMITH"},{"floor":23.0,"key":"REST"}],"neow_cost":"NONE","seed_source_timestamp":438169060895000,"circlet_count":0,"master_deck":["AscendersBane","Strike_G","Strike_G","Strike_G","Strike_G","Strike_G","Defend_G","Defend_G","Defend_G","Defend_G","Defend_G","Survivor","Neutralize+1","Predator","Dodge and Roll","Dagger Throw","Terror+1","Sucker Punch+1","Tactician","After Image","Acrobatics","Deflect","Decay","Well Laid Plans"],"special_seed":0,"relics":["Ring of the Snake","NeowsBlessing","MawBank","Tough Bandages","Dodecahedron","Mummified Hand","Paper Crane","Black Star","ClockworkSouvenir"],"potions_floor_usage":[24],"damage_taken":[{"damage":0.0,"enemies":"2 Louse","floor":1.0,"turns":1.0},{"damage":0.0,"enemies":"Jaw Worm","floor":2.0,"turns":1.0},{"damage":0.0,"enemies":"Lagavulin","floor":6.0,"turns":1.0},{"damage":0.0,"enemies":"Small Slimes","floor":7.0,"turns":4.0},{"damage":5.0,"enemies":"Exordium Thugs","floor":10.0,"turns":5.0},{"damage":15.0,"enemies":"3 Sentries","floor":12.0,"turns":11.0},{"damage":0.0,"enemies":"Exordium Wildlife","floor":13.0,"turns":4.0},{"damage":10.0,"enemies":"Hexaghost","floor":16.0,"turns":10.0},{"damage":13.0,"enemies":"3 Byrds","floor":18.0,"turns":5.0},{"damage":13.0,"enemies":"Shell Parasite","floor":19.0,"turns":9.0},{"damage":12.0,"enemies":"Shelled Parasite and Fungi","floor":21.0,"turns":9.0},{"damage":45,"enemies":"Gremlin Leader","floor":24,"turns":11}],"seed_played":"-4946623108085745735","potions_obtained":[{"floor":1.0,"key":"Strength Potion"},{"floor":5.0,"key":"Dexterity Potion"},{"floor":10.0,"key":"PowerPotion"},{"floor":19.0,"key":"Fruit Juice"},{"floor":21.0,"key":"LiquidBronze"}],"is_trial":false,"path_per_floor":["M","M","?","?","?","E","M","R","T","M","R","E","M","$","R","B",null,"M","M","?","M","$","R","E"],"character_chosen":"THE_SILENT","items_purchased":["Paper Crane","ClockworkSouvenir"],"campfire_rested":1,"item_purchase_floors":[14,22],"current_hp_per_floor":[59,59,59,54,54,54,54,54,54,49,49,34,34,34,34,24,56,43,30,35,23,23,44,0],"gold":18,"neow_bonus":"THREE_ENEMY_KILL","is_prod":false,"is_daily":false,"chose_seed":false,"campfire_upgraded":3,"win_rate":0,"timestamp":1564000153,"path_taken":["M","M","?","?","?","E","?","R","T","M","R","E","M","$","R","BOSS","M","M","?","M","$","R","E"],"build_version":"2019-07-17","purchased_purges":0,"victory":false,"max_hp_per_floor":[66,66,66,66,66,66,66,66,66,66,66,66,66,66,66,66,66,66,66,71,71,71,71,71],"card_choices":[{"not_picked":["Underhanded Strike","Slice"],"picked":"Predator","floor":1.0},{"not_picked":["Reflex","Quick Slash"],"picked":"Dodge and Roll","floor":2.0},{"not_picked":["Prepared","Sucker Punch"],"picked":"Dagger Throw","floor":6.0},{"not_picked":["Skewer","Bane"],"picked":"Terror","floor":7.0},{"not_picked":["Catalyst","Reflex"],"picked":"Sucker Punch","floor":10.0},{"not_picked":["Cloak And Dagger","Outmaneuver"],"picked":"Tactician","floor":12.0},{"not_picked":["Reflex","Choke","Infinite Blades"],"picked":"SKIP","floor":13.0},{"not_picked":["Die Die Die","Night Terror"],"picked":"After Image","floor":16.0},{"not_picked":["Dodge and Roll","Masterful Stab"],"picked":"Acrobatics","floor":18.0},{"not_picked":["Backflip","Blade Dance"],"picked":"Deflect","floor":19.0},{"not_picked":["Glass Knife","Dagger Throw"],"picked":"Well Laid Plans","floor":21.0}],"player_experience":887888,"relics_obtained":[{"floor":6.0,"key":"Tough Bandages"},{"floor":9.0,"key":"Dodecahedron"},{"floor":12.0,"key":"Mummified Hand"}],"event_choices":[{"damage_healed":0.0,"max_hp_gain":0.0,"max_hp_loss":0.0,"gold_gain":52.0,"event_name":"Golden Wing","player_choice":"Gained Gold","floor":3.0,"gold_loss":0.0,"damage_taken":0.0},{"damage_healed":0.0,"max_hp_gain":0.0,"max_hp_loss":0.0,"gold_gain":0.0,"event_name":"Scrap Ooze","player_choice":"Success","floor":4.0,"gold_loss":0.0,"damage_taken":5.0,"relics_obtained":["MawBank"]},{"damage_healed":0.0,"max_hp_gain":0.0,"max_hp_loss":0.0,"gold_gain":0.0,"event_name":"The Woman in Blue","player_choice":"Bought 1 Potion","floor":5.0,"gold_loss":0.0,"damage_taken":0.0},{"damage_healed":0.0,"max_hp_gain":0.0,"max_hp_loss":0.0,"gold_gain":0.0,"event_name":"Forgotten Altar","player_choice":"Smashed Altar","floor":20.0,"gold_loss":0.0,"damage_taken":0.0,"cards_obtained":["Decay"]}],"is_beta":false,"boss_relics":[{"not_picked":["Astrolabe","Coffee Dripper"],"picked":"Black Star"}],"items_purged_floors":[],"is_endless":false,"potions_floor_spawned":[1,10,13,19,21],"killed_by":"Gremlin Leader","ascension_level":17}