{"path_per_floor":["M","?","M","M","$","R","M","E","T","R","M","$","M","M","R","B",null,"M","$","?","T","?","R","M","R","T"],"character_chosen":"DEFECT","items_purchased":["Cold Snap","Capacitor"],"gold_per_floor":[114,114,128,148,22,22,38,68,68,68,84,33,53,73,73,174,174,190,90,90,147,247,247,265,265,265,265],"floor_reached":27,"campfire_rested":1,"playtime":858,"current_hp_per_floor":[67,67,66,57,57,57,52,38,38,38,38,38,25,14,14,1,57,43,43,29,29,29,29,12,36,36,0],"items_purged":["Defend_B","Strike_B"],"gold":265,"score":298,"play_id":"f02123dd-29d1-4881-be50-cd00be724151","local_time":"20180516103710","is_prod":false,"is_daily":false,"chose_seed":false,"is_ascension_mode":true,"campfire_upgraded":3,"timestamp":1526459830,"path_taken":["M","?","?","M","?","R","M","E","T","R","M","$","?","M","R","BOSS","M","$","?","?","?","R","M","R","T","E"],"build_version":"2018-05-15","seed_source_timestamp":230592708466185,"purchased_purges":2,"victory":false,"master_deck":["Strike_B","Strike_B","Defend_B","Defend_B","Defend_B","Zap+1","Dualcast+1","Sweeping Beam","Coolheaded","Cold Snap","Turbo","Steam","Capacitor+1","Barrage","Reboot","Fusion+1","Barrage+1","Undo"],"max_hp_per_floor":[75,75,75,75,75,75,75,75,75,75,75,75,75,75,75,75,75,75,75,80,80,80,80,80,80,80,80],"relics":["Cracked Core","Shovel","Question Card","Frozen Egg 2","Sozu","Tiny Chest","Bottled Lightning"],"card_choices":[{"not_picked":["Capacitor","Conserve Battery"],"picked":"Sweeping Beam","floor":1.0},{"not_picked":["Tempest","Barrage","Chaos"],"picked":"SKIP","floor":3.0},{"not_picked":["Consume","Go for the Eyes"],"picked":"Coolheaded","floor":4.0},{"not_picked":["Storm","Hologram"],"picked":"Turbo","floor":7.0},{"not_picked":["Barrage","Reprogram"],"picked":"Steam","floor":8.0},{"not_picked":["Conserve Battery","Stack","Steam","Darkness"],"picked":"SKIP","floor":11.0},{"not_picked":["Cold Snap","Steam","Hologram"],"picked":"Barrage","floor":13.0},{"not_picked":["Turbo","Heatsinks+1","Blizzard"],"picked":"Reboot","floor":14},{"not_picked":["Rainbow","Multi-Cast","Fission"],"picked":"Fusion","floor":16},{"not_picked":["White Noise","Hologram","Cold Snap"],"picked":"Barrage+1","floor":18},{"not_picked":["Streamline+1","Cold Snap+1","Stack"],"picked":"Undo","floor":24}],"player_experience":661382,"potions_floor_usage":[16,16],"damage_taken":[{"damage":1.0,"enemies":"2 Louse","floor":1.0,"turns":2.0},{"damage":1.0,"enemies":"Cultist","floor":3.0,"turns":3.0},{"damage":9.0,"enemies":"Jaw Worm","floor":4.0,"turns":3.0},{"damage":5.0,"enemies":"Lots of Slimes","floor":7.0,"turns":3.0},{"damage":14.0,"enemies":"Gremlin Nob","floor":8.0,"turns":3.0},{"damage":0.0,"enemies":"Exordium Thugs","floor":11.0,"turns":4.0},{"damage":13.0,"enemies":"2 Fungi Beasts","floor":13.0,"turns":4.0},{"damage":11,"enemies":"3 Louse","floor":14,"turns":4},{"damage":13,"enemies":"Slime Boss","floor":16,"turns":8},{"damage":14,"enemies":"Chosen","floor":18,"turns":7},{"damage":17,"enemies":"2 Thieves","floor":24,"turns":3},{"damage":38,"enemies":"Gremlin Leader","floor":27,"turns":4}],"relics_obtained":[{"floor":8.0,"key":"Shovel"},{"floor":9.0,"key":"Question Card"},{"floor":10.0,"key":"Frozen Egg 2"},{"floor":21,"key":"Tiny Chest"},{"floor":26,"key":"Bottled Lightning"}],"event_choices":[{"event_name":"Purifier","player_choice":"One Purge","floor":2.0,"damage_taken":0.0},{"event_name":"Forgotten Altar","player_choice":"Shed Blood","floor":20,"damage_taken":0},{"event_name":"Golden Shrine","player_choice":"Pray","floor":22,"damage_taken":0}],"boss_relics":[{"not_picked":["Cursed Key","Lizard Tail"],"picked":"Sozu"}],"potions_floor_spawned":[3,11,13,16],"seed_played":"7352978716624239810","killed_by":"Gremlin Leader","ascension_level":8,"potions_obtained":[{"floor":3.0,"key":"Fire Potion"},{"floor":11.0,"key":"Dexterity Potion"},{"floor":13.0,"key":"FocusPotion"},{"floor":16,"key":"Dexterity Potion"}],"is_trial":false}