{"gold_per_floor":[117,117,141,141,162,162,437,437,437,460,479,479,479,503,503,503],"floor_reached":16,"playtime":491,"items_purged":[],"score":106,"play_id":"b036d677-1b38-4792-b1cd-6b98071283e2","local_time":"20190729171925","is_ascension_mode":true,"campfire_choices":[{"floor":6,"key":"RECALL"},{"data":"PiercingWail","floor":8,"key":"SMITH"},{"data":"Accuracy","floor":13,"key":"SMITH"},{"data":"Burst","floor":15,"key":"SMITH"}],"neow_cost":"NONE","seed_source_timestamp":1551314084076216,"circlet_count":0,"master_deck":["Strike_G","Strike_G","Strike_G","Strike_G","Strike_G","Defend_G","Defend_G","Defend_G","Defend_G","Defend_G","Survivor","Neutralize","PiercingWail","Injury","PiercingWail+1","Regret","Accuracy+1","Blade Dance","Burst+1"],"relics":["Ring of the Snake","Golden Idol","Omamori"],"potions_floor_usage":[16,16],"damage_taken":[{"damage":2,"enemies":"Jaw Worm","floor":1,"turns":5},{"damage":2,"enemies":"Cultist","floor":3,"turns":5},{"damage":2,"enemies":"Small Slimes","floor":5,"turns":6},{"damage":19,"enemies":"Red Slaver","floor":10,"turns":6},{"damage":13,"enemies":"3 Louse","floor":11,"turns":4},{"damage":9,"enemies":"Gremlin Gang","floor":14,"turns":7},{"damage":43,"enemies":"Slime Boss","floor":16,"turns":6}],"seed_played":"6969899364619136608","potions_obtained":[{"floor":4,"key":"SpeedPotion"},{"floor":4,"key":"FearPotion"},{"floor":4,"key":"Weak Potion"},{"floor":5,"key":"Energy Potion"}],"is_trial":false,"path_per_floor":["M","?","M","?","M","R","?","R","T","M","M","?","R","M","R","B"],"character_chosen":"THE_SILENT","items_purchased":[],"campfire_rested":0,"item_purchase_floors":[],"current_hp_per_floor":[75,75,73,73,71,71,71,71,71,52,39,39,39,30,30,0],"gold":503,"neow_bonus":"TEN_PERCENT_HP_BONUS","is_prod":false,"is_daily":false,"chose_seed":false,"campfire_upgraded":3,"win_rate":0,"timestamp":1564435165,"path_taken":["M","?","M","?","?","R","?","R","T","M","?","?","R","M","R","BOSS"],"build_version":"2019-07-17","purchased_purges":0,"victory":false,"max_hp_per_floor":[77,77,77,77,77,77,77,77,77,77,77,77,77,77,77,77],"card_choices":[{"not_picked":["Quick Slash","Backflip"],"picked":"PiercingWail","floor":1},{"not_picked":["Deadly Poison","Cloak And Dagger"],"picked":"PiercingWail","floor":3},{"not_picked":["Prepared","Bouncing Flask","Quick Slash"],"picked":"SKIP","floor":5},{"not_picked":["Blade Dance","Poisoned Stab"],"picked":"Accuracy","floor":10},{"not_picked":["Poisoned Stab","Slice"],"picked":"Blade Dance","floor":11},{"not_picked":["Poisoned Stab","Slice"],"picked":"Burst","floor":14}],"player_experience":208281,"relics_obtained":[],"event_choices":[{"damage_healed":0,"gold_gain":0,"player_choice":"Take Wound","damage_taken":0,"relics_obtained":["Golden Idol"],"max_hp_gain":0,"max_hp_loss":0,"event_name":"Golden Idol","floor":2,"gold_loss":0,"cards_obtained":["Injury"]},{"damage_healed":0,"gold_gain":0,"player_choice":"Got Potions","damage_taken":0,"max_hp_gain":0,"max_hp_loss":0,"event_name":"Lab","floor":4,"gold_loss":0},{"damage_healed":0,"gold_gain":275,"player_choice":"Desecrate","damage_taken":0,"max_hp_gain":0,"max_hp_loss":0,"event_name":"Golden Shrine","floor":7,"gold_loss":0,"cards_obtained":["Regret"]},{"damage_healed":0,"gold_gain":0,"player_choice":"Gave Potion","damage_taken":0,"relics_obtained":["Omamori"],"max_hp_gain":0,"max_hp_loss":0,"event_name":"WeMeetAgain","floor":12,"gold_loss":0}],"is_beta":false,"boss_relics":[],"items_purged_floors":[],"is_endless":false,"potions_floor_spawned":[5,11],"killed_by":"Slime Boss","ascension_level":3}