{"gold_per_floor":[118,134,153,173,183,183,216,216,242,254,12,12,12,18,18,122,122,135,60,79,89,107,107,121,121,145,145,145,165,165,182,182,182],"floor_reached":33,"playtime":1622,"items_purged":["Strike_B"],"score":405,"play_id":"490e966e-58c6-433d-bbf8-04daf3698221","local_time":"20190111133636","is_ascension_mode":true,"campfire_choices":[{"data":"Zap","floor":6.0,"key":"SMITH"},{"floor":8.0,"key":"REST"},{"data":"Loop","floor":13.0,"key":"SMITH"},{"data":"Dualcast","floor":15.0,"key":"SMITH"},{"floor":23.0,"key":"REST"},{"data":"Coolheaded","floor":25.0,"key":"SMITH"},{"data":"Conserve Battery","floor":32.0,"key":"SMITH"}],"neow_cost":"NONE","seed_source_timestamp":358567451556775,"circlet_count":0,"master_deck":["AscendersBane","Strike_B","Strike_B","Defend_B+1","Defend_B","Zap+1","Dualcast+1","Compile Driver","Conserve Battery+1","Conserve Battery+1","Loop+1","Compile Driver","Cold Snap","Go for the Eyes+1","Coolheaded+1","Steam+1","Darkness+1"],"special_seed":0,"relics":["Cracked Core","Pocketwatch","War Paint","Meat on the Bone","Empty Cage","Orichalcum"],"potions_floor_usage":[33],"damage_taken":[{"damage":0.0,"enemies":"Cultist","floor":1.0,"turns":3.0},{"damage":11.0,"enemies":"Jaw Worm","floor":2.0,"turns":4.0},{"damage":3.0,"enemies":"Small Slimes","floor":3.0,"turns":3.0},{"damage":5.0,"enemies":"Exordium Thugs","floor":4.0,"turns":4.0},{"damage":9.0,"enemies":"Blue Slaver","floor":5.0,"turns":4.0},{"damage":34.0,"enemies":"Gremlin Nob","floor":7.0,"turns":5.0},{"damage":5.0,"enemies":"3 Louse","floor":10.0,"turns":4.0},{"damage":7.0,"enemies":"Exordium Thugs","floor":14.0,"turns":5.0},{"damage":14.0,"enemies":"The Guardian","floor":16.0,"turns":13.0},{"damage":6.0,"enemies":"Shell Parasite","floor":18.0,"turns":5.0},{"damage":30.0,"enemies":"2 Thieves","floor":20.0,"turns":4.0},{"damage":27.0,"enemies":"Centurion and Healer","floor":21.0,"turns":9.0},{"damage":20.0,"enemies":"Snake Plant","floor":22.0,"turns":6.0},{"damage":0.0,"enemies":"Chosen and Byrds","floor":24.0,"turns":8.0},{"damage":13.0,"enemies":"Centurion and Healer","floor":29.0,"turns":9.0},{"damage":0.0,"enemies":"Snecko","floor":31.0,"turns":7.0},{"damage":53,"enemies":"Collector","floor":33,"turns":7}],"seed_played":"4034293080757573805","potions_obtained":[{"floor":1.0,"key":"Ancient Potion"},{"floor":3.0,"key":"Explosive Potion"},{"floor":5.0,"key":"Strength Potion"},{"floor":21.0,"key":"FearPotion"},{"floor":24.0,"key":"Swift Potion"},{"floor":31.0,"key":"AttackPotion"}],"is_trial":false,"path_per_floor":["M","M","M","M","M","R","E","R","T","M","$","?","R","M","R","B",null,"M","$","M","M","M","R","M","R","T","?","?","M","?","M","R","B"],"character_chosen":"DEFECT","items_purchased":["Meat on the Bone"],"campfire_rested":2,"item_purchase_floors":[11],"current_hp_per_floor":[68,57,54,49,40,40,6,28,28,23,23,23,23,28,28,26,63,57,57,39,24,16,38,38,38,38,38,38,37,37,49,49,0],"gold":182,"neow_bonus":"THREE_CARDS","is_prod":false,"is_daily":false,"chose_seed":false,"campfire_upgraded":5,"win_rate":0,"timestamp":1547210196,"path_taken":["M","?","M","M","M","R","E","R","T","M","$","?","R","M","R","BOSS","M","$","M","M","M","R","M","R","T","?","?","?","?","M","R","BOSS"],"build_version":"2019-01-10","purchased_purges":1,"victory":false,"max_hp_per_floor":[75,75,75,75,75,75,75,75,75,75,75,75,75,75,75,75,75,75,75,75,75,75,75,75,75,75,75,75,75,75,75,75,75],"card_choices":[{"not_picked":["Rebound","Self Repair"],"picked":"Compile Driver","floor":0.0},{"not_picked":["Aggregate","Barrage","Stack"],"picked":"SKIP","floor":1.0},{"not_picked":["Compile Driver","Static Discharge"],"picked":"Conserve Battery","floor":2.0},{"not_picked":["Rebound","Tempest","Leap"],"picked":"SKIP","floor":3.0},{"not_picked":["Gash","Hello World","Beam Cell"],"picked":"SKIP","floor":4.0},{"not_picked":["Turbo","Stack"],"picked":"Conserve Battery","floor":5.0},{"not_picked":["Barrage","Beam Cell"],"picked":"Loop","floor":7.0},{"not_picked":["Stack","Steam Power","Multi-Cast"],"picked":"SKIP","floor":10.0},{"not_picked":["Gash","Go for the Eyes","Barrage"],"picked":"SKIP","floor":14.0},{"not_picked":["Scrape+1","Heatsinks"],"picked":"Compile Driver","floor":18.0},{"not_picked":["Leap","Scrape"],"picked":"Cold Snap","floor":20.0},{"not_picked":["Leap","Compile Driver","Beam Cell"],"picked":"SKIP","floor":21.0},{"not_picked":["Stack+1","All For One"],"picked":"Go for the Eyes+1","floor":22.0},{"not_picked":["Conserve Battery","Steam"],"picked":"Coolheaded","floor":24.0},{"not_picked":["Conserve Battery","Self Repair"],"picked":"Steam+1","floor":29.0},{"not_picked":["Steam","Rebound+1"],"picked":"Darkness+1","floor":31.0}],"player_experience":692523,"relics_obtained":[{"floor":7.0,"key":"Pocketwatch"},{"floor":9.0,"key":"War Paint"},{"floor":26.0,"key":"Orichalcum"}],"event_choices":[{"damage_healed":0.0,"max_hp_gain":0.0,"max_hp_loss":0.0,"gold_gain":0.0,"event_name":"Shining Light","player_choice":"Ignored","floor":12.0,"gold_loss":0.0,"damage_taken":0.0},{"damage_healed":0.0,"max_hp_gain":0.0,"max_hp_loss":0.0,"gold_gain":0.0,"event_name":"Cursed Tome","player_choice":"Ignored","floor":27.0,"gold_loss":0.0,"damage_taken":0.0},{"damage_healed":0.0,"max_hp_gain":0.0,"max_hp_loss":0.0,"gold_gain":0.0,"event_name":"Ghosts","player_choice":"Ignored","floor":28.0,"gold_loss":0.0,"damage_taken":0.0},{"cards_removed":["Defend_B"],"damage_healed":0.0,"max_hp_gain":0.0,"max_hp_loss":0.0,"gold_gain":0.0,"event_name":"Back to Basics","player_choice":"Elegance","floor":30.0,"gold_loss":0.0,"damage_taken":0.0}],"is_beta":false,"boss_relics":[{"not_picked":["Coffee Dripper","Philosopher\u0027s Stone"],"picked":"Empty Cage"}],"items_purged_floors":[19],"is_endless":false,"potions_floor_spawned":[1,3,5,21,24,31],"killed_by":"Collector","ascension_level":12}