{"gold_per_floor":[112,112,16,29,49,49,66,93,120,30,50,70,245,245],"floor_reached":14,"playtime":366,"items_purged":[],"score":92,"play_id":"38113627-12ac-4c5a-b4cd-bfe9f2b4a4fe","local_time":"20190411214120","is_ascension_mode":false,"campfire_choices":[{"floor":6,"key":"RECALL"}],"neow_cost":"NONE","seed_source_timestamp":94934093082400,"circlet_count":0,"master_deck":["Strike_R","Strike_R","Strike_R","Strike_R","Strike_R","Defend_R","Defend_R","Defend_R","Defend_R","Bash+1","Shrug It Off","Jack Of All Trades","Shrug It Off","Flex","Cleave","Jack Of All Trades","Heavy Blade","Thunderclap","Doubt"],"relics":["Eternal Feather","Pen Nib"],"potions_floor_usage":[8],"damage_taken":[{"damage":16,"enemies":"Small Slimes","floor":1,"turns":4},{"damage":0,"enemies":"Cultist","floor":4,"turns":3},{"damage":6,"enemies":"Jaw Worm","floor":5,"turns":3},{"damage":1,"enemies":"2 Fungi Beasts","floor":7,"turns":4},{"damage":42,"enemies":"Gremlin Nob","floor":8,"turns":5},{"damage":12,"enemies":"3 Louse","floor":11,"turns":5},{"damage":2,"enemies":"Exordium Thugs","floor":12,"turns":2},{"damage":8,"enemies":"Gremlin Gang","floor":14,"turns":1}],"seed_played":"7796847311260270404","potions_obtained":[{"floor":4,"key":"Block Potion"}],"is_trial":false,"path_per_floor":["M","?","$","M","M","R","M","E","T","$","M","M","?","M"],"character_chosen":"IRONCLAD","items_purchased":["Jack Of All Trades","Jack Of All Trades"],"campfire_rested":0,"item_purchase_floors":[3,10],"current_hp_per_floor":[64,64,64,64,58,64,63,21,21,21,9,7,7,0],"gold":245,"neow_bonus":"BOSS_RELIC","is_prod":false,"is_daily":false,"chose_seed":false,"campfire_upgraded":0,"win_rate":0,"timestamp":1555036880,"path_taken":["M","?","?","M","?","R","M","E","T","$","?","M","?","M"],"build_version":"2019-01-23","purchased_purges":0,"victory":false,"max_hp_per_floor":[80,80,80,80,80,80,80,80,80,80,80,80,80,80],"card_choices":[{"not_picked":["Headbutt","Clash"],"picked":"Shrug It Off","floor":1},{"not_picked":["Clash","Wild Strike","Warcry"],"picked":"SKIP","floor":4},{"not_picked":["Clash","Clothesline"],"picked":"Shrug It Off","floor":5},{"not_picked":["Sword Boomerang","Pommel Strike"],"picked":"Flex","floor":7},{"not_picked":["Brutality","Twin Strike"],"picked":"Cleave","floor":8},{"not_picked":["Warcry","Clothesline"],"picked":"Heavy Blade","floor":11},{"not_picked":["Pommel Strike","Wild Strike"],"picked":"Thunderclap","floor":12}],"player_experience":753755,"relics_obtained":[{"floor":8,"key":"Pen Nib"}],"event_choices":[{"damage_healed":0,"gold_gain":0,"player_choice":"Upgraded","damage_taken":0,"max_hp_gain":0,"max_hp_loss":0,"event_name":"Upgrade Shrine","floor":2,"gold_loss":0,"cards_upgraded":["Bash"]},{"damage_healed":0,"gold_gain":175,"player_choice":"AGREE","damage_taken":0,"max_hp_gain":0,"max_hp_loss":0,"event_name":"Liars Game","floor":13,"gold_loss":0,"cards_obtained":["Doubt"]}],"is_beta":false,"boss_relics":[],"items_purged_floors":[],"is_endless":false,"potions_floor_spawned":[4],"killed_by":"Gremlin Gang","ascension_level":0}