{"path_per_floor":["M","?","M","?","?","R","M","M","T","$","M","M","R","M","R","B",null,"M","?","$","?","M","R"],"character_chosen":"THE_SILENT","items_purchased":["Infinite Blades","Regal Pillow"],"gold_per_floor":[17,92,104,104,104,104,127,146,146,69,93,118,118,132,132,252,252,268,268,39,39,40,40],"floor_reached":24,"campfire_rested":3,"playtime":970,"current_hp_per_floor":[55,44,44,44,27,48,43,19,19,19,19,19,19,19,40,21,58,24,24,24,24,7,43],"items_purged":["Strike_G"],"gold":40,"score":301,"play_id":"c2e07b94-0706-457f-aab0-8493a8ce80d4","local_time":"20180318233402","is_prod":false,"is_daily":false,"is_ascension_mode":true,"campfire_upgraded":1,"timestamp":1521412442,"path_taken":["M","?","M","?","?","R","M","M","T","$","M","?","R","M","R","BOSS","M","?","$","?","M","R","E"],"build_version":"2018-03-15v3","purchased_purges":1,"victory":false,"master_deck":["Defend_G","Defend_G","Defend_G","Defend_G","Defend_G","Strike_G","Strike_G","Strike_G","Survivor","Neutralize","Parasite","Glass Knife","Cloak And Dagger+1","Accuracy","Acrobatics","Infinite Blades","Leg Sweep","Accuracy","Blade Dance","Tactician"],"max_hp_per_floor":[70,70,70,70,70,70,70,70,70,70,70,70,70,70,70,70,70,70,70,70,70,70,70],"relics":["Ring of the Snake","Golden Idol","Thread and Needle","Question Card","Regal Pillow"],"card_choices":[{"not_picked":["Doppelganger","Tactician"],"picked":"Glass Knife"},{"not_picked":["Underhanded Strike","Quick Slash"],"picked":"Cloak And Dagger"},{"not_picked":["Choke","Bouncing Flask"],"picked":"Accuracy"},{"not_picked":["Bouncing Flask","Poisoned Stab"],"picked":"Acrobatics"},{"not_picked":["Acrobatics","Phantasmal Killer"],"picked":"Leg Sweep"},{"not_picked":["Reflex","Bane"],"picked":"Accuracy"},{"not_picked":["PiercingWail","Dagger Throw"],"picked":"Blade Dance"},{"not_picked":["Die Die Die","Glass Knife"],"picked":"Tactician"}],"player_experience":423003,"potions_floor_usage":[],"damage_taken":[{"damage":8.0,"enemies":"Small Slimes","floor":1.0,"turns":3.0},{"damage":0.0,"enemies":"Cultist","floor":3.0,"turns":3.0},{"damage":5.0,"enemies":"2 Louse","floor":7.0,"turns":3.0},{"damage":24.0,"enemies":"Large Slime","floor":8.0,"turns":8.0},{"damage":0.0,"enemies":"Exordium Wildlife","floor":11.0,"turns":3.0},{"damage":0.0,"enemies":"Looter","floor":12.0,"turns":4.0},{"damage":0.0,"enemies":"Blue Slaver","floor":14.0,"turns":4.0},{"damage":19.0,"enemies":"Slime Boss","floor":16.0,"turns":8.0},{"damage":34.0,"enemies":"Chosen","floor":18.0,"turns":7.0},{"damage":17.0,"enemies":"2 Thieves","floor":22.0,"turns":4.0},{"damage":55,"enemies":"Gremlin Leader","floor":24,"turns":9}],"event_choices":[{"event_name":"World of Goop","player_choice":"Gather Gold","floor":2.0,"damage_taken":0.0},{"event_name":"Liars Game","player_choice":"disagreed","floor":4.0,"damage_taken":0.0},{"event_name":"Golden Idol","player_choice":"Take Damage","floor":5.0,"damage_taken":0.0},{"event_name":"Back to Basics","player_choice":"Elegance","floor":19.0,"damage_taken":0.0},{"event_name":"Addict","player_choice":"Ignored","floor":21.0,"damage_taken":0.0}],"boss_relics":[],"potions_floor_spawned":[7,11,12,16,18],"seed_played":"-3579894001182304685","killed_by":"Gremlin Leader","ascension_level":12,"is_trial":false}