{"gold_per_floor":[19,32,32,48,48,48,75,75,75,25,25,25,25,45,45,120,120,120,120,120,70,70,70,70],"floor_reached":24,"playtime":649,"items_purged":["Strike_R","Strike_R"],"score":336,"play_id":"8d171134-0462-47e4-9942-e9917707c291","local_time":"20180807112737","is_ascension_mode":true,"campfire_choices":[{"data":"Berserk","floor":6.0,"key":"SMITH"},{"data":"Shockwave","floor":8,"key":"SMITH"},{"data":"Bash","floor":13,"key":"SMITH"},{"data":"Heavy Blade","floor":15,"key":"SMITH"},{"data":"Bloodletting","floor":23,"key":"SMITH"}],"neow_cost":"NO_GOLD","seed_source_timestamp":397314136767719,"circlet_count":0,"master_deck":["Strike_R","Strike_R","Strike_R","Defend_R","Defend_R","Defend_R","Bash+1","AscendersBane","Berserk+1","Heavy Blade+1","Shockwave+1","Spot Weakness","Demon Form","Bloodletting+1","RitualDagger","Warcry"],"special_seed":0,"relics":["Burning Blood","Ornamental Fan","Smiling Mask","Ectoplasm"],"potions_floor_usage":[7,16,24],"damage_taken":[{"damage":13.0,"enemies":"Jaw Worm","floor":1.0,"turns":4.0},{"damage":6.0,"enemies":"Cultist","floor":2.0,"turns":3.0},{"damage":5.0,"enemies":"2 Louse","floor":4.0,"turns":3.0},{"damage":30,"enemies":"3 Sentries","floor":7,"turns":6},{"damage":5,"enemies":"Looter","floor":14,"turns":3},{"damage":13,"enemies":"Slime Boss","floor":16,"turns":7},{"damage":27,"enemies":"Spheric Guardian","floor":18,"turns":4},{"damage":0,"enemies":"3 Byrds","floor":20,"turns":4},{"damage":45,"enemies":"Slavers","floor":24,"turns":5}],"seed_played":"4013766691196814503","potions_obtained":[{"floor":4.0,"key":"Strength Potion"},{"floor":5.0,"key":"Swift Potion"},{"floor":7,"key":"EssenceOfSteel"},{"floor":18,"key":"Strength Potion"}],"is_trial":false,"path_per_floor":["M","M","$","M","?","R","E","R","T","$","?","$","R","M","R","B",null,"M","?","M","$","?","R"],"character_chosen":"IRONCLAD","items_purchased":[],"campfire_rested":0,"item_purchase_floors":[],"current_hp_per_floor":[61,61,61,62,62,62,38,38,38,38,31,31,31,32,32,25,63,42,36,42,42,42,42,0],"gold":70,"neow_bonus":"THREE_RARE_CARDS","is_prod":false,"is_daily":false,"chose_seed":false,"campfire_upgraded":5,"win_rate":0,"timestamp":1533634057,"path_taken":["M","M","$","M","?","R","E","R","T","$","?","?","R","M","R","BOSS","M","?","M","$","?","R","E"],"build_version":"2018-08-06","purchased_purges":2,"victory":false,"max_hp_per_floor":[75,75,75,75,75,75,75,75,75,75,75,75,75,75,75,75,75,75,75,75,75,75,75,75],"card_choices":[{"not_picked":["Demon Form","Immolate"],"picked":"Berserk","floor":0.0},{"not_picked":["Clothesline","Rupture"],"picked":"Heavy Blade","floor":1.0},{"not_picked":["Fire Breathing","Havoc","Wild Strike"],"picked":"SKIP","floor":2.0},{"not_picked":["Body Slam","Burning Pact"],"picked":"Shockwave","floor":4.0},{"not_picked":["Sever Soul","Bludgeon","Rampage"],"picked":"SKIP","floor":7},{"not_picked":["Havoc","Burning Pact"],"picked":"Spot Weakness","floor":14},{"not_picked":["Exhume","Brutality"],"picked":"Demon Form","floor":16},{"not_picked":["Body Slam","Twin Strike"],"picked":"Bloodletting","floor":18},{"not_picked":["Wild Strike","Twin Strike"],"picked":"Warcry","floor":20}],"player_experience":760903,"relics_obtained":[{"floor":7,"key":"Ornamental Fan"},{"floor":9,"key":"Smiling Mask"}],"event_choices":[{"event_name":"The Lab","player_choice":"Got Potions","floor":5.0,"damage_taken":0.0},{"event_name":"Golden Wing","player_choice":"Card Removal","floor":11,"damage_taken":0},{"event_name":"Nest","player_choice":"Joined the Cult","floor":19,"damage_taken":0},{"event_name":"Vampires","player_choice":"Ignored","floor":22,"damage_taken":0}],"is_beta":true,"boss_relics":[{"not_picked":["Astrolabe","Black Star"],"picked":"Ectoplasm"}],"items_purged_floors":[10,21],"is_endless":false,"potions_floor_spawned":[4,7,14,18,20],"killed_by":"Slavers","ascension_level":15}