{"gold_per_floor":[112,123,73,88,88,115,115,153,176,176,176,200,200,235,235,235],"floor_reached":16,"playtime":796,"items_purged":[],"score":168,"play_id":"01da2911-dad9-4713-a96a-ce1c4655c2ac","local_time":"20190724140515","is_ascension_mode":true,"campfire_choices":[{"floor":11.0,"key":"REST"},{"data":"Bash","floor":15.0,"key":"SMITH"}],"neow_cost":"NONE","seed_source_timestamp":1165364947215700,"circlet_count":0,"master_deck":["Strike_R","Strike_R","Strike_R","Strike_R","Defend_R","Defend_R+1","Defend_R","Defend_R","Bash+1","Shrug It Off+1","Spot Weakness","Iron Wave","Warcry","Injury","Carnage","Thunderclap"],"special_seed":0,"relics":["Burning Blood","NeowsBlessing","Pen Nib","Juzu Bracelet","Golden Idol","Question Card","Orichalcum","War Paint","FaceOfCleric","Art of War"],"potions_floor_usage":[],"damage_taken":[{"damage":0.0,"enemies":"Cultist","floor":1.0,"turns":1.0},{"damage":0.0,"enemies":"Jaw Worm","floor":2.0,"turns":1.0},{"damage":0.0,"enemies":"Small Slimes","floor":4.0,"turns":1.0},{"damage":29.0,"enemies":"Gremlin Nob","floor":6.0,"turns":5.0},{"damage":31.0,"enemies":"Lagavulin","floor":8.0,"turns":7.0},{"damage":14.0,"enemies":"3 Sentries","floor":14.0,"turns":7.0},{"damage":53,"enemies":"Slime Boss","floor":16,"turns":7}],"seed_played":"9153310256257865645","potions_obtained":[{"floor":1.0,"key":"Poison Potion"},{"floor":4.0,"key":"Block Potion"},{"floor":14.0,"key":"Strength Potion"}],"is_trial":false,"path_per_floor":["M","M","?","M","?","E","?","E","T","?","R","T","?","E","R","B"],"character_chosen":"IRONCLAD","items_purchased":[],"campfire_rested":1,"item_purchase_floors":[],"current_hp_per_floor":[78,80,80,80,73,50,50,25,25,25,49,49,49,42,42,0],"gold":235,"neow_bonus":"THREE_ENEMY_KILL","is_prod":false,"is_daily":false,"chose_seed":false,"campfire_upgraded":1,"win_rate":0,"timestamp":1564002315,"path_taken":["M","?","?","M","?","E","?","E","T","?","R","?","?","E","R","BOSS"],"build_version":"2019-07-18","purchased_purges":0,"victory":false,"max_hp_per_floor":[80,80,80,80,80,80,80,80,80,80,80,80,80,81,81,81],"card_choices":[{"not_picked":["Clash","Thunderclap"],"picked":"Shrug It Off","floor":1.0},{"not_picked":["Headbutt","Brutality"],"picked":"Spot Weakness","floor":2.0},{"not_picked":["Blood for Blood","Clothesline"],"picked":"Iron Wave","floor":4.0},{"not_picked":["Entrench","Havoc"],"picked":"Warcry","floor":6.0},{"not_picked":["Metallicize","Dropkick"],"picked":"Carnage","floor":8.0},{"not_picked":["True Grit","Shrug It Off","Warcry"],"picked":"Thunderclap","floor":14.0}],"player_experience":174187,"relics_obtained":[{"floor":6.0,"key":"Juzu Bracelet"},{"floor":8.0,"key":"Question Card"},{"floor":9.0,"key":"Orichalcum"},{"floor":12.0,"key":"War Paint"},{"floor":14.0,"key":"Art of War"}],"event_choices":[{"cards_removed":["Strike_R"],"damage_healed":0.0,"max_hp_gain":0.0,"max_hp_loss":0.0,"gold_gain":0.0,"event_name":"The Cleric","player_choice":"Card Removal","floor":3.0,"gold_loss":50.0,"damage_taken":0.0},{"damage_healed":0.0,"max_hp_gain":0.0,"max_hp_loss":0.0,"gold_gain":0.0,"event_name":"Scrap Ooze","player_choice":"Success","floor":5.0,"gold_loss":0.0,"damage_taken":7.0,"relics_obtained":["Pen Nib"]},{"damage_healed":0.0,"max_hp_gain":0.0,"max_hp_loss":0.0,"gold_gain":0.0,"event_name":"Golden Idol","player_choice":"Take Wound","floor":7.0,"gold_loss":0.0,"damage_taken":0.0,"relics_obtained":["Golden Idol"],"cards_obtained":["Injury"]},{"damage_healed":0.0,"max_hp_gain":0.0,"max_hp_loss":0.0,"gold_gain":0.0,"event_name":"Liars Game","player_choice":"Ignored","floor":10.0,"gold_loss":0.0,"damage_taken":0.0},{"damage_healed":0.0,"max_hp_gain":0.0,"max_hp_loss":0.0,"gold_gain":0.0,"event_name":"FaceTrader","player_choice":"Trade","floor":13.0,"gold_loss":0.0,"damage_taken":0.0,"relics_obtained":["FaceOfCleric"]}],"is_beta":true,"boss_relics":[],"items_purged_floors":[],"is_endless":false,"potions_floor_spawned":[1,4,14],"killed_by":"Slime Boss","ascension_level":9}