{"gold_per_floor":[118,11,11,11,11,11,45,64,64,89,100,111,111,126,126,225,225,238,248,248,86,99,99,99,130,130,130,142,142,67,98,98,195,195,207,207,224,238,338,338,372,372,372,402,402,402,402,415,415,415],"floor_reached":50,"playtime":2013,"items_purged":["Strike_B"],"score":625,"play_id":"9cc95900-8d6d-4cae-a5ce-d0684e7086cd","local_time":"20190723184313","is_ascension_mode":true,"campfire_choices":[{"data":"Dualcast","floor":6,"key":"SMITH"},{"data":"Sunder","floor":13,"key":"SMITH"},{"data":"Sweeping Beam","floor":15,"key":"SMITH"},{"data":"Redo","floor":23,"key":"SMITH"},{"data":"Blizzard","floor":24,"key":"SMITH"},{"data":"Machine Learning","floor":27,"key":"SMITH"},{"floor":29,"key":"REST"},{"floor":32,"key":"REST"},{"floor":40,"key":"REST"},{"floor":42,"key":"REST"},{"floor":45,"key":"REST"},{"floor":49,"key":"REST"}],"neow_cost":"NONE","seed_source_timestamp":1058092411547447,"circlet_count":0,"master_deck":["Strike_B","Defend_B","Defend_B+1","Defend_B","Defend_B","Zap+1","Dualcast+1","Sweeping Beam+1","Cold Snap","Machine Learning+1","Sunder+1","Hologram","Leap","Coolheaded","Core Surge","Blizzard+1","RitualDagger","Blizzard","Redo+1","Sweeping Beam+1","Static Discharge","Creative AI","Core Surge","Redo","Go for the Eyes+1","Cold Snap+1","Violence","Steam Power"],"relics":["FrozenCore","NeowsBlessing","War Paint","Mummified Hand","Emotion Chip","WingedGreaves","Pear","Oddly Smooth Stone","Happy Flower","Nuclear Battery","Torii","Symbiotic Virus","Ornamental Fan"],"potions_floor_usage":[14,14,14,16,25,25,31,33,41,44,44,44,50],"damage_taken":[{"damage":0,"enemies":"Small Slimes","floor":1,"turns":1},{"damage":0,"enemies":"Lagavulin","floor":7,"turns":1},{"damage":0,"enemies":"Jaw Worm","floor":8,"turns":1},{"damage":22,"enemies":"Gremlin Nob","floor":10,"turns":4},{"damage":0,"enemies":"Cultist","floor":11,"turns":3},{"damage":0,"enemies":"2 Fungi Beasts","floor":12,"turns":1},{"damage":4,"enemies":"3 Louse","floor":14,"turns":2},{"damage":11,"enemies":"Slime Boss","floor":16,"turns":11},{"damage":9,"enemies":"2 Thieves","floor":18,"turns":5},{"damage":8,"enemies":"Spheric Guardian","floor":19,"turns":4},{"damage":12,"enemies":"Centurion and Healer","floor":22,"turns":10},{"damage":32,"enemies":"Slavers","floor":25,"turns":5},{"damage":16,"enemies":"Snecko","floor":28,"turns":4},{"damage":36,"enemies":"Gremlin Leader","floor":31,"turns":8},{"damage":28,"enemies":"Collector","floor":33,"turns":11},{"damage":0,"enemies":"3 Shapes","floor":35,"turns":4},{"damage":15,"enemies":"3 Darklings","floor":37,"turns":6},{"damage":26,"enemies":"Transient","floor":38,"turns":5},{"damage":16,"enemies":"Mind Bloom Boss Battle","floor":39,"turns":5},{"damage":27,"enemies":"Giant Head","floor":41,"turns":9},{"damage":41,"enemies":"Nemesis","floor":44,"turns":9},{"damage":28,"enemies":"4 Shapes","floor":48,"turns":5},{"damage":62,"enemies":"Donu and Deca","floor":50,"turns":5}],"seed_played":"-7810989977596819253","potions_obtained":[{"floor":1,"key":"Strength Potion"},{"floor":8,"key":"EssenceOfSteel"},{"floor":11,"key":"Strength Potion"},{"floor":14,"key":"Dexterity Potion"},{"floor":16,"key":"Fruit Juice"},{"floor":19,"key":"SpeedPotion"},{"floor":22,"key":"Fire Potion"},{"floor":31,"key":"Regen Potion"},{"floor":38,"key":"EntropicBrew"},{"floor":44,"key":"Strength Potion"}],"is_trial":false,"path_per_floor":["M","$","?","?","T","R","E","M","T","E","M","M","R","M","R","B",null,"M","M","?","$","M","R","R","E","T","R","M","R","?","E","R","B",null,"M","?","M","M","?","R","E","R","T","E","R","?","?","M","R","B"],"character_chosen":"DEFECT","items_purchased":["Sweeping Beam","Cold Snap","Blizzard","Redo"],"campfire_rested":6,"item_purchase_floors":[2,2,21,21],"current_hp_per_floor":[75,75,80,80,80,80,80,80,80,58,58,58,58,54,54,48,85,76,68,62,62,50,50,50,28,28,28,12,40,40,4,32,18,95,95,95,80,54,38,66,39,67,67,26,54,54,54,26,54,0],"gold":415,"neow_bonus":"THREE_ENEMY_KILL","is_prod":false,"is_daily":false,"chose_seed":false,"campfire_upgraded":6,"win_rate":0,"timestamp":1563925393,"path_taken":["M","$","?","?","?","R","E","M","T","E","M","M","R","?","R","BOSS","M","M","?","$","M","R","R","E","T","R","M","R","?","E","R","BOSS","M","?","M","?","?","R","E","R","T","E","R","?","?","M","R","BOSS"],"build_version":"2019-07-17","purchased_purges":1,"victory":false,"max_hp_per_floor":[75,75,80,80,80,80,80,80,80,80,80,80,80,80,80,85,85,85,85,85,85,85,85,85,95,95,95,95,95,95,95,95,95,95,95,95,95,95,95,95,95,95,95,95,95,95,95,95,95,95],"card_choices":[{"not_picked":["Cold Snap","Heatsinks"],"picked":"Machine Learning","floor":7},{"not_picked":["Double Energy","Reinforced Body"],"picked":"Sunder","floor":8},{"not_picked":["Capacitor","Reinforced Body"],"picked":"Hologram","floor":10},{"not_picked":["FTL","Blizzard"],"picked":"Leap","floor":11},{"not_picked":["Blizzard","Gash"],"picked":"Coolheaded","floor":12},{"not_picked":["Barrage","Stack","Ball Lightning"],"picked":"SKIP","floor":14},{"not_picked":["Buffer","Amplify"],"picked":"Core Surge","floor":16},{"not_picked":["Rebound+1","Redo"],"picked":"Blizzard","floor":18},{"not_picked":["Barrage","Go for the Eyes","Sweeping Beam"],"picked":"SKIP","floor":19},{"not_picked":["Steam","Go for the Eyes"],"picked":"Sweeping Beam+1","floor":22},{"not_picked":["Thunder Strike","Cold Snap","Turbo"],"picked":"SKIP","floor":25},{"not_picked":["Streamline","Melter"],"picked":"Static Discharge","floor":28},{"not_picked":["Ball Lightning","Sweeping Beam"],"picked":"Creative AI","floor":31},{"not_picked":["Meteor Strike","Creative AI"],"picked":"Core Surge","floor":33},{"not_picked":["Conserve Battery+1","Force Field+1","Leap"],"picked":"SKIP","floor":35},{"not_picked":["Barrage","Conserve Battery+1"],"picked":"Go for the Eyes+1","floor":37},{"not_picked":["Sweeping Beam+1","Aggregate+1","Rebound+1"],"picked":"SKIP","floor":38},{"not_picked":["Sweeping Beam+1","Aggregate+1","Rebound+1"],"picked":"SKIP","floor":38},{"not_picked":["Rebound","Conserve Battery+1","Machine Learning"],"picked":"SKIP","floor":41},{"not_picked":["Darkness","Hologram"],"picked":"Cold Snap+1","floor":44},{"not_picked":["The Bomb","Madness"],"picked":"Violence","floor":46},{"not_picked":["Stack","Genetic Algorithm"],"picked":"Steam Power","floor":48}],"player_experience":123265,"relics_obtained":[{"floor":5,"key":"War Paint"},{"floor":7,"key":"Mummified Hand"},{"floor":9,"key":"Emotion Chip"},{"floor":10,"key":"WingedGreaves"},{"floor":25,"key":"Pear"},{"floor":26,"key":"Oddly Smooth Stone"},{"floor":31,"key":"Happy Flower"},{"floor":39,"key":"Torii"},{"floor":41,"key":"Symbiotic Virus"},{"floor":44,"key":"Ornamental Fan"}],"event_choices":[{"damage_healed":0,"gold_gain":0,"player_choice":"Donut","damage_taken":0,"max_hp_gain":5,"max_hp_loss":0,"event_name":"Big Fish","floor":3,"gold_loss":0},{"damage_healed":0,"gold_gain":0,"player_choice":"Ignored","damage_taken":0,"max_hp_gain":0,"max_hp_loss":0,"event_name":"Liars Game","floor":4,"gold_loss":0},{"damage_healed":0,"gold_gain":0,"player_choice":"Joined the Cult","damage_taken":6,"max_hp_gain":0,"max_hp_loss":0,"event_name":"Nest","floor":20,"gold_loss":0,"cards_obtained":["RitualDagger"]},{"cards_removed":["Strike_B"],"damage_healed":0,"gold_gain":0,"player_choice":"Gave Gold","damage_taken":0,"max_hp_gain":0,"max_hp_loss":0,"event_name":"Beggar","floor":30,"gold_loss":75},{"damage_healed":0,"gold_gain":0,"cards_transformed":["Strike_B"],"player_choice":"Transformed","damage_taken":0,"max_hp_gain":0,"max_hp_loss":0,"event_name":"Transmorgrifier","floor":36,"gold_loss":0,"cards_obtained":["Redo"]},{"damage_healed":0,"gold_gain":0,"player_choice":"Fight","damage_taken":0,"max_hp_gain":0,"max_hp_loss":0,"event_name":"MindBloom","floor":39,"gold_loss":0},{"damage_healed":0,"gold_gain":0,"player_choice":"Memory 1","damage_taken":0,"max_hp_gain":0,"max_hp_loss":0,"event_name":"SensoryStone","floor":46,"gold_loss":0},{"damage_healed":0,"gold_gain":0,"player_choice":"Ignored","damage_taken":0,"max_hp_gain":0,"max_hp_loss":0,"event_name":"Mysterious Sphere","floor":47,"gold_loss":0}],"is_beta":false,"boss_relics":[{"not_picked":["Fusion Hammer","Astrolabe"],"picked":"FrozenCore"},{"not_picked":["Pandora\u0027s Box","Sozu"],"picked":"Nuclear Battery"}],"items_purged_floors":[21],"is_endless":false,"potions_floor_spawned":[1,8,11,14,16,19,22,31,38,41,44],"killed_by":"Donu and Deca","ascension_level":1}