{"gold_per_floor":[113,113,133,133,133,133,158,15,86,98,129,129,147,162,162,233,233,253,272,472,397,131,131,164,195,207,219,266,278,302,341,353,437,449,478,509,69,120,133,133,149,176,176,176,188,199,227,243,243,243],"floor_reached":50,"playtime":2478,"items_purged":["Strike_R","Strike_R","Doubt"],"score":1319,"play_id":"a0944d5d-f332-4d4b-8497-1e067e741524","local_time":"20190721140919","is_ascension_mode":true,"campfire_choices":[{"data":"Armaments","floor":6.0,"key":"SMITH"},{"data":"Berserk","floor":15.0,"key":"SMITH"},{"data":"Limit Break","floor":23.0,"key":"SMITH"},{"data":"Offering","floor":27.0,"key":"SMITH"},{"floor":29.0,"key":"REST"},{"floor":32.0,"key":"REST"},{"floor":40.0,"key":"REST"},{"floor":44.0,"key":"REST"},{"floor":49.0,"key":"RECALL"}],"neow_cost":"NONE","seed_source_timestamp":231443503397152,"circlet_count":0,"master_deck":["AscendersBane","Strike_R+1","Strike_R+1","Defend_R","Defend_R","Defend_R","Bash","Flame Barrier","Armaments+1","Uppercut+1","Battle Trance","Iron Wave+1","Disarm","Whirlwind+1","Body Slam+1","Berserk+1","Offering+1","Anger+1","Limit Break+1","Heavy Blade+1","Warcry+1","Offering","Double Tap","Good Instincts","Rupture","Warcry+1","Seeing Red","Inflame+1"],"special_seed":0,"relics":["Burning Blood","NeowsBlessing","PreservedInsect","Molten Egg 2","Shuriken","Whetstone","Cursed Key","Vajra","MawBank","Blue Candle","Orichalcum","Fusion Hammer","Bag of Preparation","Unceasing Top","Omamori","Girya","Turnip"],"potions_floor_usage":[],"damage_taken":[{"damage":0.0,"enemies":"Jaw Worm","floor":1.0,"turns":1.0},{"damage":0.0,"enemies":"Small Slimes","floor":3.0,"turns":1.0},{"damage":0.0,"enemies":"Gremlin Nob","floor":7.0,"turns":1.0},{"damage":0.0,"enemies":"2 Louse","floor":10.0,"turns":3.0},{"damage":14.0,"enemies":"Lagavulin","floor":11.0,"turns":5.0},{"damage":4.0,"enemies":"2 Fungi Beasts","floor":13.0,"turns":4.0},{"damage":0.0,"enemies":"Exordium Thugs","floor":14.0,"turns":3.0},{"damage":14.0,"enemies":"Slime Boss","floor":16.0,"turns":7.0},{"damage":10.0,"enemies":"Shell Parasite","floor":18.0,"turns":3.0},{"damage":17.0,"enemies":"2 Thieves","floor":19.0,"turns":3.0},{"damage":8.0,"enemies":"Book of Stabbing","floor":24.0,"turns":2.0},{"damage":21.0,"enemies":"Snecko","floor":25.0,"turns":6.0},{"damage":23.0,"enemies":"Slavers","floor":28.0,"turns":3.0},{"damage":10.0,"enemies":"Snake Plant","floor":30.0,"turns":3.0},{"damage":13.0,"enemies":"Gremlin Leader","floor":31.0,"turns":3.0},{"damage":29.0,"enemies":"Collector","floor":33.0,"turns":4.0},{"damage":13.0,"enemies":"3 Shapes","floor":35.0,"turns":4.0},{"damage":16.0,"enemies":"3 Darklings","floor":36.0,"turns":2.0},{"damage":15.0,"enemies":"2 Orb Walkers","floor":38.0,"turns":2.0},{"damage":23.0,"enemies":"Spire Growth","floor":39.0,"turns":3.0},{"damage":25.0,"enemies":"4 Shapes","floor":41.0,"turns":6.0},{"damage":6.0,"enemies":"Nemesis","floor":42.0,"turns":5.0},{"damage":18.0,"enemies":"Writhing Mass","floor":45.0,"turns":3.0},{"damage":13.0,"enemies":"Spire Growth","floor":46.0,"turns":3.0},{"damage":12.0,"enemies":"Reptomancer","floor":47.0,"turns":1.0},{"damage":15.0,"enemies":"Transient","floor":48.0,"turns":6.0},{"damage":32,"enemies":"Donu and Deca","floor":50,"turns":3}],"seed_played":"8074350763219270530","potions_obtained":[{"floor":1.0,"key":"Swift Potion"},{"floor":7.0,"key":"Swift Potion"},{"floor":11.0,"key":"BloodPotion"},{"floor":25.0,"key":"SkillPotion"},{"floor":28.0,"key":"SteroidPotion"},{"floor":31.0,"key":"PowerPotion"},{"floor":41.0,"key":"PowerPotion"},{"floor":45.0,"key":"Regen Potion"}],"is_trial":false,"path_per_floor":["M","?","M","?","?","R","E","$","T","M","E","?","M","M","R","B",null,"M","M","?","$","$","R","E","M","T","R","E","R","M","E","R","B",null,"M","M","$","?","M","R","M","E","T","R","M","M","E","M","R","B"],"character_chosen":"IRONCLAD","items_purchased":["Battle Trance","Iron Wave+1","Vajra","Bag of Preparation","SkillPotion","Good Instincts"],"campfire_rested":4,"item_purchase_floors":[8,8,22,37,37,37],"current_hp_per_floor":[74,74,75,70,63,63,69,69,69,75,67,67,69,75,75,67,73,69,58,58,58,58,58,56,41,41,41,24,46,42,35,57,34,65,58,48,48,39,22,44,25,25,25,47,35,28,22,28,28,0],"gold":243,"neow_bonus":"THREE_ENEMY_KILL","is_prod":false,"is_daily":false,"chose_seed":false,"campfire_upgraded":4,"win_rate":0,"timestamp":1563685759,"path_taken":["M","?","M","?","?","R","E","$","T","M","E","?","M","M","R","BOSS","M","M","?","?","$","R","E","M","T","R","E","R","M","E","R","BOSS","M","M","$","?","M","R","M","E","T","R","M","M","E","M","R","BOSS"],"build_version":"2019-07-17","purchased_purges":3,"victory":false,"max_hp_per_floor":[75,75,75,75,75,75,75,75,75,75,75,75,75,75,75,75,75,75,75,75,75,75,75,75,75,75,75,75,75,75,75,75,75,75,75,75,75,75,75,75,75,75,75,75,75,75,75,75,75,75],"card_choices":[{"not_picked":["Rampage","Perfected Strike"],"picked":"Flame Barrier","floor":1.0},{"not_picked":["Anger","Evolve"],"picked":"Armaments","floor":3.0},{"not_picked":["Metallicize","Armaments"],"picked":"Uppercut","floor":7.0},{"not_picked":["Iron Wave+1","Perfected Strike+1"],"picked":"Disarm","floor":10.0},{"not_picked":["Corruption","Metallicize"],"picked":"Whirlwind+1","floor":11.0},{"not_picked":["Twin Strike+1","Cleave+1"],"picked":"Body Slam+1","floor":13.0},{"not_picked":["Uppercut+1","Perfected Strike+1"],"picked":"Berserk","floor":14.0},{"not_picked":["Berserk","Limit Break"],"picked":"Offering","floor":16.0},{"not_picked":["True Grit","Warcry"],"picked":"Anger+1","floor":18.0},{"not_picked":["Twin Strike+1","Combust"],"picked":"Limit Break","floor":19.0},{"not_picked":["Clothesline+1","Bloodletting","Body Slam+1"],"picked":"SKIP","floor":24.0},{"not_picked":["Wild Strike+1","Clash+1"],"picked":"Heavy Blade+1","floor":25.0},{"not_picked":["Armaments","Heavy Blade+1","Pommel Strike+1"],"picked":"SKIP","floor":28.0},{"not_picked":["Wild Strike+1","Corruption"],"picked":"Warcry+1","floor":30.0},{"not_picked":["Bloodletting","Anger+1"],"picked":"Offering","floor":31.0},{"not_picked":["Berserk","Demon Form"],"picked":"Double Tap","floor":33.0},{"not_picked":["Dual Wield+1","Perfected Strike+1","Twin Strike+1"],"picked":"SKIP","floor":35.0},{"not_picked":["Flex+1","Perfected Strike+1","Reckless Charge+1"],"picked":"SKIP","floor":36.0},{"not_picked":["Havoc","Headbutt+1"],"picked":"Rupture","floor":38.0},{"not_picked":["Havoc","Clash+1"],"picked":"Warcry+1","floor":39.0},{"not_picked":["Heavy Blade+1","Cleave+1","Armaments"],"picked":"SKIP","floor":41.0},{"not_picked":["Berserk","Brutality","Havoc"],"picked":"SKIP","floor":42.0},{"not_picked":["Thunderclap+1","Carnage+1","Sword Boomerang+1"],"picked":"SKIP","floor":45.0},{"not_picked":["Corruption","Bloodletting"],"picked":"Seeing Red","floor":46.0},{"not_picked":["Feel No Pain","Thunderclap+1","Power Through+1"],"picked":"SKIP","floor":47.0},{"not_picked":["Cleave+1","Shrug It Off"],"picked":"Inflame+1","floor":48.0}],"player_experience":1003001,"relics_obtained":[{"floor":7.0,"key":"Molten Egg 2"},{"floor":9.0,"key":"Shuriken"},{"floor":11.0,"key":"Whetstone"},{"floor":24.0,"key":"MawBank"},{"floor":28.0,"key":"Blue Candle"},{"floor":31.0,"key":"Orichalcum"},{"floor":38.0,"key":"Unceasing Top"},{"floor":42.0,"key":"Omamori"},{"floor":43.0,"key":"Girya"},{"floor":47.0,"key":"Turnip"}],"event_choices":[{"cards_removed":["Strike_R"],"damage_healed":0.0,"max_hp_gain":0.0,"max_hp_loss":0.0,"gold_gain":0.0,"event_name":"Living Wall","player_choice":"Forget","floor":2.0,"gold_loss":0.0,"damage_taken":0.0},{"damage_healed":0.0,"max_hp_gain":0.0,"max_hp_loss":0.0,"gold_gain":0.0,"event_name":"Scrap Ooze","player_choice":"Success","floor":4.0,"gold_loss":0.0,"damage_taken":5.0,"relics_obtained":["PreservedInsect"]},{"cards_removed":["Defend_R"],"damage_healed":0.0,"max_hp_gain":0.0,"max_hp_loss":0.0,"gold_gain":0.0,"event_name":"Golden Wing","player_choice":"Card Removal","floor":5.0,"gold_loss":0.0,"damage_taken":7.0},{"damage_healed":0.0,"max_hp_gain":0.0,"max_hp_loss":0.0,"gold_gain":0.0,"event_name":"Liars Game","player_choice":"Ignored","floor":12.0,"gold_loss":0.0,"damage_taken":0.0},{"damage_healed":0.0,"max_hp_gain":0.0,"max_hp_loss":0.0,"gold_gain":250.0,"event_name":"The Joust","player_choice":"Bet on Owner","floor":20.0,"gold_loss":50.0,"damage_taken":0.0},{"damage_healed":0.0,"max_hp_gain":0.0,"max_hp_loss":0.0,"gold_gain":0.0,"event_name":"Mysterious Sphere","player_choice":"Fight","floor":38.0,"gold_loss":0.0,"damage_taken":0.0}],"is_beta":false,"boss_relics":[{"not_picked":["Black Star","Busted Crown"],"picked":"Cursed Key"},{"not_picked":["Runic Cube","Eternal Feather"],"picked":"Fusion Hammer"}],"items_purged_floors":[21,22,37],"is_endless":false,"potions_floor_spawned":[1,7,11,25,28,31,33,36,41,45,46],"killed_by":"Donu and Deca","ascension_level":20}