{"gold_per_floor":[118,43,43,118,118,118,118,118,174,215,228,247,0,18,18,143,143,168,93,118,118,118,161,161,94,120,143,143,158,191,20,20,20],"floor_reached":33,"playtime":952,"items_purged":["Strike_B","Strike_B","Defend_B"],"score":295,"play_id":"a82b949f-cd45-4f7c-a04c-1be48713881a","local_time":"20180718203145","is_ascension_mode":true,"campfire_choices":[{"data":"Zap","floor":6,"key":"SMITH"},{"data":"Dualcast","floor":8,"key":"SMITH"},{"floor":15,"key":"REST"},{"data":"Gash","floor":24,"key":"SMITH"},{"data":"Gash","floor":32,"key":"SMITH"}],"neow_cost":"TEN_PERCENT_HP_LOSS","seed_source_timestamp":499146345630852,"circlet_count":0,"master_deck":["Defend_B","Defend_B","Zap+1","Dualcast+1","Compile Driver","Gash+1","Gash+1","Hologram+1","Steam+1","Rainbow+1","FTL","Conserve Battery+1","Capacitor","Redo+1","Compile Driver"],"special_seed":17730,"relics":["Cracked Core","Du-Vu Doll","Golden Idol","Tiny Chest","Toxic Egg 2","Regal Pillow","Empty Cage","Blue Candle","DataDisk","Kunai"],"potions_floor_usage":[18,18,18,23],"damage_taken":[{"damage":7,"enemies":"Small Slimes","floor":1,"turns":3},{"damage":16,"enemies":"Lagavulin","floor":10,"turns":6},{"damage":0,"enemies":"2 Louse","floor":11,"turns":2},{"damage":1,"enemies":"Jaw Worm","floor":12,"turns":2},{"damage":6,"enemies":"Large Slime","floor":14,"turns":4},{"damage":17,"enemies":"Slime Boss","floor":16,"turns":8},{"damage":6,"enemies":"3 Byrds","floor":18,"turns":3},{"damage":0,"enemies":"Spheric Guardian","floor":20,"turns":3},{"damage":35,"enemies":"Slavers","floor":23,"turns":7},{"damage":0,"enemies":"Centurion and Healer","floor":27,"turns":4},{"damage":2,"enemies":"Snecko","floor":29,"turns":5},{"damage":19,"enemies":"Book of Stabbing","floor":30,"turns":5},{"damage":36,"enemies":"Collector","floor":33,"turns":5}],"seed_played":"-5423824965620176530","potions_obtained":[{"floor":11,"key":"AttackPotion"},{"floor":14,"key":"Fire Potion"},{"floor":16,"key":"Poison Potion"},{"floor":18,"key":"Block Potion"},{"floor":29,"key":"FearPotion"}],"is_trial":false,"path_per_floor":["M","$","?","?","?","R","?","R","T","E","M","M","$","M","R","B",null,"M","?","M","?","$","E","R","$","T","M","?","M","E","$","R"],"character_chosen":"DEFECT","items_purchased":["Regal Pillow","Capacitor","Compile Driver"],"campfire_rested":1,"item_purchase_floors":[13,25,31],"current_hp_per_floor":[61,61,44,33,33,33,38,38,38,22,22,21,21,15,51,34,73,67,67,67,67,67,32,32,32,32,32,56,54,35,35,35,0],"gold":20,"neow_bonus":"ONE_RARE_RELIC","is_prod":false,"is_daily":false,"chose_seed":false,"campfire_upgraded":4,"win_rate":0,"timestamp":1531938705,"path_taken":["M","$","?","?","?","R","?","R","T","E","M","?","$","M","R","BOSS","M","?","M","?","$","E","R","$","T","?","?","M","E","?","R","BOSS"],"build_version":"2018-07-12","purchased_purges":3,"victory":false,"max_hp_per_floor":[68,68,68,68,68,68,73,73,73,73,73,73,73,73,73,73,73,73,73,73,73,73,73,73,73,73,73,73,73,73,73,73,73],"card_choices":[{"not_picked":["Conserve Battery","Barrage"],"picked":"Compile Driver","floor":1},{"not_picked":["Darkness","Lockon"],"picked":"Gash","floor":10},{"not_picked":["Force Field+1","Compile Driver"],"picked":"Gash","floor":11},{"not_picked":["Beam Cell","Barrage"],"picked":"Hologram+1","floor":12},{"not_picked":["Storm","Barrage"],"picked":"Steam+1","floor":14},{"not_picked":["Creative AI","Core Surge"],"picked":"Rainbow+1","floor":16},{"not_picked":["Go for the Eyes","Barrage+1"],"picked":"FTL","floor":18},{"not_picked":["Stack+1","Turbo+1"],"picked":"Conserve Battery+1","floor":20},{"not_picked":["Go for the Eyes","Meteor Strike","Blizzard+1"],"picked":"SKIP","floor":23},{"not_picked":["Chaos+1","Conserve Battery+1","Cold Snap"],"picked":"SKIP","floor":27},{"not_picked":["Static Discharge","Conserve Battery+1"],"picked":"Redo+1","floor":29},{"not_picked":["Hello World","Stack+1","Multi-Cast+1"],"picked":"SKIP","floor":30}],"player_experience":584329,"relics_obtained":[{"floor":9,"key":"Tiny Chest"},{"floor":10,"key":"Toxic Egg 2"},{"floor":23,"key":"Blue Candle"},{"floor":26,"key":"DataDisk"},{"floor":30,"key":"Kunai"}],"event_choices":[{"event_name":"Golden Idol","player_choice":"Take Damage","floor":3,"damage_taken":0},{"event_name":"World of Goop","player_choice":"Gather Gold","floor":4,"damage_taken":0},{"event_name":"The Woman in Blue","player_choice":"Bought 0 Potions","floor":5,"damage_taken":0},{"event_name":"Big Fish","player_choice":"Donut","floor":7,"damage_taken":0},{"event_name":"Beggar","player_choice":"Gave Gold","floor":19,"damage_taken":0},{"event_name":"Vampires","player_choice":"Ignored","floor":21,"damage_taken":0},{"event_name":"The Library","player_choice":"Heal","floor":28,"damage_taken":0}],"boss_relics":[{"not_picked":["Coffee Dripper","Orrery"],"picked":"Empty Cage"}],"items_purged_floors":[2,13,31],"is_endless":false,"potions_floor_spawned":[11,14,16,18,29],"killed_by":"Collector","ascension_level":1}