{"path_per_floor":["M","M","$","?","M","R","E","?","T","M","R","$","R","M","R"],"character_chosen":"DEFECT","items_purchased":["Defragment","Coolheaded"],"gold_per_floor":[112,130,55,55,65,65,91,91,114,129,129,4,4,17,17,17],"floor_reached":16,"campfire_rested":0,"playtime":653,"current_hp_per_floor":[67,60,60,60,52,52,27,27,27,39,39,39,39,35,35,0],"items_purged":["Strike_B"],"gold":17,"score":145,"play_id":"32bf49c8-ab81-4c64-ae9c-31b5d7b4f742","local_time":"20180518185610","is_prod":false,"is_daily":false,"chose_seed":false,"is_ascension_mode":true,"campfire_upgraded":4,"timestamp":1526662570,"campfire_choices":[{"data":"Zap","floor":6.0,"key":"SMITH"},{"data":"Coolheaded","floor":11.0,"key":"SMITH"},{"data":"Defragment","floor":13.0,"key":"SMITH"},{"data":"Coolheaded","floor":15,"key":"SMITH"}],"path_taken":["M","M","$","?","M","R","E","?","T","M","R","$","R","?","R","BOSS"],"build_version":"2018-05-17","seed_source_timestamp":42706011300606,"purchased_purges":1,"victory":false,"master_deck":["Strike_B","Strike_B","Defend_B","Defend_B","Defend_B","Defend_B","Zap+1","Dualcast","Rebound","Coolheaded+1","Glacier","Defragment+1","Coolheaded+1","Coolheaded"],"max_hp_per_floor":[75,75,75,75,75,75,75,75,75,75,75,75,75,75,75,75],"relics":["Cracked Core","Vajra","Meat on the Bone","Dream Catcher"],"card_choices":[{"not_picked":["Skim","Capacitor"],"picked":"Rebound","floor":0.0},{"not_picked":["Chaos","Leap","Scrape"],"picked":"SKIP","floor":1.0},{"not_picked":["Capacitor","Lockon"],"picked":"Coolheaded","floor":2.0},{"not_picked":["Streamline","Leap"],"picked":"Glacier","floor":5.0},{"not_picked":["Redo","Thunder Strike","Axe Kick"],"picked":"SKIP","floor":7.0},{"not_picked":["Double Energy","Ball Lightning","Rebound"],"picked":"SKIP","floor":10.0},{"not_picked":["Stack","Cold Snap"],"picked":"Coolheaded","floor":14}],"player_experience":689068,"potions_floor_usage":[],"damage_taken":[{"damage":1.0,"enemies":"Cultist","floor":1.0,"turns":4.0},{"damage":7.0,"enemies":"Jaw Worm","floor":2.0,"turns":3.0},{"damage":8.0,"enemies":"Small Slimes","floor":5.0,"turns":4.0},{"damage":25.0,"enemies":"Lagavulin","floor":7.0,"turns":8.0},{"damage":0.0,"enemies":"Blue Slaver","floor":10.0,"turns":5.0},{"damage":16,"enemies":"Gremlin Gang","floor":14,"turns":6},{"damage":38,"enemies":"Hexaghost","floor":16,"turns":15}],"relics_obtained":[{"floor":7.0,"key":"Vajra"},{"floor":9.0,"key":"Dream Catcher"}],"event_choices":[{"event_name":"Bonfire Elementals","player_choice":"BASIC","floor":4.0,"damage_taken":0.0},{"event_name":"Dead Adventurer","player_choice":"Searched \u00271\u0027 times","floor":8.0,"damage_taken":0.0}],"boss_relics":[],"potions_floor_spawned":[1,5,14],"seed_played":"2612696541160932682","killed_by":"Hexaghost","ascension_level":9,"potions_obtained":[{"floor":1.0,"key":"Swift Potion"},{"floor":5.0,"key":"Ancient Potion"},{"floor":14,"key":"Swift Potion"}],"is_trial":false}