{"gold_per_floor":[116,291,31,45,120,149,149,149,218,218,248,260,260,272,272,373,373,383,399,669,682,187,187],"floor_reached":23,"playtime":650,"items_purged":["Decay"],"score":257,"play_id":"6662c631-cc5c-4d3c-abf6-ff0fea92a882","local_time":"20190729191028","is_ascension_mode":true,"campfire_choices":[{"data":"Footwork","floor":7,"key":"SMITH"},{"floor":10,"key":"RECALL"},{"data":"Poisoned Stab","floor":15,"key":"SMITH"}],"neow_cost":"NONE","seed_source_timestamp":1557817605844377,"circlet_count":0,"master_deck":["Strike_G","Strike_G","Strike_G","Strike_G","Strike_G","Defend_G","Defend_G","Defend_G","Defend_G","Defend_G","Survivor","Neutralize","Footwork+1","Doubt","Poisoned Stab+1","Poisoned Stab","Poisoned Stab","Corpse Explosion","Leg Sweep","Die Die Die"],"relics":["Ring of the Snake","NeowsBlessing","Shuriken","Juzu Bracelet","The Courier","Bronze Scales","Cursed Key","Darkstone Periapt","PreservedInsect"],"potions_floor_usage":[6,16,21],"damage_taken":[{"damage":0,"enemies":"Small Slimes","floor":1,"turns":1},{"damage":0,"enemies":"Jaw Worm","floor":4,"turns":1},{"damage":0,"enemies":"3 Sentries","floor":6,"turns":1},{"damage":0,"enemies":"2 Louse","floor":12,"turns":2},{"damage":12,"enemies":"Red Slaver","floor":14,"turns":4},{"damage":44,"enemies":"The Guardian","floor":16,"turns":9},{"damage":13,"enemies":"2 Thieves","floor":18,"turns":5},{"damage":6,"enemies":"Chosen","floor":19,"turns":4},{"damage":21,"enemies":"Shelled Parasite and Fungi","floor":21,"turns":5},{"damage":2,"enemies":"Book of Stabbing","floor":23,"turns":2}],"seed_played":"-6724713246200661924","potions_obtained":[{"floor":1,"key":"Explosive Potion"},{"floor":12,"key":"Fire Potion"},{"floor":14,"key":"PowerPotion"},{"floor":19,"key":"AttackPotion"}],"is_trial":false,"path_per_floor":["M","?","$","M","?","E","R","?","T","R","?","M","?","M","R","B",null,"M","M","?","M","$","E"],"character_chosen":"THE_SILENT","items_purchased":["Shuriken","Darkstone Periapt","Die Die Die","PreservedInsect"],"campfire_rested":0,"item_purchase_floors":[3,22,22,22],"current_hp_per_floor":[70,70,70,70,59,59,59,59,59,59,59,59,59,47,47,3,70,57,51,23,2,2,0],"gold":187,"neow_bonus":"THREE_ENEMY_KILL","is_prod":false,"is_daily":false,"chose_seed":false,"campfire_upgraded":2,"win_rate":0,"timestamp":1564441828,"path_taken":["M","?","$","M","?","E","R","?","T","R","?","M","?","M","R","BOSS","M","M","?","M","$","E"],"build_version":"2019-07-17","purchased_purges":1,"victory":false,"max_hp_per_floor":[70,70,70,70,70,70,70,70,70,70,70,70,70,70,70,70,70,70,70,70,70,70,70],"card_choices":[{"not_picked":["Underhanded Strike","Leg Sweep"],"picked":"Footwork","floor":1},{"not_picked":["Backflip","Calculated Gamble"],"picked":"Poisoned Stab","floor":4},{"not_picked":["Heel Hook","Tactician"],"picked":"Poisoned Stab","floor":6},{"not_picked":["Dagger Spray","Accuracy"],"picked":"Poisoned Stab","floor":12},{"not_picked":["Setup","Reflex","Escape Plan"],"picked":"SKIP","floor":14},{"not_picked":["A Thousand Cuts","Wraith Form v2"],"picked":"Corpse Explosion","floor":16},{"not_picked":["Dagger Throw","Dodge and Roll","Accuracy"],"picked":"SKIP","floor":18},{"not_picked":["Acrobatics","Bane"],"picked":"Leg Sweep","floor":19},{"not_picked":["Sucker Punch","Cloak And Dagger","Flying Knee"],"picked":"SKIP","floor":21}],"player_experience":214642,"relics_obtained":[{"floor":6,"key":"Juzu Bracelet"}],"event_choices":[{"damage_healed":0,"gold_gain":175,"player_choice":"AGREE","damage_taken":0,"max_hp_gain":0,"max_hp_loss":0,"event_name":"Liars Game","floor":2,"gold_loss":0,"cards_obtained":["Doubt"]},{"damage_healed":0,"gold_gain":75,"player_choice":"Gather Gold","damage_taken":11,"max_hp_gain":0,"max_hp_loss":0,"event_name":"World of Goop","floor":5,"gold_loss":0},{"damage_healed":0,"gold_gain":0,"player_choice":"Cursed","damage_taken":0,"max_hp_gain":0,"max_hp_loss":0,"event_name":"Wheel of Change","floor":8,"gold_loss":0,"cards_obtained":["Decay"]},{"damage_healed":0,"gold_gain":30,"player_choice":"Searched \u00272\u0027 times","damage_taken":0,"relics_obtained":["The Courier"],"max_hp_gain":0,"max_hp_loss":0,"event_name":"Dead Adventurer","floor":11,"gold_loss":0},{"damage_healed":0,"gold_gain":0,"player_choice":"Gave Potion","damage_taken":0,"relics_obtained":["Bronze Scales"],"max_hp_gain":0,"max_hp_loss":0,"event_name":"WeMeetAgain","floor":13,"gold_loss":0},{"damage_healed":0,"gold_gain":270,"player_choice":"GOLD GOLD GOLD ","damage_taken":28,"max_hp_gain":0,"max_hp_loss":0,"event_name":"Knowing Skull","floor":20,"potions_obtained":[],"gold_loss":0,"cards_obtained":[]}],"is_beta":false,"boss_relics":[{"not_picked":["Runic Pyramid","Fusion Hammer"],"picked":"Cursed Key"}],"items_purged_floors":[22],"is_endless":false,"potions_floor_spawned":[1,12,14,19],"killed_by":"Book of Stabbing","ascension_level":4}