{"gold_per_floor":[19,19,37,51,71,106,106,133,133,19,29,29,29,46,46,123,123,141,155,155,155,166,166],"floor_reached":23,"playtime":888,"items_purged":["Strike_R"],"score":406,"play_id":"aaec9548-dfeb-4ab8-a94b-fcdc42e1f9c1","local_time":"20190713182759","is_ascension_mode":true,"campfire_choices":[{"data":"Heavy Blade","floor":7.0,"key":"SMITH"},{"floor":13.0,"key":"REST"},{"data":"Rupture","floor":15.0,"key":"SMITH"}],"neow_cost":"NO_GOLD","seed_source_timestamp":433793175827079,"circlet_count":0,"master_deck":["AscendersBane","Strike_R","Strike_R","Defend_R","Defend_R","Defend_R","Bash+1","Combust","Spot Weakness","Sword Boomerang+1","Heavy Blade+1","Headbutt","Battle Trance","Rupture+1","Flame Barrier+1","Brutality","Seeing Red","Pummel"],"special_seed":0,"relics":["Burning Blood","Meat on the Bone","Orichalcum","Mummified Hand","Sozu"],"potions_floor_usage":[23],"damage_taken":[{"damage":1.0,"enemies":"Cultist","floor":1.0,"turns":3.0},{"damage":7.0,"enemies":"Small Slimes","floor":3.0,"turns":4.0},{"damage":3.0,"enemies":"2 Louse","floor":4.0,"turns":2.0},{"damage":20.0,"enemies":"Exordium Thugs","floor":5.0,"turns":4.0},{"damage":18.0,"enemies":"3 Sentries","floor":6.0,"turns":4.0},{"damage":43.0,"enemies":"Lagavulin","floor":8.0,"turns":6.0},{"damage":8.0,"enemies":"Lots of Slimes","floor":11.0,"turns":2.0},{"damage":0.0,"enemies":"3 Louse","floor":14.0,"turns":3.0},{"damage":24.0,"enemies":"The Guardian","floor":16.0,"turns":10.0},{"damage":21.0,"enemies":"Shell Parasite","floor":18.0,"turns":3.0},{"damage":23.0,"enemies":"Spheric Guardian","floor":19.0,"turns":4.0},{"damage":24,"enemies":"Shelled Parasite and Fungi","floor":22,"turns":3},{"damage":63,"enemies":"Slavers","floor":23,"turns":3}],"seed_played":"-5494660895041128198","potions_obtained":[{"floor":3.0,"key":"BloodPotion"},{"floor":4.0,"key":"Dexterity Potion"},{"floor":5.0,"key":"SpeedPotion"}],"is_trial":false,"path_per_floor":["M","?","M","M","M","E","R","E","T","$","M","?","R","M","R","B",null,"M","M","?","$","M","E"],"character_chosen":"IRONCLAD","items_purchased":["Rupture"],"campfire_rested":1,"item_purchase_floors":[10],"current_hp_per_floor":[73,73,72,75,61,49,49,24,24,24,34,11,33,51,51,45,68,53,48,48,48,42,0],"gold":166,"neow_bonus":"TRANSFORM_TWO_CARDS","is_prod":false,"is_daily":false,"chose_seed":false,"campfire_upgraded":2,"win_rate":0,"timestamp":1563010079,"path_taken":["M","?","M","?","M","E","R","E","T","$","M","?","R","M","R","BOSS","M","M","?","?","?","E"],"build_version":"2019-07-05","purchased_purges":1,"victory":false,"max_hp_per_floor":[75,75,75,75,75,75,75,75,75,75,75,75,75,75,75,75,75,75,75,75,75,75,75],"card_choices":[{"not_picked":["Pommel Strike","Headbutt"],"picked":"Sword Boomerang","floor":1.0},{"not_picked":["Body Slam","Sword Boomerang"],"picked":"Heavy Blade","floor":3.0},{"not_picked":["Brutality","Sword Boomerang"],"picked":"Headbutt","floor":4.0},{"not_picked":["Iron Wave","Thunderclap","Dual Wield"],"picked":"SKIP","floor":5.0},{"not_picked":["Havoc","Clash","Perfected Strike"],"picked":"SKIP","floor":6.0},{"not_picked":["Demon Form","Body Slam"],"picked":"Battle Trance","floor":8.0},{"not_picked":["Thunderclap","Spot Weakness"],"picked":"Flame Barrier","floor":11.0},{"not_picked":["Hemokinesis","Intimidate","Sword Boomerang"],"picked":"SKIP","floor":14.0},{"not_picked":["Dark Embrace","Demon Form"],"picked":"Brutality","floor":16.0},{"not_picked":["Entrench","Perfected Strike","Seeing Red"],"picked":"SKIP","floor":18.0},{"not_picked":["Armaments","Flex"],"picked":"Seeing Red","floor":19.0},{"not_picked":["Wild Strike","Headbutt","Armaments+1"],"picked":"SKIP","floor":22}],"player_experience":979316,"relics_obtained":[{"floor":6.0,"key":"Meat on the Bone"},{"floor":8.0,"key":"Orichalcum"},{"floor":9.0,"key":"Mummified Hand"}],"event_choices":[{"damage_healed":0.0,"max_hp_gain":0.0,"max_hp_loss":0.0,"gold_gain":0.0,"event_name":"Upgrade Shrine","player_choice":"Upgraded","floor":2.0,"gold_loss":0.0,"damage_taken":0.0,"cards_upgraded":["Sword Boomerang"]},{"damage_healed":0.0,"max_hp_gain":0.0,"max_hp_loss":0.0,"gold_gain":0.0,"event_name":"Shining Light","player_choice":"Entered Light","floor":12.0,"gold_loss":0.0,"damage_taken":23.0,"cards_upgraded":["Flame Barrier","Bash"]},{"damage_healed":0.0,"max_hp_gain":0.0,"max_hp_loss":0.0,"gold_gain":0.0,"cards_transformed":["Strike_R"],"event_name":"Transmorgrifier","player_choice":"Transformed","floor":20.0,"gold_loss":0.0,"damage_taken":0.0,"cards_obtained":["Pummel"]}],"is_beta":false,"boss_relics":[{"not_picked":["Empty Cage","Cursed Key"],"picked":"Sozu"}],"items_purged_floors":[10],"is_endless":false,"potions_floor_spawned":[3,4,5,14,18,19,22],"killed_by":"Slavers","ascension_level":20}