{"path_per_floor":["M","M","?","?","M","R","?","M","T","M","R","M","$","E","R","B",null,"M","?","$","M","M","R","M","?","T","M","?","R"],"character_chosen":"THE_SILENT","items_purchased":["Du-Vu Doll","Well Laid Plans"],"gold_per_floor":[10,25,100,100,115,115,115,135,435,449,449,463,5,37,37,112,112,124,124,24,43,54,54,64,64,87,106,206,206,206],"floor_reached":30,"campfire_rested":3,"playtime":1540,"current_hp_per_floor":[50,44,33,33,33,33,33,32,32,30,49,40,40,25,25,25,56,56,40,40,34,29,48,25,13,13,1,1,22,0],"items_purged":["Strike_G","Defend_G"],"gold":206,"score":479,"play_id":"ba221eed-46bf-4ac7-a298-1f9809605780","local_time":"20180401180743","is_prod":false,"is_daily":false,"is_ascension_mode":true,"campfire_upgraded":2,"timestamp":1522598863,"path_taken":["M","M","?","?","M","R","?","?","T","?","R","M","$","E","R","BOSS","M","?","$","M","M","R","M","?","T","?","?","R","E"],"build_version":"2018-03-29v2","purchased_purges":2,"victory":false,"master_deck":["Defend_G","Defend_G","Defend_G","Defend_G","Strike_G","Survivor","Neutralize+1","AscendersBane","Tools of the Trade","Deadly Poison+1","Leg Sweep","Catalyst+1","Deadly Poison","Well Laid Plans","Tactician","Prepared+1","Reflex+1","PiercingWail+1","Caltrops+1","All Out Attack+1","Backflip","Acrobatics+1"],"max_hp_per_floor":[66,66,66,66,66,66,66,66,66,66,66,66,66,66,66,66,66,66,66,66,66,66,66,66,71,71,71,71,71,71],"relics":["Ring of the Snake","Old Coin","Du-Vu Doll","Prayer Wheel","Astrolabe","Enchiridion","Bag of Preparation"],"card_choices":[{"not_picked":["Burst","Unload"],"picked":"Tools of the Trade","floor":0},{"not_picked":["Bane","Acrobatics"],"picked":"Deadly Poison","floor":1},{"not_picked":["Eviscerate","Bane"],"picked":"Leg Sweep","floor":2},{"not_picked":["Endless Agony","Underhanded Strike"],"picked":"Catalyst","floor":8},{"not_picked":["Prepared","Outmaneuver"],"picked":"Deadly Poison","floor":10},{"not_picked":["Doppelganger","Adrenaline"],"picked":"Tactician","floor":16},{"not_picked":["Accuracy","PiercingWail"],"picked":"Caltrops","floor":18},{"not_picked":["Caltrops","Dodge and Roll"],"picked":"All Out Attack","floor":21},{"not_picked":["Flying Knee","Accuracy"],"picked":"Backflip","floor":26},{"not_picked":["Cloak And Dagger","Calculated Gamble"],"picked":"Acrobatics","floor":27}],"player_experience":500185,"potions_floor_usage":[10,14,22,30,30,30],"damage_taken":[{"damage":9,"enemies":"Jaw Worm","floor":1,"turns":5},{"damage":6,"enemies":"Cultist","floor":2,"turns":5},{"damage":0,"enemies":"2 Louse","floor":5,"turns":3},{"damage":1,"enemies":"Red Slaver","floor":8,"turns":5},{"damage":2,"enemies":"Gremlin Gang","floor":10,"turns":5},{"damage":9,"enemies":"2 Fungi Beasts","floor":12,"turns":4},{"damage":27,"enemies":"Gremlin Nob","floor":14,"turns":5},{"damage":0,"enemies":"Hexaghost","floor":16,"turns":8},{"damage":0,"enemies":"Chosen","floor":18,"turns":5},{"damage":6,"enemies":"Shell Parasite","floor":21,"turns":4},{"damage":5,"enemies":"Snake Plant","floor":22,"turns":5},{"damage":23,"enemies":"3 Cultists","floor":24,"turns":5},{"damage":12,"enemies":"Centurion and Healer","floor":27,"turns":7},{"damage":22,"enemies":"Slavers","floor":30,"turns":3}],"event_choices":[{"event_name":"World of Goop","player_choice":"Gather Gold","floor":3,"damage_taken":0},{"event_name":"Upgrade Shrine","player_choice":"Upgraded","floor":4,"damage_taken":0},{"event_name":"Liars Game","player_choice":"disagreed","floor":7,"damage_taken":0},{"event_name":"Cursed Tome","player_choice":"Obtained Book","floor":19,"damage_taken":0},{"event_name":"Forgotten Altar","player_choice":"Shed Blood","floor":25,"damage_taken":0},{"event_name":"Golden Shrine","player_choice":"Pray","floor":28,"damage_taken":0}],"boss_relics":[{"not_picked":["Lizard Tail","Black Star"],"picked":"Astrolabe"}],"potions_floor_spawned":[5,8,14,21,22,27],"seed_played":"-5051139166504745993","killed_by":"Slavers","ascension_level":14,"is_trial":false}