{"gold_per_floor":[12,32,32,32,32,32,50,69,69,69,79,108,108,118,118,192,192,205,205,223,3,3,3,3,15,39,39,50,30,30,42,42,42],"floor_reached":33,"playtime":871,"items_purged":[],"score":445,"play_id":"43bd05a0-4359-45d5-94a6-5745a61a965d","local_time":"20190214132143","is_ascension_mode":true,"campfire_choices":[{"data":"Intimidate","floor":6.0,"key":"SMITH"},{"data":"Pummel","floor":13.0,"key":"SMITH"},{"data":"Defend_R","floor":15.0,"key":"SMITH"},{"data":"Demon Form","floor":23.0,"key":"SMITH"},{"floor":27.0,"key":"REST"},{"floor":30.0,"key":"REST"},{"data":"Battle Trance","floor":32.0,"key":"SMITH"}],"neow_cost":"NO_GOLD","seed_source_timestamp":849785690986622,"circlet_count":0,"master_deck":["AscendersBane","Strike_R","Strike_R","Strike_R","Defend_R+1","Defend_R","Defend_R","Bash+1","Intimidate+1","Dropkick","Hemokinesis+1","Pummel+1","Demon Form+1","Heavy Blade+1","Cleave","Battle Trance+1"],"special_seed":0,"relics":["Burning Blood","Turnip","Ginger","Unceasing Top","Empty Cage","Oddly Smooth Stone","GremlinMask","Pen Nib"],"potions_floor_usage":[33],"damage_taken":[{"damage":0.0,"enemies":"Small Slimes","floor":1.0,"turns":3.0},{"damage":3.0,"enemies":"2 Louse","floor":2.0,"turns":4.0},{"damage":5.0,"enemies":"Cultist","floor":7.0,"turns":4.0},{"damage":5.0,"enemies":"2 Fungi Beasts","floor":8.0,"turns":3.0},{"damage":11.0,"enemies":"Large Slime","floor":11.0,"turns":3.0},{"damage":32.0,"enemies":"Lagavulin","floor":12.0,"turns":4.0},{"damage":10.0,"enemies":"Exordium Thugs","floor":14.0,"turns":5.0},{"damage":41.0,"enemies":"Slime Boss","floor":16.0,"turns":10.0},{"damage":18.0,"enemies":"Shell Parasite","floor":18.0,"turns":4.0},{"damage":14.0,"enemies":"Chosen","floor":20.0,"turns":4.0},{"damage":22.0,"enemies":"Sentry and Sphere","floor":25.0,"turns":4.0},{"damage":27.0,"enemies":"Centurion and Healer","floor":28.0,"turns":4.0},{"damage":26.0,"enemies":"Cultist and Chosen","floor":31.0,"turns":6.0},{"damage":22,"enemies":"Automaton","floor":33,"turns":4}],"seed_played":"-9007902656425359462","potions_obtained":[{"floor":1.0,"key":"Ancient Potion"},{"floor":7.0,"key":"BloodPotion"},{"floor":8.0,"key":"EssenceOfSteel"},{"floor":11.0,"key":"EssenceOfSteel"},{"floor":20.0,"key":"PowerPotion"},{"floor":25.0,"key":"Swift Potion"},{"floor":29.0,"key":"GamblersBrew"}],"is_trial":false,"path_per_floor":["M","M","?","?","?","R","M","M","T","?","M","E","R","M","R","B",null,"M","?","M","$","?","R","?","M","T","R","M","?","R","M","R","B"],"character_chosen":"IRONCLAD","items_purchased":["Oddly Smooth Stone","Cleave"],"campfire_rested":2,"item_purchase_floors":[21,21],"current_hp_per_floor":[88,89,84,77,77,77,78,79,79,79,74,48,48,44,44,9,69,57,31,23,23,23,23,23,7,7,35,14,14,42,22,22,0],"gold":42,"neow_bonus":"TWENTY_PERCENT_HP_BONUS","is_prod":false,"is_daily":false,"chose_seed":false,"campfire_upgraded":5,"win_rate":0,"timestamp":1550146903,"path_taken":["M","M","?","?","?","R","?","M","T","?","M","E","R","M","R","BOSS","M","?","M","$","?","R","?","M","T","R","?","?","R","M","R","BOSS"],"build_version":"2019-01-23","purchased_purges":0,"victory":false,"max_hp_per_floor":[89,89,89,89,89,89,89,89,89,89,89,89,89,89,89,89,89,89,94,94,94,94,94,94,94,94,94,94,94,94,94,94,94],"card_choices":[{"not_picked":["Second Wind","Burning Pact","True Grit"],"picked":"SKIP","floor":1.0},{"not_picked":["True Grit","Searing Blow"],"picked":"Intimidate","floor":2.0},{"not_picked":["Shrug It Off","Wild Strike"],"picked":"Dropkick","floor":7.0},{"not_picked":["Intimidate","Sword Boomerang","Hemokinesis"],"picked":"SKIP","floor":8.0},{"not_picked":["Intimidate","Sword Boomerang"],"picked":"Hemokinesis","floor":8.0},{"not_picked":["True Grit","Power Through","Body Slam"],"picked":"SKIP","floor":11.0},{"not_picked":["Twin Strike","Sword Boomerang"],"picked":"Pummel","floor":12.0},{"not_picked":["Body Slam","Power Through","Twin Strike"],"picked":"SKIP","floor":14.0},{"not_picked":["Berserk","Bludgeon"],"picked":"Demon Form","floor":16.0},{"not_picked":["Body Slam","True Grit","Twin Strike"],"picked":"SKIP","floor":18.0},{"not_picked":["Shockwave","Warcry"],"picked":"Heavy Blade+1","floor":20.0},{"not_picked":["Armaments","Cleave","Dropkick"],"picked":"SKIP","floor":25.0},{"not_picked":["True Grit","Power Through","Rampage"],"picked":"SKIP","floor":28.0},{"not_picked":["Twin Strike","Fire Breathing"],"picked":"Battle Trance","floor":31.0}],"player_experience":797172,"relics_obtained":[{"floor":9.0,"key":"Ginger"},{"floor":12.0,"key":"Unceasing Top"},{"floor":26.0,"key":"Pen Nib"}],"event_choices":[{"damage_healed":0.0,"max_hp_gain":0.0,"max_hp_loss":0.0,"gold_gain":0.0,"event_name":"Scrap Ooze","player_choice":"Success","floor":3.0,"gold_loss":0.0,"damage_taken":5.0,"relics_obtained":["Turnip"]},{"cards_removed":["Strike_R"],"damage_healed":0.0,"max_hp_gain":0.0,"max_hp_loss":0.0,"gold_gain":0.0,"event_name":"Golden Wing","player_choice":"Card Removal","floor":4.0,"gold_loss":0.0,"damage_taken":7.0},{"damage_healed":0.0,"max_hp_gain":0.0,"max_hp_loss":0.0,"gold_gain":0.0,"event_name":"Accursed Blacksmith","player_choice":"Forge","floor":5.0,"gold_loss":0.0,"damage_taken":0.0,"cards_upgraded":["Bash"]},{"damage_healed":0.0,"max_hp_gain":0.0,"max_hp_loss":0.0,"gold_gain":0.0,"event_name":"Living Wall","player_choice":"Grow","floor":10.0,"gold_loss":0.0,"damage_taken":0.0,"cards_upgraded":["Hemokinesis"]},{"damage_healed":0.0,"max_hp_gain":5.0,"max_hp_loss":0.0,"gold_gain":0.0,"event_name":"Forgotten Altar","player_choice":"Shed Blood","floor":19.0,"gold_loss":0.0,"damage_taken":31.0},{"damage_healed":0.0,"max_hp_gain":0.0,"max_hp_loss":0.0,"gold_gain":0.0,"event_name":"The Mausoleum","player_choice":"Ignored","floor":22.0,"gold_loss":0.0,"damage_taken":0.0},{"damage_healed":0.0,"max_hp_gain":0.0,"max_hp_loss":0.0,"gold_gain":0.0,"event_name":"FaceTrader","player_choice":"Trade","floor":24.0,"gold_loss":0.0,"damage_taken":0.0,"relics_obtained":["GremlinMask"]},{"damage_healed":0.0,"max_hp_gain":0.0,"max_hp_loss":0.0,"gold_gain":0.0,"event_name":"The Woman in Blue","player_choice":"Bought 1 Potion","floor":29.0,"gold_loss":0.0,"damage_taken":0.0}],"is_beta":false,"boss_relics":[{"not_picked":["Eternal Feather","Runic Pyramid"],"picked":"Empty Cage"}],"items_purged_floors":[],"is_endless":false,"potions_floor_spawned":[1,7,8,11,20,25],"killed_by":"Automaton","ascension_level":16}