{"gold_per_floor":[109,109,123,73,83,8,8,8,79,92,92,124,124,139,139,216,216,227,245,255,121,121],"floor_reached":22,"playtime":798,"items_purged":["Defend_G","Defend_G"],"score":316,"play_id":"7fd48b06-702b-41aa-b9c3-3298716356d5","local_time":"20190115002606","is_ascension_mode":true,"campfire_choices":[{"data":"Neutralize","floor":8,"key":"SMITH"},{"data":"Blur","floor":11,"key":"SMITH"},{"floor":13,"key":"REST"},{"data":"Cloak And Dagger","floor":15,"key":"SMITH"}],"neow_cost":"NONE","seed_source_timestamp":597714770578558,"circlet_count":0,"master_deck":["AscendersBane","Defend_G","Defend_G","Defend_G","Strike_G","Strike_G","Strike_G","Survivor","Neutralize+1","Unload","Dagger Spray","Cloak And Dagger+1","Blur+1","Flying Knee","Storm of Steel","Deflect","Backflip","Well Laid Plans"],"special_seed":0,"relics":["Ring of the Snake","SsserpentHead","Question Card","Tingsha","Sozu"],"potions_floor_usage":[12,16,18,20],"damage_taken":[{"damage":10.0,"enemies":"Cultist","floor":1.0,"turns":6.0},{"damage":2,"enemies":"2 Louse","floor":3,"turns":3},{"damage":1,"enemies":"Jaw Worm","floor":5,"turns":4},{"damage":4,"enemies":"Blue Slaver","floor":10,"turns":3},{"damage":17,"enemies":"3 Sentries","floor":12,"turns":8},{"damage":0,"enemies":"Exordium Wildlife","floor":14,"turns":2},{"damage":25,"enemies":"Hexaghost","floor":16,"turns":12},{"damage":14,"enemies":"2 Thieves","floor":18,"turns":4},{"damage":0,"enemies":"Chosen","floor":19,"turns":5},{"damage":33,"enemies":"Shelled Parasite and Fungi","floor":20,"turns":8},{"damage":14,"enemies":"Sentry and Sphere","floor":22,"turns":3}],"seed_played":"502996287230039697","potions_obtained":[{"floor":5,"key":"FairyPotion"},{"floor":10,"key":"Swift Potion"},{"floor":12,"key":"SkillPotion"},{"floor":14,"key":"PowerPotion"},{"floor":16,"key":"Fire Potion"}],"is_trial":false,"path_per_floor":["M","?","M","?","M","$","?","R","T","M","R","E","R","M","R","B",null,"M","M","M","$","M"],"character_chosen":"THE_SILENT","items_purchased":["Well Laid Plans"],"campfire_rested":1,"item_purchase_floors":[21],"current_hp_per_floor":[49,49,47,47,46,46,46,46,46,42,42,25,44,44,44,19,54,40,40,7,7,0],"gold":121,"neow_bonus":"REMOVE_CARD","is_prod":false,"is_daily":false,"chose_seed":false,"campfire_upgraded":3,"win_rate":0,"timestamp":1547508366,"path_taken":["M","?","?","?","M","$","?","R","T","M","R","E","R","M","R","BOSS","M","M","M","$","M"],"build_version":"2019-01-10","purchased_purges":2,"victory":false,"max_hp_per_floor":[66,66,66,66,66,66,66,66,66,66,66,66,66,66,66,66,66,66,66,66,66,66],"card_choices":[{"not_picked":["Dodge and Roll","Eviscerate","Choke"],"picked":"SKIP","floor":1.0},{"not_picked":["Bouncing Flask","Prepared"],"picked":"Dagger Spray","floor":3},{"not_picked":["Concentrate","Tactician"],"picked":"Cloak And Dagger","floor":5},{"not_picked":["Skewer","Escape Plan","Poisoned Stab"],"picked":"Blur","floor":10},{"not_picked":["Cloak And Dagger","Bane","Underhanded Strike"],"picked":"Flying Knee","floor":12},{"not_picked":["Concentrate","Cloak And Dagger","Flying Knee","Outmaneuver"],"picked":"SKIP","floor":14},{"not_picked":["Doppelganger","Unload","Corpse Explosion"],"picked":"Storm of Steel","floor":16},{"not_picked":["Flying Knee","Prepared","Dodge and Roll","Backstab"],"picked":"SKIP","floor":18},{"not_picked":["Blade Dance","Prepared","Caltrops"],"picked":"Deflect","floor":19},{"not_picked":["Deadly Poison","Outmaneuver","Acrobatics"],"picked":"Backflip","floor":20}],"player_experience":742904,"relics_obtained":[{"floor":9,"key":"Question Card"},{"floor":12,"key":"Tingsha"}],"event_choices":[{"damage_healed":0,"gold_gain":0,"player_choice":"1 cards matched","damage_taken":0,"max_hp_gain":0,"max_hp_loss":0,"event_name":"Match and Keep!","floor":2,"gold_loss":0,"cards_obtained":["Unload"]},{"cards_removed":["Strike_G"],"damage_healed":0,"gold_gain":0,"player_choice":"Card Removal","damage_taken":0,"max_hp_gain":0,"max_hp_loss":0,"event_name":"The Cleric","floor":4,"gold_loss":50},{"damage_healed":0,"gold_gain":0,"player_choice":"Trade","damage_taken":0,"relics_obtained":["SsserpentHead"],"max_hp_gain":0,"max_hp_loss":0,"event_name":"FaceTrader","floor":7,"gold_loss":0}],"is_beta":false,"boss_relics":[{"not_picked":["Lizard Tail","Ring of the Serpent"],"picked":"Sozu"}],"items_purged_floors":[6,21],"is_endless":false,"potions_floor_spawned":[5,10,12,14,16,20],"killed_by":"Sentry and Sphere","ascension_level":14}