{"gold_per_floor":[116,116,116,136,311,321,356,356,356,356,367,367,367],"floor_reached":13,"playtime":485,"items_purged":[],"score":83,"play_id":"001895f9-421b-470f-914e-befe4b5aed8f","local_time":"20190630035747","is_ascension_mode":false,"campfire_choices":[{"data":"Double Energy","floor":8,"key":"SMITH"}],"neow_cost":"NONE","seed_source_timestamp":1420272270365818,"circlet_count":0,"master_deck":["Strike_B","Strike_B","Strike_B","Strike_B","Defend_B","Defend_B","Defend_B","Defend_B","Zap","Dualcast","Double Energy+1","Regret","Double Energy+1","Doubt","Heatsinks","Lockon","Hyperbeam"],"relics":["Cracked Core","Oddly Smooth Stone","Kunai","Ginger","Happy Flower","Calipers"],"potions_floor_usage":[1,7,11],"damage_taken":[{"damage":11,"enemies":"Jaw Worm","floor":1,"turns":3},{"damage":4,"enemies":"Small Slimes","floor":4,"turns":4},{"damage":4,"enemies":"Cultist","floor":6,"turns":5},{"damage":41,"enemies":"3 Sentries","floor":7,"turns":7},{"damage":19,"enemies":"Large Slime","floor":11,"turns":7},{"damage":2,"enemies":"Blue Slaver","floor":13,"turns":1}],"seed_played":"-9038994138263617631","potions_obtained":[{"floor":1,"key":"Fruit Juice"},{"floor":4,"key":"Explosive Potion"},{"floor":7,"key":"Block Potion"}],"is_trial":false,"path_per_floor":["M","$","?","M","?","M","E","R","T","T","M","?","M"],"character_chosen":"DEFECT","items_purchased":[],"campfire_rested":0,"item_purchase_floors":[],"current_hp_per_floor":[69,69,69,65,65,61,20,20,20,20,1,1,0],"gold":367,"neow_bonus":"RANDOM_COMMON_RELIC","is_prod":false,"is_daily":false,"chose_seed":false,"campfire_upgraded":1,"win_rate":0.0,"timestamp":1561881467,"path_taken":["M","$","?","M","?","M","E","R","T","?","?","?","?"],"build_version":"2019-01-23","purchased_purges":0,"victory":false,"max_hp_per_floor":[80,80,80,80,80,80,80,80,80,80,80,80,80],"card_choices":[{"not_picked":["Compile Driver","Cold Snap"],"picked":"Double Energy","floor":1},{"not_picked":["Redo","Conserve Battery"],"picked":"Double Energy","floor":4},{"not_picked":["Steam","Beam Cell"],"picked":"Heatsinks","floor":6},{"not_picked":["Beam Cell","Sweeping Beam"],"picked":"Lockon","floor":7},{"not_picked":["Aggregate","Sweeping Beam"],"picked":"Hyperbeam","floor":11}],"player_experience":42069,"relics_obtained":[{"floor":7,"key":"Ginger"},{"floor":9,"key":"Happy Flower"},{"floor":10,"key":"Calipers"}],"event_choices":[{"damage_healed":0,"gold_gain":0,"player_choice":"Box","damage_taken":0,"relics_obtained":["Kunai"],"max_hp_gain":0,"max_hp_loss":0,"event_name":"Big Fish","floor":3,"gold_loss":0,"cards_obtained":["Regret"]},{"damage_healed":0,"gold_gain":175,"player_choice":"AGREE","damage_taken":0,"max_hp_gain":0,"max_hp_loss":0,"event_name":"Liars Game","floor":5,"gold_loss":0,"cards_obtained":["Doubt"]},{"damage_healed":0,"gold_gain":0,"player_choice":"Upgraded","damage_taken":0,"max_hp_gain":0,"max_hp_loss":0,"event_name":"Upgrade Shrine","floor":12,"gold_loss":0,"cards_upgraded":["Double Energy"]}],"is_beta":false,"boss_relics":[],"items_purged_floors":[],"is_endless":false,"potions_floor_spawned":[1,4,7],"killed_by":"Blue Slaver","ascension_level":0}