{"path_per_floor":["M","$","M","M","?","R","M","R","T","$","M","M","R","E","R","B",null,"M","M","$","?","M","R","M","R","T","R"],"character_chosen":"DEFECT","items_purchased":["Reprogram","Coolheaded","Rebound","Capacitor"],"gold_per_floor":[115,40,55,74,74,74,87,87,112,29,39,56,56,84,84,183,183,197,211,112,27,43,43,62,62,62,62,62],"floor_reached":28,"campfire_rested":3,"playtime":1233,"current_hp_per_floor":[74,74,71,66,51,51,36,36,36,36,24,18,40,24,24,7,75,34,34,34,34,16,53,20,20,20,57,0],"items_purged":["Strike_B"],"gold":62,"score":253,"play_id":"bafd998c-717b-4654-81e2-18bed4d301d5","local_time":"20180503231139","is_prod":false,"is_daily":false,"chose_seed":false,"is_ascension_mode":true,"campfire_upgraded":4,"timestamp":1525381899,"path_taken":["M","?","M","M","?","R","?","R","T","$","M","M","R","E","R","BOSS","M","M","$","?","M","R","M","R","T","R","E"],"build_version":"2018-05-02","seed_source_timestamp":655594660615700,"purchased_purges":2,"victory":false,"master_deck":["Strike_B+1","Strike_B","Defend_B","Defend_B+1","Defend_B","Defend_B","Zap+1","Dualcast+1","Static Discharge","Lockon","Cold Snap","Capacitor+1","Reprogram","Coolheaded","Ball Lightning","Streamline","Nova","Conserve Battery+1","Self Repair","Rebound","Capacitor+1","Leap+1","Parasite"],"max_hp_per_floor":[75,75,75,75,75,75,75,75,75,75,75,75,75,75,75,75,75,75,75,75,75,75,75,75,75,75,75,75],"relics":["Cracked Core","Juzu Bracelet","Regal Pillow","Cursed Key","Anchor","Gremlin Horn"],"card_choices":[{"not_picked":["Leap","Hologram"],"picked":"Lockon","floor":1},{"not_picked":["Static Discharge","Blizzard"],"picked":"Cold Snap","floor":3},{"not_picked":["Ball Lightning","Beam Cell"],"picked":"Capacitor","floor":4},{"not_picked":["Turbo","Recycle"],"picked":"Ball Lightning","floor":11},{"not_picked":["Beam Cell","Aggregate"],"picked":"Streamline","floor":12},{"not_picked":["Hyperbeam","Echo Form"],"picked":"Nova","floor":16},{"not_picked":["Capacitor","Beam Cell"],"picked":"Conserve Battery","floor":18},{"not_picked":["Barrage","Capacitor"],"picked":"Self Repair","floor":19},{"not_picked":["Rebound","Storm"],"picked":"Leap","floor":24}],"player_experience":588650,"potions_floor_usage":[14,19,22],"damage_taken":[{"damage":1,"enemies":"Cultist","floor":1,"turns":4},{"damage":3,"enemies":"2 Louse","floor":3,"turns":2},{"damage":5,"enemies":"Jaw Worm","floor":4,"turns":3},{"damage":15,"enemies":"Exordium Wildlife","floor":7,"turns":5},{"damage":12,"enemies":"Lots of Slimes","floor":11,"turns":3},{"damage":6,"enemies":"Looter","floor":12,"turns":4},{"damage":16,"enemies":"Lagavulin","floor":14,"turns":6},{"damage":17,"enemies":"The Guardian","floor":16,"turns":13},{"damage":41,"enemies":"2 Thieves","floor":18,"turns":4},{"damage":0,"enemies":"Chosen","floor":19,"turns":5},{"damage":25,"enemies":"3 Cultists","floor":22,"turns":5},{"damage":40,"enemies":"Cultist and Chosen","floor":24,"turns":7},{"damage":66,"enemies":"Gremlin Leader","floor":28,"turns":5}],"event_choices":[{"event_name":"Shining Light","player_choice":"Entered Light","floor":5,"damage_taken":0},{"event_name":"Addict","player_choice":"Obtained Relic","floor":21,"damage_taken":0}],"boss_relics":[{"not_picked":["Runic Dome","Velvet Choker"],"picked":"Cursed Key"}],"potions_floor_spawned":[3,4,7,12,18,24],"seed_played":"319321939707224886","killed_by":"Gremlin Leader","ascension_level":3,"is_trial":false}