{"gold_per_floor":[11,11,27,47,47,47,85,105,105,129,129,129,129,170,170,265,265,290,340,340],"floor_reached":20,"playtime":575,"items_purged":[],"score":414,"play_id":"7cb5acc9-3254-4f11-a108-b90950c9b0f8","local_time":"20190720143019","is_ascension_mode":true,"campfire_choices":[{"data":"Spot Weakness","floor":6.0,"key":"SMITH"},{"floor":11.0,"key":"REST"},{"data":"Seeing Red","floor":13.0,"key":"SMITH"},{"data":"Exhume","floor":15.0,"key":"SMITH"}],"neow_cost":"NO_GOLD","seed_source_timestamp":185873439164271,"circlet_count":0,"master_deck":["AscendersBane","Strike_R","Strike_R","Strike_R","Strike_R","Defend_R","Defend_R","Bash","Disarm","Ghostly Armor","Spot Weakness+1","Heavy Blade","Seeing Red+1","Thunderclap","Inflame","Shrug It Off","Exhume+1","Immolate","Inflame+1"],"special_seed":0,"relics":["Burning Blood","Golden Idol","Regal Pillow","Du-Vu Doll","Frozen Egg 2","Question Card","Eternal Feather"],"potions_floor_usage":[20],"damage_taken":[{"damage":7.0,"enemies":"Jaw Worm","floor":1.0,"turns":4.0},{"damage":2.0,"enemies":"Small Slimes","floor":3.0,"turns":5.0},{"damage":4.0,"enemies":"Cultist","floor":4.0,"turns":4.0},{"damage":23.0,"enemies":"Lagavulin","floor":7.0,"turns":5.0},{"damage":13.0,"enemies":"Exordium Thugs","floor":8.0,"turns":5.0},{"damage":7.0,"enemies":"Looter","floor":10.0,"turns":3.0},{"damage":0.0,"enemies":"Gremlin Nob","floor":14.0,"turns":3.0},{"damage":53.0,"enemies":"Slime Boss","floor":16.0,"turns":11.0},{"damage":55,"enemies":"3 Byrds","floor":18,"turns":6},{"damage":11,"enemies":"Spheric Guardian","floor":20,"turns":3}],"seed_played":"-7992047968271266942","potions_obtained":[{"floor":1.0,"key":"Fire Potion"},{"floor":4.0,"key":"FearPotion"},{"floor":8.0,"key":"LiquidBronze"},{"floor":10.0,"key":"EntropicBrew"},{"floor":16.0,"key":"EssenceOfSteel"},{"floor":18,"key":"SkillPotion"}],"is_trial":false,"path_per_floor":["M","?","M","M","?","R","E","M","T","M","R","?","R","E","R","B",null,"M","?","M"],"character_chosen":"IRONCLAD","items_purchased":[],"campfire_rested":1,"item_purchase_floors":[],"current_hp_per_floor":[67,41,45,47,42,42,25,18,18,17,54,54,54,60,60,13,60,11,11,0],"gold":340,"neow_bonus":"TRANSFORM_TWO_CARDS","is_prod":false,"is_daily":false,"chose_seed":false,"campfire_upgraded":3,"win_rate":0,"timestamp":1563600619,"path_taken":["M","?","M","M","?","R","E","M","T","M","R","?","R","E","R","BOSS","M","?","M"],"build_version":"2019-07-17","purchased_purges":0,"victory":false,"max_hp_per_floor":[75,75,75,75,75,75,75,75,75,75,75,75,75,75,75,75,75,75,75,75],"card_choices":[{"not_picked":["Havoc","Warcry"],"picked":"Spot Weakness","floor":1.0},{"not_picked":["Perfected Strike","Searing Blow"],"picked":"Heavy Blade","floor":3.0},{"not_picked":["Clothesline","Bloodletting"],"picked":"Seeing Red","floor":4.0},{"not_picked":["Body Slam","Perfected Strike"],"picked":"Thunderclap","floor":7.0},{"not_picked":["Fire Breathing","Blood for Blood"],"picked":"Inflame","floor":8.0},{"not_picked":["Twin Strike","Anger"],"picked":"Shrug It Off","floor":10.0},{"not_picked":["Blood for Blood","Twin Strike"],"picked":"Exhume","floor":14.0},{"not_picked":["Exhume","Brutality+1","Double Tap"],"picked":"Immolate","floor":16.0},{"not_picked":["Shrug It Off","Clothesline","Combust+1"],"picked":"Inflame+1","floor":18}],"player_experience":994759,"relics_obtained":[{"floor":7.0,"key":"Du-Vu Doll"},{"floor":9.0,"key":"Frozen Egg 2"},{"floor":14.0,"key":"Question Card"}],"event_choices":[{"damage_healed":0.0,"max_hp_gain":0.0,"max_hp_loss":0.0,"gold_gain":0.0,"event_name":"Golden Idol","player_choice":"Take Damage","floor":2.0,"gold_loss":0.0,"damage_taken":26.0,"relics_obtained":["Golden Idol"]},{"damage_healed":0.0,"max_hp_gain":0.0,"max_hp_loss":0.0,"gold_gain":0.0,"event_name":"Scrap Ooze","player_choice":"Success","floor":5.0,"gold_loss":0.0,"damage_taken":5.0,"relics_obtained":["Regal Pillow"]},{"cards_removed":["Defend_R"],"damage_healed":0.0,"max_hp_gain":0.0,"max_hp_loss":0.0,"gold_gain":0.0,"event_name":"Bonfire Elementals","player_choice":"Offered Basic","floor":12.0,"gold_loss":0.0,"damage_taken":0.0},{"damage_healed":0,"gold_gain":100,"player_choice":"Bet on Murderer","damage_taken":0,"max_hp_gain":0,"max_hp_loss":0,"event_name":"The Joust","floor":19,"gold_loss":50}],"is_beta":false,"boss_relics":[{"not_picked":["Black Star","Runic Pyramid"],"picked":"Eternal Feather"}],"items_purged_floors":[],"is_endless":false,"potions_floor_spawned":[1,4,8,10,16,18],"killed_by":"Spheric Guardian","ascension_level":20}