{"gold_per_floor":[12,27,27,45,45,45,70,87,87,122,122,142,67,84,84,179,179,168,23,23,23,40,40,58,58,58,8,8,34,34,46,46,148,148,165,165,265,280,117,145,145,177,177,177,208,208,226,38,38,38,38,38,38,66,66],"floor_reached":55,"playtime":2236,"items_purged":["Strike_R","Strike_R","Strike_R","Strike_R"],"score":978,"play_id":"2f5fbf60-28b7-4c80-9525-6657ef908c89","local_time":"20190109193551","is_ascension_mode":true,"campfire_choices":[{"data":"Bash","floor":6.0,"key":"SMITH"},{"data":"Battle Trance","floor":11.0,"key":"SMITH"},{"data":"Offering","floor":15.0,"key":"SMITH"},{"data":"Limit Break","floor":23.0,"key":"SMITH"},{"floor":25.0,"key":"RECALL"},{"data":"1","floor":28.0,"key":"LIFT"},{"data":"2","floor":30.0,"key":"LIFT"},{"data":"3","floor":32.0,"key":"LIFT"},{"data":"Double Tap","floor":41,"key":"SMITH"},{"data":"Flex","floor":44,"key":"SMITH"},{"data":"Rage","floor":46,"key":"SMITH"},{"data":"Burning Pact","floor":49,"key":"SMITH"},{"data":"Heavy Blade","floor":52,"key":"SMITH"}],"neow_cost":"NO_GOLD","seed_source_timestamp":250929106207328,"circlet_count":0,"master_deck":["Defend_R","Defend_R","Defend_R","Bash+1","Offering+1","Pummel","Rage+1","Heavy Blade+1","Iron Wave","Ghostly Armor","Battle Trance+1","Thunderclap+1","Limit Break+1","Shrug It Off","Pommel Strike+1","Heavy Blade+1","Flex+1","Double Tap+1","Seeing Red+1","Headbutt+1","Inflame","Disarm+1","Burning Pact+1"],"special_seed":0,"relics":["Burning Blood","Champion Belt","Thread and Needle","Molten Egg 2","White Beast Statue","Girya","Sozu","Du-Vu Doll","Darkstone Periapt","Anchor","Oddly Smooth Stone"],"potions_floor_usage":[37,55],"damage_taken":[{"damage":6.0,"enemies":"Small Slimes","floor":1.0,"turns":2.0},{"damage":1.0,"enemies":"Cultist","floor":2.0,"turns":4.0},{"damage":0.0,"enemies":"2 Louse","floor":4.0,"turns":2.0},{"damage":21.0,"enemies":"3 Sentries","floor":7.0,"turns":9.0},{"damage":6.0,"enemies":"Large Slime","floor":8.0,"turns":5.0},{"damage":6.0,"enemies":"Gremlin Nob","floor":10.0,"turns":3.0},{"damage":2.0,"enemies":"3 Louse","floor":12.0,"turns":4.0},{"damage":0.0,"enemies":"2 Fungi Beasts","floor":14.0,"turns":3.0},{"damage":50.0,"enemies":"Hexaghost","floor":16.0,"turns":10.0},{"damage":6.0,"enemies":"2 Thieves","floor":18.0,"turns":4.0},{"damage":5.0,"enemies":"3 Byrds","floor":22.0,"turns":8.0},{"damage":6.0,"enemies":"3 Cultists","floor":24.0,"turns":5.0},{"damage":6.0,"enemies":"Gremlin Leader","floor":29.0,"turns":4.0},{"damage":6.0,"enemies":"Centurion and Healer","floor":31.0,"turns":4.0},{"damage":6.0,"enemies":"Automaton","floor":33.0,"turns":6.0},{"damage":12.0,"enemies":"3 Darklings","floor":35.0,"turns":3.0},{"damage":6,"enemies":"Mind Bloom Boss Battle","floor":37,"turns":3},{"damage":8,"enemies":"Orb Walker","floor":38,"turns":3},{"damage":6,"enemies":"Nemesis","floor":40,"turns":3},{"damage":6,"enemies":"Reptomancer","floor":42,"turns":4},{"damage":0,"enemies":"Nemesis","floor":45,"turns":3},{"damage":6,"enemies":"Maw","floor":47,"turns":4},{"damage":32,"enemies":"Donu and Deca","floor":50,"turns":4},{"damage":22,"enemies":"Shield and Spear","floor":54,"turns":3},{"damage":73,"enemies":"The Heart","floor":55,"turns":5}],"seed_played":"4320163006755715910","potions_obtained":[{"floor":1.0,"key":"Swift Potion"},{"floor":2.0,"key":"Poison Potion"},{"floor":3.0,"key":"FairyPotion"},{"floor":3.0,"key":"EssenceOfSteel"},{"floor":12.0,"key":"Dexterity Potion"},{"floor":18.0,"key":"Dexterity Potion"},{"floor":22.0,"key":"Block Potion"},{"floor":29.0,"key":"PowerPotion"},{"floor":33.0,"key":"Ancient Potion"}],"is_trial":false,"path_per_floor":["M","M","?","M","$","R","E","M","T","E","R","M","$","M","R","B",null,"M","$","?","?","M","R","M","R","T","$","R","E","R","M","R","B",null,"M","?","?","M","$","E","R","E","T","R","E","R","M","$","R","B",null,"R","$","E","B"],"character_chosen":"IRONCLAD","items_purchased":["Pommel Strike+1","Flex","Inflame","Burning Pact"],"campfire_rested":0,"item_purchase_floors":[19,27,39,48],"current_hp_per_floor":[80,80,80,80,80,80,65,65,65,65,65,69,69,75,75,31,80,80,80,80,80,80,80,80,80,80,80,80,80,80,80,80,80,80,74,74,74,72,72,72,72,72,72,72,78,78,78,78,78,52,80,80,80,64,0],"gold":66,"neow_bonus":"TRANSFORM_TWO_CARDS","is_prod":false,"is_daily":false,"chose_seed":false,"campfire_upgraded":9,"win_rate":0,"timestamp":1547058951,"path_taken":["M","M","?","?","$","R","E","?","T","E","R","M","$","?","R","BOSS","M","$","?","?","M","R","M","R","T","$","R","E","R","M","R","BOSS","M","?","?","M","$","E","R","E","T","R","E","R","M","$","R","BOSS","R","$","E","BOSS"],"build_version":"2019-01-03v4","purchased_purges":4,"victory":false,"max_hp_per_floor":[80,80,80,80,80,80,80,80,80,80,80,80,80,80,80,80,80,80,80,80,80,80,80,80,80,80,80,80,80,80,80,80,80,80,80,80,80,80,80,80,80,80,80,80,80,80,80,80,80,80,80,80,80,80,80],"card_choices":[{"not_picked":["Clothesline","Uppercut"],"picked":"Rage","floor":1.0},{"not_picked":["Cleave","Pummel"],"picked":"Heavy Blade","floor":2.0},{"not_picked":["Clothesline","Wild Strike"],"picked":"Iron Wave","floor":4.0},{"not_picked":["Warcry","Cleave"],"picked":"Ghostly Armor","floor":7.0},{"not_picked":["Double Tap","Sentinel","Uppercut"],"picked":"SKIP","floor":8.0},{"not_picked":["Infernal Blade","Havoc"],"picked":"Battle Trance","floor":10.0},{"not_picked":["Flex","Twin Strike+1","Warcry"],"picked":"SKIP","floor":12.0},{"not_picked":["Combust","Fire Breathing"],"picked":"Thunderclap+1","floor":14.0},{"not_picked":["Dark Embrace","Double Tap"],"picked":"Limit Break","floor":16.0},{"not_picked":["Wild Strike+1","Evolve"],"picked":"Shrug It Off","floor":18.0},{"not_picked":["Warcry","Perfected Strike+1","Anger+1"],"picked":"SKIP","floor":22.0},{"not_picked":["Pommel Strike+1","Havoc","Body Slam+1"],"picked":"SKIP","floor":24.0},{"not_picked":["Fire Breathing","Fiend Fire+1","Combust"],"picked":"SKIP","floor":29.0},{"not_picked":["Spot Weakness","Dropkick+1","Wild Strike+1"],"picked":"SKIP","floor":31.0},{"not_picked":["Limit Break","Barricade"],"picked":"Double Tap","floor":33.0},{"not_picked":["Burning Pact","Iron Wave+1","Seeing Red+1"],"picked":"SKIP","floor":35.0},{"not_picked":["Burning Pact","Iron Wave+1"],"picked":"Seeing Red+1","floor":35.0},{"not_picked":["Rupture+1","Cleave+1"],"picked":"Headbutt+1","floor":37},{"not_picked":["Iron Wave+1","Bludgeon+1","Uppercut+1"],"picked":"SKIP","floor":38},{"not_picked":["Rampage+1","Havoc+1","Power Through+1"],"picked":"SKIP","floor":40},{"not_picked":["Shrug It Off","Whirlwind+1","Thunderclap+1"],"picked":"SKIP","floor":42},{"not_picked":["Power Through+1","Pummel+1"],"picked":"Disarm+1","floor":45},{"not_picked":["Sentinel+1","Twin Strike+1","Combust"],"picked":"SKIP","floor":47},{"not_picked":["Pommel Strike+1","Thunderclap+1","Metallicize"],"picked":"SKIP","floor":54}],"player_experience":650160,"relics_obtained":[{"floor":7.0,"key":"Champion Belt"},{"floor":9.0,"key":"Thread and Needle"},{"floor":10.0,"key":"Molten Egg 2"},{"floor":26.0,"key":"Girya"},{"floor":40,"key":"Du-Vu Doll"},{"floor":42,"key":"Darkstone Periapt"},{"floor":45,"key":"Anchor"},{"floor":54,"key":"Oddly Smooth Stone"}],"event_choices":[{"damage_healed":0.0,"max_hp_gain":0.0,"max_hp_loss":0.0,"gold_gain":0.0,"event_name":"Lab","player_choice":"Got Potions","floor":3.0,"gold_loss":0.0,"damage_taken":0.0},{"damage_healed":0.0,"max_hp_gain":0.0,"max_hp_loss":0.0,"gold_gain":0.0,"event_name":"The Library","player_choice":"Read","floor":20.0,"gold_loss":0.0,"damage_taken":0.0,"cards_obtained":["Heavy Blade"]},{"damage_healed":0.0,"max_hp_gain":0.0,"max_hp_loss":0.0,"gold_gain":0.0,"event_name":"Vampires","player_choice":"Ignored","floor":21.0,"gold_loss":0.0,"damage_taken":0.0},{"damage_healed":0.0,"max_hp_gain":0.0,"max_hp_loss":0.0,"gold_gain":0.0,"event_name":"Tomb of Lord Red Mask","player_choice":"Ignored","floor":36.0,"gold_loss":0.0,"damage_taken":0.0},{"damage_healed":0,"gold_gain":0,"player_choice":"Fight","damage_taken":0,"max_hp_gain":0,"max_hp_loss":0,"event_name":"MindBloom","floor":37,"gold_loss":0}],"is_beta":false,"boss_relics":[{"not_picked":["Calling Bell","Fusion Hammer"],"picked":"White Beast Statue"},{"not_picked":["Empty Cage","Tiny House"],"picked":"Sozu"}],"items_purged_floors":[13,19,39,48],"is_endless":false,"potions_floor_spawned":[1,2,12,14,18,22,24,29,31,33,35,37,38,40,42,45,47,54],"killed_by":"The Heart","ascension_level":1}