{"gold_per_floor":[119,134,146,160,160,193,209,239,263,263,220,220,250,262,262,339,339,353,205,205,255,275,275,275,305,305,316,316,331,331],"floor_reached":30,"playtime":1105,"items_purged":["Rebound"],"score":473,"play_id":"66b579e3-5492-4e77-bb0b-e11db27873d1","local_time":"20190112185427","is_ascension_mode":true,"campfire_choices":[{"data":"Zap","floor":10,"key":"SMITH"},{"data":"Redo","floor":12,"key":"SMITH"},{"data":"Coolheaded","floor":15,"key":"SMITH"},{"data":"Defragment","floor":23,"key":"SMITH"},{"data":"Coolheaded","floor":28,"key":"SMITH"}],"neow_cost":"NONE","seed_source_timestamp":464865655171101,"circlet_count":0,"master_deck":["AscendersBane","Zap+1","Dualcast","Melter","Coolheaded+1","Glacier","Conserve Battery","Core Surge","Ball Lightning","Redo+1","Coolheaded+1","Seek","Loop","Hologram","Electrodynamics","Streamline","Seek","Thunder Strike","Defragment+1","Defragment","Compile Driver+1","Chill"],"relics":["Cracked Core","NeowsBlessing","StoneCalendar","Mummified Hand","Centennial Puzzle","Juzu Bracelet","Pandora\u0027s Box","Enchiridion","Dream Catcher","The Courier"],"potions_floor_usage":[3,8,13,25,29,30],"damage_taken":[{"damage":0,"enemies":"Cultist","floor":1,"turns":1},{"damage":0,"enemies":"2 Louse","floor":2,"turns":1},{"damage":0,"enemies":"Small Slimes","floor":3,"turns":1},{"damage":5,"enemies":"Blue Slaver","floor":4,"turns":5},{"damage":23,"enemies":"Lagavulin","floor":6,"turns":10},{"damage":0,"enemies":"Looter","floor":7,"turns":4},{"damage":7,"enemies":"Gremlin Nob","floor":8,"turns":4},{"damage":1,"enemies":"3 Sentries","floor":13,"turns":6},{"damage":1,"enemies":"2 Fungi Beasts","floor":14,"turns":3},{"damage":26,"enemies":"Hexaghost","floor":16,"turns":14},{"damage":0,"enemies":"Spheric Guardian","floor":18,"turns":2},{"damage":4,"enemies":"2 Thieves","floor":22,"turns":3},{"damage":15,"enemies":"Book of Stabbing","floor":25,"turns":5},{"damage":7,"enemies":"Centurion and Healer","floor":27,"turns":4},{"damage":0,"enemies":"Snake Plant","floor":29,"turns":1},{"damage":13,"enemies":"Shelled Parasite and Fungi","floor":30,"turns":1}],"seed_played":"-1949870201291452853","potions_obtained":[{"floor":2,"key":"FocusPotion"},{"floor":3,"key":"Fruit Juice"},{"floor":7,"key":"PowerPotion"},{"floor":8,"key":"LiquidBronze"},{"floor":13,"key":"Ancient Potion"},{"floor":27,"key":"SkillPotion"},{"floor":29,"key":"Swift Potion"}],"is_trial":false,"path_per_floor":["M","M","M","M","?","E","M","E","T","R","?","R","E","M","R","B",null,"M","$","?","?","M","R","?","E","T","M","R","M","M"],"character_chosen":"DEFECT","items_purchased":["Defragment"],"campfire_rested":0,"item_purchase_floors":[19],"current_hp_per_floor":[64,64,69,64,64,41,41,34,34,34,34,34,33,32,32,6,59,59,59,59,59,55,55,34,19,19,12,12,12,0],"gold":331,"neow_bonus":"THREE_ENEMY_KILL","is_prod":false,"is_daily":false,"chose_seed":false,"campfire_upgraded":5,"win_rate":0,"timestamp":1547315667,"path_taken":["M","M","?","M","?","E","M","E","T","R","?","R","E","M","R","BOSS","M","$","?","?","M","R","?","E","T","M","R","M","M"],"build_version":"2019-01-10","purchased_purges":1,"victory":false,"max_hp_per_floor":[71,71,76,76,76,76,76,76,76,76,76,76,76,76,76,76,76,76,76,76,76,76,76,76,76,76,76,76,76,76],"card_choices":[{"not_picked":["Barrage","Stack"],"picked":"Melter","floor":1},{"not_picked":["Turbo","Ball Lightning"],"picked":"Coolheaded","floor":2},{"not_picked":["Fusion","Cold Snap"],"picked":"Glacier","floor":3},{"not_picked":["Stack","Skim"],"picked":"Conserve Battery","floor":4},{"not_picked":["Conserve Battery","Capacitor"],"picked":"Core Surge","floor":6},{"not_picked":["Go for the Eyes","Cold Snap"],"picked":"Ball Lightning","floor":7},{"not_picked":["Aggregate","Coolheaded"],"picked":"Redo","floor":8},{"not_picked":["Hologram","Gash","FTL"],"picked":"SKIP","floor":13},{"not_picked":["Leap","White Noise"],"picked":"Coolheaded","floor":14},{"not_picked":["Buffer","Rainbow"],"picked":"Seek","floor":16},{"not_picked":["Gash","Sweeping Beam"],"picked":"Defragment","floor":18},{"not_picked":["Streamline","Tempest","Go for the Eyes"],"picked":"SKIP","floor":22},{"not_picked":["Cold Snap","Conserve Battery"],"picked":"Compile Driver+1","floor":25},{"not_picked":["Barrage","Reprogram+1","Steam Power"],"picked":"SKIP","floor":27},{"not_picked":["Conserve Battery+1","Rebound"],"picked":"Chill","floor":29}],"player_experience":711391,"relics_obtained":[{"floor":6,"key":"StoneCalendar"},{"floor":8,"key":"Mummified Hand"},{"floor":9,"key":"Centennial Puzzle"},{"floor":13,"key":"Juzu Bracelet"},{"floor":24,"key":"Enchiridion"},{"floor":25,"key":"Dream Catcher"},{"floor":26,"key":"The Courier"}],"event_choices":[{"cards_removed":["Strike_B"],"damage_healed":0,"gold_gain":0,"player_choice":"Forget","damage_taken":0,"max_hp_gain":0,"max_hp_loss":0,"event_name":"Living Wall","floor":5,"gold_loss":0},{"damage_healed":0,"gold_gain":0,"player_choice":"Left Gold","damage_taken":0,"max_hp_gain":0,"max_hp_loss":0,"event_name":"World of Goop","floor":11,"gold_loss":43},{"damage_healed":0,"gold_gain":0,"player_choice":"Ignored","damage_taken":0,"max_hp_gain":0,"max_hp_loss":0,"event_name":"Vampires","floor":20,"gold_loss":0},{"damage_healed":0,"gold_gain":50,"player_choice":"Stole From Cult","damage_taken":0,"max_hp_gain":0,"max_hp_loss":0,"event_name":"Nest","floor":21,"gold_loss":0},{"damage_healed":0,"gold_gain":0,"player_choice":"Obtained Book","damage_taken":21,"max_hp_gain":0,"max_hp_loss":0,"event_name":"Cursed Tome","floor":24,"gold_loss":0}],"is_beta":false,"boss_relics":[{"not_picked":["Velvet Choker","Snecko Eye"],"picked":"Pandora\u0027s Box"}],"items_purged_floors":[19],"is_endless":false,"potions_floor_spawned":[2,3,7,8,13,16,27,29],"killed_by":"Shelled Parasite and Fungi","ascension_level":15}