{"gold_per_floor":[114,44,44,63,77,112,112,112,112,123,156,41,41,64,64,166,166,185,185,85,95,95,126,126,126,126,143,143,172,188,217,217,217],"floor_reached":33,"playtime":2199,"items_purged":["Defend_B","Parasite"],"score":361,"play_id":"eb28dd86-2151-43de-a362-ee2e2c038691","local_time":"20190630014714","is_ascension_mode":false,"campfire_choices":[{"data":"Static Discharge","floor":7,"key":"SMITH"},{"data":"White Noise","floor":15,"key":"SMITH"},{"data":"Loop","floor":25,"key":"SMITH"},{"data":"Electrodynamics","floor":28,"key":"SMITH"},{"data":"Reboot","floor":32,"key":"SMITH"}],"neow_cost":"NONE","seed_source_timestamp":1410724898495427,"circlet_count":0,"master_deck":["Strike_B","Strike_B","Strike_B","Zap","Dualcast","Static Discharge+1","Self Repair","Doom and Gloom","Genetic Algorithm","Hyperbeam","Force Field","White Noise+1","Auto Shields","Melter","Reboot+1","Ball Lightning","Electrodynamics+1","Recycle","Compile Driver+1","Loop+1","Skim+1","Stack+1","Fusion+1"],"relics":["Cracked Core","Sundial","Pen Nib","Unceasing Top","Strawberry","Coffee Dripper","Anchor","CultistMask","Pantograph","Bag of Preparation","Oddly Smooth Stone"],"potions_floor_usage":[6,16,27,31],"damage_taken":[{"damage":1,"enemies":"Jaw Worm","floor":1,"turns":3},{"damage":1,"enemies":"Cultist","floor":4,"turns":4},{"damage":0,"enemies":"Small Slimes","floor":5,"turns":2},{"damage":29,"enemies":"3 Sentries","floor":6,"turns":4},{"damage":0,"enemies":"Gremlin Gang","floor":10,"turns":1},{"damage":16,"enemies":"Gremlin Nob","floor":11,"turns":4},{"damage":81,"enemies":"Hexaghost","floor":16,"turns":11},{"damage":0,"enemies":"Chosen","floor":18,"turns":4},{"damage":7,"enemies":"Shell Parasite","floor":21,"turns":3},{"damage":24,"enemies":"Gremlin Leader","floor":23,"turns":5},{"damage":8,"enemies":"Snecko","floor":27,"turns":4},{"damage":18,"enemies":"Book of Stabbing","floor":29,"turns":3},{"damage":1,"enemies":"3 Cultists","floor":30,"turns":3},{"damage":0,"enemies":"Slavers","floor":31,"turns":2},{"damage":71,"enemies":"Champ","floor":33,"turns":7}],"seed_played":"-6284575014015693639","potions_obtained":[{"floor":4,"key":"Explosive Potion"},{"floor":5,"key":"Ancient Potion"},{"floor":10,"key":"Block Potion"},{"floor":21,"key":"GamblersBrew"},{"floor":23,"key":"Poison Potion"},{"floor":29,"key":"Weak Potion"}],"is_trial":false,"path_per_floor":["M","$","?","M","M","E","R","?","T","M","E","$","?","T","R","B",null,"M","?","$","M","?","E","?","R","T","M","R","E","M","E","R","B"],"character_chosen":"DEFECT","items_purchased":["Self Repair","Melter"],"campfire_rested":0,"item_purchase_floors":[2,12],"current_hp_per_floor":[81,81,81,82,82,60,60,60,60,60,58,58,78,85,85,11,89,89,89,86,86,69,52,52,52,52,44,44,33,32,32,32,0],"gold":217,"neow_bonus":"TEN_PERCENT_HP_BONUS","is_prod":false,"is_daily":false,"chose_seed":false,"campfire_upgraded":5,"win_rate":0.0,"timestamp":1561873634,"path_taken":["M","$","?","M","?","E","R","?","T","?","E","?","?","?","R","BOSS","M","?","$","M","?","E","?","R","T","M","R","E","M","E","R","BOSS"],"build_version":"2019-01-23","purchased_purges":2,"victory":false,"max_hp_per_floor":[82,82,82,82,82,82,82,82,82,82,82,82,82,89,89,89,89,89,89,86,86,91,91,91,91,91,91,91,91,91,91,91,91],"card_choices":[{"not_picked":["Sweeping Beam","Fusion"],"picked":"Static Discharge","floor":1},{"not_picked":["Rebound","Leap"],"picked":"Doom and Gloom","floor":4},{"not_picked":["Rebound","Rip and Tear"],"picked":"Genetic Algorithm","floor":5},{"not_picked":["Hologram","Stack"],"picked":"Hyperbeam","floor":6},{"not_picked":["Steam Power","Gash"],"picked":"White Noise","floor":10},{"not_picked":["Blizzard","Self Repair"],"picked":"Auto Shields","floor":11},{"not_picked":["Rainbow","Thunder Strike"],"picked":"Reboot","floor":16},{"not_picked":["Doom and Gloom","Consume+1"],"picked":"Ball Lightning","floor":18},{"not_picked":["Sweeping Beam","Auto Shields"],"picked":"Compile Driver+1","floor":21},{"not_picked":["Scrape","Leap"],"picked":"Loop","floor":23},{"not_picked":["Gash","Turbo","Reprogram"],"picked":"SKIP","floor":27},{"not_picked":["FTL","Barrage+1"],"picked":"Skim+1","floor":29},{"not_picked":["Hologram","Go for the Eyes"],"picked":"Stack+1","floor":30},{"not_picked":["Force Field","Darkness"],"picked":"Fusion+1","floor":31}],"player_experience":32597,"relics_obtained":[{"floor":6,"key":"Sundial"},{"floor":9,"key":"Pen Nib"},{"floor":11,"key":"Unceasing Top"},{"floor":14,"key":"Strawberry"},{"floor":23,"key":"Anchor"},{"floor":26,"key":"Pantograph"},{"floor":29,"key":"Bag of Preparation"},{"floor":31,"key":"Oddly Smooth Stone"}],"event_choices":[{"cards_removed":["Defend_B"],"damage_healed":0,"gold_gain":0,"player_choice":"Offered Basic","damage_taken":0,"max_hp_gain":0,"max_hp_loss":0,"event_name":"Bonfire Elementals","floor":3,"gold_loss":0},{"damage_healed":0,"gold_gain":0,"cards_transformed":["Defend_B"],"player_choice":"Transformed","damage_taken":0,"max_hp_gain":0,"max_hp_loss":0,"event_name":"Transmorgrifier","floor":8,"gold_loss":0,"cards_obtained":["Force Field"]},{"damage_healed":20,"gold_gain":0,"player_choice":"Healed and dodged fight","damage_taken":0,"max_hp_gain":0,"max_hp_loss":0,"event_name":"Mushrooms","floor":13,"gold_loss":0,"cards_obtained":["Parasite"]},{"damage_healed":0,"gold_gain":0,"cards_transformed":["Defend_B","Strike_B"],"player_choice":"Became Test Subject","damage_taken":0,"max_hp_gain":0,"max_hp_loss":0,"event_name":"Drug Dealer","floor":19,"gold_loss":0,"cards_obtained":["Electrodynamics","Recycle"]},{"damage_healed":0,"gold_gain":0,"player_choice":"Shed Blood","damage_taken":22,"max_hp_gain":5,"max_hp_loss":0,"event_name":"Forgotten Altar","floor":22,"gold_loss":0},{"damage_healed":0,"gold_gain":0,"player_choice":"Trade","damage_taken":0,"relics_obtained":["CultistMask"],"max_hp_gain":0,"max_hp_loss":0,"event_name":"FaceTrader","floor":24,"gold_loss":0}],"is_beta":false,"boss_relics":[{"not_picked":["Calling Bell","Astrolabe"],"picked":"Coffee Dripper"}],"items_purged_floors":[12,20],"is_endless":false,"potions_floor_spawned":[4,5,10,21,23,29],"killed_by":"Champ","ascension_level":0}