{"gold_per_floor":[109,37,37,51,51,51,3,18,18,18,43,43,56,56,56,56],"floor_reached":16,"playtime":376,"items_purged":[],"score":98,"play_id":"68f7b461-ef76-452d-884c-7b16863cc9b1","local_time":"20190730213546","is_ascension_mode":false,"campfire_choices":[{"data":"Whirlwind","floor":6,"key":"SMITH"},{"floor":10,"key":"REST"},{"floor":15,"key":"REST"}],"neow_cost":"TEN_PERCENT_HP_LOSS","seed_source_timestamp":1737419858241600,"circlet_count":0,"master_deck":["Strike_R","Strike_R","Strike_R+1","Strike_R","Defend_R","Defend_R","Defend_R","Defend_R","Bash","Purity","Impatience","Dual Wield+1","Whirlwind+1","Flex","Fire Breathing","Cleave","Feed","Cleave"],"relics":["Burning Blood","Letter Opener"],"potions_floor_usage":[11,11,16],"damage_taken":[{"damage":10,"enemies":"Jaw Worm","floor":1,"turns":4},{"damage":14,"enemies":"Small Slimes","floor":4,"turns":4},{"damage":0,"enemies":"Cultist","floor":8,"turns":2},{"damage":49,"enemies":"Lagavulin","floor":11,"turns":6},{"damage":5,"enemies":"Lots of Slimes","floor":13,"turns":2},{"damage":74,"enemies":"Hexaghost","floor":16,"turns":8}],"seed_played":"-8714270889142285882","potions_obtained":[{"floor":8,"key":"Dexterity Potion"},{"floor":13,"key":"BloodPotion"}],"is_trial":false,"path_per_floor":["M","$","?","M","?","R","$","M","T","R","E","?","M","$","R","B"],"character_chosen":"IRONCLAD","items_purchased":["Whirlwind","Strength Potion"],"campfire_rested":2,"item_purchase_floors":[2,7],"current_hp_per_floor":[68,68,61,53,39,39,39,45,45,66,23,23,27,27,49,0],"gold":56,"neow_bonus":"RANDOM_COLORLESS_2","is_prod":false,"is_daily":false,"chose_seed":false,"campfire_upgraded":1,"win_rate":0,"timestamp":1564540546,"path_taken":["M","$","?","M","?","R","$","M","T","R","E","?","?","?","R","BOSS"],"build_version":"2019-07-17","purchased_purges":0,"victory":false,"max_hp_per_floor":[72,72,72,72,72,72,72,72,72,72,72,72,75,75,75,75],"card_choices":[{"not_picked":["Thunderclap","Iron Wave"],"picked":"Dual Wield","floor":1},{"not_picked":["True Grit","Iron Wave"],"picked":"Flex","floor":4},{"not_picked":["Body Slam","Armaments"],"picked":"Fire Breathing","floor":8},{"not_picked":["Impervious","Infernal Blade"],"picked":"Cleave","floor":11},{"not_picked":["Sword Boomerang","Twin Strike","Second Wind"],"picked":"SKIP","floor":13}],"player_experience":826872,"relics_obtained":[{"floor":11,"key":"Letter Opener"}],"event_choices":[{"cards_removed":["Strike_R"],"damage_healed":0,"gold_gain":0,"player_choice":"Card Removal","damage_taken":7,"max_hp_gain":0,"max_hp_loss":0,"event_name":"Golden Wing","floor":3,"gold_loss":0},{"damage_healed":0,"gold_gain":0,"player_choice":"Entered Light","damage_taken":14,"max_hp_gain":0,"max_hp_loss":0,"event_name":"Shining Light","floor":5,"gold_loss":0,"cards_upgraded":["Dual Wield","Strike_R"]},{"damage_healed":0,"gold_gain":0,"player_choice":"2 cards matched","damage_taken":0,"max_hp_gain":0,"max_hp_loss":0,"event_name":"Match and Keep!","floor":12,"gold_loss":0,"cards_obtained":["Feed","Cleave"]}],"is_beta":false,"boss_relics":[],"items_purged_floors":[],"is_endless":false,"potions_floor_spawned":[8,13],"killed_by":"Hexaghost","ascension_level":0}