{"gold_per_floor":[111,286,246,261,280,280,309,309,309,309,309],"floor_reached":11,"playtime":414,"items_purged":[],"score":82,"play_id":"58585bf1-8e70-425a-a1bd-1bd9abf9304a","local_time":"20190701235000","is_ascension_mode":true,"campfire_choices":[{"data":"Offering","floor":6,"key":"SMITH"},{"data":"Rampage","floor":8,"key":"SMITH"},{"floor":10,"key":"DIG"}],"neow_cost":"NONE","seed_source_timestamp":1578277912948427,"circlet_count":0,"master_deck":["Strike_R","Strike_R","Strike_R","Strike_R","Strike_R","Defend_R","Defend_R","Defend_R","Defend_R","Bash","Offering+1","Doubt","Metallicize","Rampage+1"],"relics":["Burning Blood","Ice Cream","Shovel","Kunai"],"potions_floor_usage":[7,7,7,7,7,7],"damage_taken":[{"damage":7,"enemies":"Cultist","floor":1,"turns":3},{"damage":18,"enemies":"Jaw Worm","floor":4,"turns":3},{"damage":5,"enemies":"2 Louse","floor":5,"turns":4},{"damage":48,"enemies":"3 Sentries","floor":7,"turns":12},{"damage":27,"enemies":"Exordium Wildlife","floor":11,"turns":6}],"seed_played":"8489816315464036543","potions_obtained":[{"floor":3,"key":"Strength Potion"},{"floor":3,"key":"SneckoOil"},{"floor":3,"key":"EntropicBrew"}],"is_trial":false,"path_per_floor":["M","?","?","M","M","R","E","R","T","R","M"],"character_chosen":"IRONCLAD","items_purchased":[],"campfire_rested":0,"item_purchase_floors":[],"current_hp_per_floor":[79,79,79,67,68,68,26,26,26,26,0],"gold":309,"neow_bonus":"ONE_RANDOM_RARE_CARD","is_prod":false,"is_daily":false,"chose_seed":false,"campfire_upgraded":2,"win_rate":0,"timestamp":1562039400,"path_taken":["M","?","?","M","?","R","E","R","T","R","M"],"build_version":"2019-07-01","purchased_purges":0,"victory":false,"max_hp_per_floor":[80,80,80,80,80,80,80,80,80,80,80],"card_choices":[{"not_picked":["Havoc","Headbutt","Heavy Blade"],"picked":"SKIP","floor":1},{"not_picked":["Second Wind","Dual Wield","Pommel Strike"],"picked":"SKIP","floor":4},{"not_picked":["Thunderclap","Heavy Blade"],"picked":"Metallicize","floor":5},{"not_picked":["Body Slam","Shrug It Off"],"picked":"Rampage","floor":7}],"player_experience":110145,"relics_obtained":[{"floor":7,"key":"Ice Cream"},{"floor":9,"key":"Shovel"},{"floor":10,"key":"Kunai"}],"event_choices":[{"damage_healed":0,"gold_gain":175,"player_choice":"AGREE","damage_taken":0,"max_hp_gain":0,"max_hp_loss":0,"event_name":"Liars Game","floor":2,"gold_loss":0,"cards_obtained":["Doubt"]},{"damage_healed":0,"gold_gain":0,"player_choice":"Bought 3 Potions","damage_taken":0,"max_hp_gain":0,"max_hp_loss":0,"event_name":"The Woman in Blue","floor":3,"gold_loss":0}],"is_beta":false,"boss_relics":[],"items_purged_floors":[],"is_endless":false,"potions_floor_spawned":[],"killed_by":"Exordium Wildlife","ascension_level":3}