{"gold_per_floor":[13,31,31,43,60,92,103,137,137,312,312,330,330,363,363,363],"floor_reached":16,"playtime":556,"items_purged":[],"score":146,"play_id":"02006708-2347-4143-b959-4832c016c264","local_time":"20190730221418","is_ascension_mode":true,"campfire_choices":[{"floor":11,"key":"REST"},{"data":"Whirlwind","floor":13,"key":"SMITH"},{"floor":15,"key":"REST"}],"neow_cost":"NO_GOLD","seed_source_timestamp":1655343317971619,"circlet_count":0,"master_deck":["Strike_R","Strike_R+1","Strike_R","Strike_R","Strike_R","Defend_R","Defend_R","Defend_R","Defend_R","Bash","Chrysalis","Finesse","Cleave+1","Spot Weakness","Cleave","Flex","Doubt","Whirlwind+1","Whirlwind"],"relics":["Burning Blood","Anchor","Dodecahedron","Regal Pillow","Vajra"],"potions_floor_usage":[16],"damage_taken":[{"damage":1,"enemies":"Cultist","floor":1,"turns":4},{"damage":12,"enemies":"Small Slimes","floor":2,"turns":5},{"damage":0,"enemies":"2 Louse","floor":4,"turns":2},{"damage":17,"enemies":"Lots of Slimes","floor":5,"turns":3},{"damage":29,"enemies":"Gremlin Nob","floor":6,"turns":5},{"damage":0,"enemies":"2 Fungi Beasts","floor":7,"turns":3},{"damage":13,"enemies":"3 Sentries","floor":8,"turns":5},{"damage":6,"enemies":"3 Louse","floor":12,"turns":3},{"damage":45,"enemies":"Gremlin Nob","floor":14,"turns":4},{"damage":69,"enemies":"Slime Boss","floor":16,"turns":7}],"seed_played":"7072929006351076907","potions_obtained":[{"floor":2,"key":"LiquidBronze"},{"floor":4,"key":"Dexterity Potion"},{"floor":5,"key":"Dexterity Potion"},{"floor":14,"key":"Energy Potion"}],"is_trial":false,"path_per_floor":["M","M","?","M","M","E","M","E","T","?","R","M","R","E","R","B"],"character_chosen":"IRONCLAD","items_purchased":[],"campfire_rested":2,"item_purchase_floors":[],"current_hp_per_floor":[80,74,58,64,53,30,36,29,29,29,68,68,68,29,68,0],"gold":363,"neow_bonus":"RANDOM_COLORLESS_2","is_prod":false,"is_daily":false,"chose_seed":false,"campfire_upgraded":1,"win_rate":0,"timestamp":1564539258,"path_taken":["M","?","?","M","M","E","M","E","T","?","R","M","R","E","R","BOSS"],"build_version":"2019-07-17","purchased_purges":0,"victory":false,"max_hp_per_floor":[80,80,80,80,80,80,80,80,80,80,80,80,80,80,80,80],"card_choices":[{"not_picked":["Anger","Clash"],"picked":"Cleave","floor":1},{"not_picked":["Iron Wave","Ghostly Armor","Infernal Blade"],"picked":"SKIP","floor":2},{"not_picked":["Rupture","Perfected Strike","Shrug It Off"],"picked":"SKIP","floor":4},{"not_picked":["Headbutt","Iron Wave","Perfected Strike"],"picked":"SKIP","floor":5},{"not_picked":["Ghostly Armor","Pommel Strike"],"picked":"Spot Weakness","floor":6},{"not_picked":["Inflame","Ghostly Armor"],"picked":"Cleave","floor":7},{"not_picked":["Pummel","Dual Wield"],"picked":"Flex","floor":8},{"not_picked":["Bloodletting","Cleave"],"picked":"Whirlwind","floor":12},{"not_picked":["Bludgeon","Seeing Red"],"picked":"Whirlwind","floor":14}],"player_experience":244898,"relics_obtained":[{"floor":6,"key":"Anchor"},{"floor":8,"key":"Dodecahedron"},{"floor":9,"key":"Regal Pillow"},{"floor":14,"key":"Vajra"}],"event_choices":[{"damage_healed":0,"gold_gain":0,"player_choice":"Entered Light","damage_taken":16,"max_hp_gain":0,"max_hp_loss":0,"event_name":"Shining Light","floor":3,"gold_loss":0,"cards_upgraded":["Cleave","Strike_R"]},{"damage_healed":0,"gold_gain":175,"player_choice":"AGREE","damage_taken":0,"max_hp_gain":0,"max_hp_loss":0,"event_name":"Liars Game","floor":10,"gold_loss":0,"cards_obtained":["Doubt"]}],"is_beta":false,"boss_relics":[],"items_purged_floors":[],"is_endless":false,"potions_floor_spawned":[2,4,5,7,14],"killed_by":"Slime Boss","ascension_level":4}