{"path_per_floor":["M","?","$","$","M","R","M","R","T","R","?","?","E","M","R"],"character_chosen":"DEFECT","items_purchased":[],"gold_per_floor":[117,117,42,42,60,60,75,75,130,130,130,130,174,190,190,190],"floor_reached":16,"campfire_rested":0,"playtime":483,"item_purchase_floors":[],"current_hp_per_floor":[64,46,46,46,46,46,46,46,46,46,46,46,18,18,18,0],"items_purged":["Strike_B"],"gold":190,"score":137,"play_id":"ced844a8-d16f-48d9-b7a3-d76f07c9fcfd","local_time":"20180609180240","is_prod":false,"is_daily":false,"chose_seed":false,"is_ascension_mode":true,"campfire_upgraded":4,"win_rate":0,"timestamp":1528560160,"campfire_choices":[{"data":"Zap","floor":6.0,"key":"SMITH"},{"data":"Dualcast","floor":8.0,"key":"SMITH"},{"data":"Coolheaded","floor":10.0,"key":"SMITH"},{"data":"Coolheaded","floor":15,"key":"SMITH"}],"path_taken":["M","?","?","$","M","R","M","R","T","R","?","?","E","M","R","BOSS"],"build_version":"2018-06-07v3","seed_source_timestamp":127295832136110,"purchased_purges":1,"victory":false,"master_deck":["Strike_B","Strike_B","Strike_B","Defend_B","Defend_B","Defend_B","Defend_B","Zap+1","Dualcast+1","Coolheaded+1","Melter","Sweeping Beam","Barrage+1","Seek","Coolheaded+1"],"max_hp_per_floor":[75,75,75,75,75,75,75,75,75,75,75,75,75,75,75,75],"relics":["Cracked Core","Golden Idol","Tiny Chest","Potion Belt"],"card_choices":[{"not_picked":["Compile Driver","Sweeping Beam"],"picked":"Coolheaded","floor":0.0},{"not_picked":["Leap","Fusion"],"picked":"Melter","floor":1.0},{"not_picked":["Tempest","Undo"],"picked":"Sweeping Beam","floor":5.0},{"not_picked":["Conserve Battery","Consume"],"picked":"Barrage","floor":7.0},{"not_picked":["Hyperbeam","Double Energy"],"picked":"Seek","floor":13},{"not_picked":["Turbo","Compile Driver"],"picked":"Coolheaded","floor":14}],"player_experience":567344,"potions_floor_usage":[16],"damage_taken":[{"damage":4.0,"enemies":"2 Louse","floor":1.0,"turns":3.0},{"damage":0.0,"enemies":"Cultist","floor":5.0,"turns":3.0},{"damage":0.0,"enemies":"Jaw Worm","floor":7.0,"turns":3.0},{"damage":28,"enemies":"Lagavulin","floor":13,"turns":5},{"damage":0,"enemies":"Large Slime","floor":14,"turns":4},{"damage":19,"enemies":"Hexaghost","floor":16,"turns":9}],"relics_obtained":[{"floor":9.0,"key":"Tiny Chest"},{"floor":13,"key":"Potion Belt"}],"event_choices":[{"event_name":"Golden Idol","player_choice":"Take Damage","floor":2.0,"damage_taken":0.0},{"event_name":"Dead Adventurer","player_choice":"Searched \u00271\u0027 times","floor":11,"damage_taken":0},{"event_name":"Accursed Blacksmith","player_choice":"Forge","floor":12,"damage_taken":0}],"boss_relics":[],"items_purged_floors":[],"potions_floor_spawned":[5,7],"seed_played":"-5644759222359465917","killed_by":"Hexaghost","ascension_level":8,"potions_obtained":[{"floor":5.0,"key":"Poison Potion"},{"floor":7.0,"key":"SpeedPotion"}],"is_trial":false}