{"gold_per_floor":[109,122,47,61,71,71,100,119,119,119,75,105,125,143,143,143],"floor_reached":16,"playtime":419,"items_purged":[],"score":228,"play_id":"bde681d2-5395-48f4-b5f2-51046dea23c8","local_time":"20190727164311","is_ascension_mode":true,"campfire_choices":[{"data":"Sunder","floor":6.0,"key":"SMITH"},{"floor":10.0,"key":"REST"},{"data":"Defragment","floor":15,"key":"SMITH"}],"neow_cost":"PERCENT_DAMAGE","seed_source_timestamp":507389436652681,"circlet_count":0,"master_deck":["AscendersBane","Strike_B","Strike_B","Strike_B","Defend_B","Defend_B","Defend_B","Defend_B","Zap","Dualcast","Sunder+1","FTL","Self Repair","Sweeping Beam","Fission","Ball Lightning","Recycle","Defragment+1"],"special_seed":0,"relics":["Cracked Core","Potion Belt","Bird Faced Urn","Shovel"],"potions_floor_usage":[16],"damage_taken":[{"damage":2.0,"enemies":"Cultist","floor":1.0,"turns":4.0},{"damage":6.0,"enemies":"Jaw Worm","floor":2.0,"turns":4.0},{"damage":2.0,"enemies":"2 Louse","floor":4.0,"turns":2.0},{"damage":26.0,"enemies":"Large Slime","floor":5.0,"turns":6.0},{"damage":27.0,"enemies":"Gremlin Nob","floor":7.0,"turns":4.0},{"damage":4.0,"enemies":"Red Slaver","floor":8.0,"turns":2.0},{"damage":10.0,"enemies":"3 Sentries","floor":12.0,"turns":5.0},{"damage":24.0,"enemies":"Exordium Wildlife","floor":13.0,"turns":4.0},{"damage":2.0,"enemies":"2 Fungi Beasts","floor":14.0,"turns":2.0},{"damage":26,"enemies":"Slime Boss","floor":16,"turns":4}],"seed_played":"-6833308357541574856","potions_obtained":[{"floor":1.0,"key":"EssenceOfSteel"},{"floor":4.0,"key":"LiquidBronze"},{"floor":5.0,"key":"Energy Potion"},{"floor":13.0,"key":"Poison Potion"},{"floor":14,"key":"Weak Potion"}],"is_trial":false,"path_per_floor":["M","M","?","M","M","R","E","M","T","R","?","E","M","M","R","B"],"character_chosen":"DEFECT","items_purchased":[],"campfire_rested":1,"item_purchase_floors":[],"current_hp_per_floor":[58,52,52,50,31,31,11,7,7,32,32,31,16,14,14,0],"gold":143,"neow_bonus":"TWENTY_PERCENT_HP_BONUS","is_prod":false,"is_daily":false,"chose_seed":false,"campfire_upgraded":2,"win_rate":0,"timestamp":1564213391,"path_taken":["M","M","?","M","M","R","E","M","T","R","?","E","M","M","R","BOSS"],"build_version":"2019-07-17","purchased_purges":0,"victory":false,"max_hp_per_floor":[85,85,85,85,85,85,85,85,85,85,85,85,85,85,85,85],"card_choices":[{"not_picked":["Cold Snap","Leap"],"picked":"Sunder","floor":1.0},{"not_picked":["Consume","Conserve Battery"],"picked":"FTL","floor":2.0},{"not_picked":["Beam Cell","Cold Snap"],"picked":"Self Repair","floor":4.0},{"not_picked":["Compile Driver","Consume"],"picked":"Sweeping Beam","floor":5.0},{"not_picked":["Redo","Leap"],"picked":"Fission","floor":7.0},{"not_picked":["Cold Snap","Leap"],"picked":"Ball Lightning","floor":8.0},{"not_picked":["Turbo","BootSequence"],"picked":"Recycle","floor":12.0},{"not_picked":["Leap","Beam Cell","Turbo"],"picked":"SKIP","floor":13.0},{"not_picked":["Hologram","Coolheaded"],"picked":"Defragment","floor":14}],"player_experience":1035058,"relics_obtained":[{"floor":7.0,"key":"Potion Belt"},{"floor":9.0,"key":"Bird Faced Urn"},{"floor":12.0,"key":"Shovel"}],"event_choices":[{"cards_removed":["Strike_B"],"damage_healed":0.0,"max_hp_gain":0.0,"max_hp_loss":0.0,"gold_gain":0.0,"event_name":"The Cleric","player_choice":"Card Removal","floor":3.0,"gold_loss":75.0,"damage_taken":0.0},{"damage_healed":0.0,"max_hp_gain":0.0,"max_hp_loss":0.0,"gold_gain":0.0,"event_name":"World of Goop","player_choice":"Left Gold","floor":11.0,"gold_loss":44.0,"damage_taken":0.0}],"is_beta":false,"boss_relics":[],"items_purged_floors":[],"is_endless":false,"potions_floor_spawned":[1,4,5,13,14],"killed_by":"Slime Boss","ascension_level":20}