{"path_per_floor":["M","?","?","M","M","R","M","E","T","R","T","$","?","M","R","B",null,"M","M","M","?","M","R","?","$","T","?","M","E","$"],"character_chosen":"DEFECT","items_purchased":["Defragment","Pantograph"],"gold_per_floor":[111,111,111,132,152,152,177,217,243,243,243,86,157,170,170,295,295,313,331,354,354,365,365,365,7,89,89,108,139,14,14],"floor_reached":31,"campfire_rested":2,"playtime":1374,"current_hp_per_floor":[71,53,53,41,40,40,21,10,10,32,34,34,30,27,27,27,79,67,42,41,41,32,56,40,40,45,45,39,13,13,0],"items_purged":["Strike_B","Defend_B","Strike_B"],"gold":14,"score":366,"play_id":"52aeb4e6-3924-4238-b8c3-d5821a4eafcb","local_time":"20180504231635","is_prod":false,"is_daily":false,"chose_seed":false,"is_ascension_mode":true,"campfire_upgraded":2,"timestamp":1525468595,"path_taken":["M","?","?","M","M","R","M","E","T","R","?","$","?","M","R","BOSS","M","M","?","?","M","R","?","$","T","?","?","E","$","M"],"build_version":"2018-05-03","seed_source_timestamp":27492704120851,"purchased_purges":3,"victory":false,"master_deck":["Strike_B","Defend_B","Defend_B","Defend_B","Zap+1","Dualcast","Capacitor+1","Sunder","Coolheaded","Static Discharge","Coolheaded","Cold Snap","Defragment+1","Reprogram","Creative AI+1","Sweeping Beam+1","Hologram+1","Barrage","Necronomicurse","Ball Lightning","Amplify","Impulse"],"max_hp_per_floor":[75,75,75,75,75,75,75,75,75,75,77,77,79,79,79,79,79,79,79,79,79,81,81,81,81,81,81,81,81,81,81],"relics":["Cracked Core","Singing Bowl","Bloody Idol","Prayer Wheel","Vajra","Frozen Egg 2","Art of War","Inserter","Necronomicon","Pantograph","Letter Opener","DataDisk"],"card_choices":[{"not_picked":["Barrage","Skim"],"picked":"Capacitor","floor":1.0},{"not_picked":["Coolheaded","Hologram"],"picked":"Sunder","floor":4.0},{"not_picked":["Skim","Beam Cell"],"picked":"Coolheaded","floor":5.0},{"not_picked":["Axe Kick","Beam Cell"],"picked":"Static Discharge","floor":7.0},{"not_picked":["Echo Form","Rebound"],"picked":"Coolheaded","floor":8.0},{"not_picked":["Impulse","Barrage"],"picked":"Cold Snap","floor":9.0},{"not_picked":["Self Repair","Steam Power"],"picked":"Reprogram","floor":14.0},{"not_picked":["Amplify","Meteor Strike"],"picked":"Creative AI","floor":16.0},{"not_picked":["Force Field","Chill"],"picked":"Sweeping Beam","floor":18},{"not_picked":["Doom and Gloom","Sweeping Beam"],"picked":"Hologram","floor":19},{"not_picked":["Stack","Axe Kick"],"picked":"Barrage","floor":20},{"not_picked":["Turbo","Stack"],"picked":"Ball Lightning","floor":26},{"not_picked":["Hologram","Chaos"],"picked":"Amplify","floor":28},{"not_picked":["Ball Lightning","Genetic Algorithm"],"picked":"Impulse","floor":29}],"player_experience":599345,"potions_floor_usage":[18,18,29,29],"damage_taken":[{"damage":4.0,"enemies":"Small Slimes","floor":1.0,"turns":4.0},{"damage":12.0,"enemies":"2 Louse","floor":4.0,"turns":3.0},{"damage":1.0,"enemies":"Cultist","floor":5.0,"turns":4.0},{"damage":19.0,"enemies":"Blue Slaver","floor":7.0,"turns":3.0},{"damage":26.0,"enemies":"3 Sentries","floor":8.0,"turns":6.0},{"damage":6.0,"enemies":"3 Sentries","floor":13.0,"turns":7.0},{"damage":3.0,"enemies":"3 Louse","floor":14.0,"turns":2.0},{"damage":0.0,"enemies":"Slime Boss","floor":16.0,"turns":11.0},{"damage":12,"enemies":"2 Thieves","floor":18,"turns":4},{"damage":25,"enemies":"3 Byrds","floor":19,"turns":3},{"damage":1,"enemies":"Centurion and Healer","floor":20,"turns":10},{"damage":16,"enemies":"Snake Plant","floor":22,"turns":3},{"damage":11,"enemies":"Sentry and Sphere","floor":28,"turns":5},{"damage":31,"enemies":"Slavers","floor":29,"turns":3},{"damage":13,"enemies":"Cultist and Chosen","floor":31,"turns":3}],"event_choices":[{"event_name":"Golden Idol","player_choice":"Take Damage","floor":2.0,"damage_taken":0.0},{"event_name":"Living Wall","player_choice":"Forget","floor":3.0,"damage_taken":0.0},{"event_name":"Dead Adventurer","player_choice":"Searched \u00272\u0027 times","floor":13.0,"damage_taken":0.0},{"event_name":"Forgotten Altar","player_choice":"Gave Idol","floor":21,"damage_taken":0},{"event_name":"Cursed Tome","player_choice":"Obtained Book","floor":24,"damage_taken":0},{"event_name":"Ghosts","player_choice":"Ignored","floor":27,"damage_taken":0}],"boss_relics":[],"potions_floor_spawned":[7,8,14,20,22],"seed_played":"-1715384555022968312","killed_by":"Cultist and Chosen","ascension_level":4,"is_trial":false}