{"path_per_floor":["M","?","?","M","M","R","E","?","T","M","R","M","R","$","R","B",null,"M","M","$"],"character_chosen":"IRONCLAD","items_purchased":["Spot Weakness","Shrug It Off"],"gold_per_floor":[110,110,110,122,141,141,168,168,168,186,186,209,209,134,134,264,264,279,302,117],"floor_reached":21,"campfire_rested":1,"playtime":877,"current_hp_per_floor":[67,55,55,55,61,61,28,28,28,28,49,49,49,49,49,37,63,32,24,24],"items_purged":["Strike_R","Strike_R"],"gold":117,"score":277,"play_id":"be67b39e-c09d-4da8-a206-4780e45ce914","local_time":"20180305223053","is_prod":false,"is_daily":false,"is_ascension_mode":true,"campfire_upgraded":3,"timestamp":1520285453,"path_taken":["M","?","?","?","M","R","E","?","T","M","R","M","R","?","R","BOSS","M","M","$","M"],"build_version":"2018-03-01-PROD1","purchased_purges":2,"victory":false,"master_deck":["Strike_R","Strike_R","Strike_R","Defend_R","Defend_R","Defend_R","Defend_R","Bash+1","Cleave","Flex+1","Offering","Exhume+1","Reaper","Inflame","Spot Weakness","Shrug It Off"],"max_hp_per_floor":[80,80,77,77,77,77,77,71,71,71,71,71,71,71,71,71,71,71,71,71],"relics":["Black Blood","Art of War","Oddly Smooth Stone","Golden Idol","Bird Faced Urn"],"card_choices":[{"not_picked":["Intimidate","Rupture"],"picked":"Cleave"},{"not_picked":["Havoc","Clothesline"],"picked":"Flex"},{"not_picked":["Body Slam","Dropkick"],"picked":"Offering"},{"not_picked":["Cleave","Armaments"],"picked":"Exhume"},{"not_picked":["Feed","Brutality"],"picked":"Reaper"},{"not_picked":["Seeing Red","Cleave"],"picked":"Inflame"}],"player_experience":378321,"potions_floor_usage":[12,16,16,18],"damage_taken":[{"damage":11,"enemies":"Jaw Worm","floor":1,"turns":4},{"damage":6,"enemies":"Small Slimes","floor":4,"turns":3},{"damage":0,"enemies":"2 Louse","floor":5,"turns":2},{"damage":39,"enemies":"Lagavulin","floor":7,"turns":6},{"damage":6,"enemies":"Blue Slaver","floor":10,"turns":3},{"damage":6,"enemies":"3 Louse","floor":12,"turns":4},{"damage":18,"enemies":"Slime Boss","floor":16,"turns":10},{"damage":41,"enemies":"Spheric Guardian","floor":18,"turns":4},{"damage":42,"enemies":"3 Byrds","floor":19,"turns":7},{"damage":42,"enemies":"Snecko","floor":21,"turns":4}],"event_choices":[{"event_name":"Scrap Ooze","player_choice":"success","floor":2,"damage_taken":12},{"event_name":"Living Wall","player_choice":"Forget","floor":3,"damage_taken":0},{"event_name":"Golden Idol","player_choice":"Lose Max HP","floor":8,"damage_taken":0}],"boss_relics":[{"not_picked":["Calling Bell","Black Star"],"picked":"Black Blood"}],"potions_floor_spawned":[1,7,10,12],"seed_played":"7713258629845991918","killed_by":"Snecko","ascension_level":11,"is_trial":false}