{"gold_per_floor":[112,112,37,37,57,57,11,23,99,99,127,127,202,11,11,108,108,126,126,143,157,171,171,187,187,187,187,112,128,128,140,140,140],"floor_reached":33,"playtime":939,"items_purged":["Strike_R"],"score":245,"play_id":"49602ce6-a7d1-45da-9330-25cdf9eec467","local_time":"20190310114848","is_ascension_mode":false,"campfire_choices":[{"data":"Rampage","floor":6.0,"key":"SMITH"},{"data":"Bash","floor":10.0,"key":"SMITH"},{"data":"Shrug It Off","floor":12.0,"key":"SMITH"},{"data":"Defend_R","floor":15,"key":"SMITH"},{"floor":23,"key":"REST"},{"floor":25,"key":"REST"},{"floor":27,"key":"REST"},{"floor":32,"key":"REST"}],"neow_cost":"TEN_PERCENT_HP_LOSS","seed_source_timestamp":87516484463938,"circlet_count":0,"master_deck":["Strike_R+1","Defend_R+1","Defend_R","Defend_R","Defend_R+1","Bash+1","Rampage+1","Shrug It Off+1","Headbutt+1","Armaments+1"],"special_seed":0,"relics":["Burning Blood","Ginger","The Courier","Question Card","Membership Card","Astrolabe","Lantern"],"potions_floor_usage":[16],"damage_taken":[{"damage":4.0,"enemies":"2 Louse","floor":1.0,"turns":3.0},{"damage":4.0,"enemies":"Jaw Worm","floor":5.0,"turns":5.0},{"damage":2.0,"enemies":"Small Slimes","floor":8.0,"turns":3.0},{"damage":14.0,"enemies":"Gremlin Nob","floor":11.0,"turns":3.0},{"damage":30,"enemies":"Hexaghost","floor":16,"turns":10},{"damage":13,"enemies":"Spheric Guardian","floor":18,"turns":5},{"damage":26,"enemies":"Chosen","floor":20,"turns":5},{"damage":0,"enemies":"Snecko","floor":21,"turns":4},{"damage":34,"enemies":"3 Cultists","floor":22,"turns":7},{"damage":20,"enemies":"Snake Plant","floor":24,"turns":4},{"damage":6,"enemies":"Centurion and Healer","floor":29,"turns":8},{"damage":30,"enemies":"Shelled Parasite and Fungi","floor":31,"turns":8},{"damage":66,"enemies":"Automaton","floor":33,"turns":8}],"seed_played":"637804092060831661","potions_obtained":[{"floor":5.0,"key":"Block Potion"},{"floor":16,"key":"LiquidBronze"},{"floor":22,"key":"SmokeBomb"},{"floor":29,"key":"Dexterity Potion"}],"is_trial":false,"path_per_floor":["M","?","$","?","M","R","$","M","T","R","E","R","?","$","R","B",null,"M","?","M","M","M","R","M","R","T","R","?","M","?","M","R","B"],"character_chosen":"IRONCLAD","items_purchased":["Rampage","Shrug It Off","Membership Card"],"campfire_rested":4,"item_purchase_floors":[3,7,14],"current_hp_per_floor":[72,58,58,58,60,60,60,64,64,64,56,56,45,45,45,21,72,65,65,45,51,23,44,30,51,51,72,72,72,59,35,58,0],"gold":140,"neow_bonus":"ONE_RARE_RELIC","is_prod":false,"is_daily":false,"chose_seed":false,"campfire_upgraded":4,"win_rate":0,"timestamp":1552214928,"path_taken":["M","?","$","?","M","R","?","M","T","R","E","R","?","?","R","BOSS","M","?","M","?","M","R","M","R","T","R","?","M","?","M","R","BOSS"],"build_version":"2019-01-23","purchased_purges":1,"victory":false,"max_hp_per_floor":[72,72,72,72,72,72,72,72,72,72,72,72,72,72,72,72,72,72,72,72,72,72,72,72,72,72,72,72,72,77,77,77,77],"card_choices":[{"not_picked":["True Grit","Armaments","Reckless Charge"],"picked":"SKIP","floor":1.0},{"not_picked":["Clothesline","Iron Wave","Rage"],"picked":"SKIP","floor":5.0},{"not_picked":["Heavy Blade","Havoc","Spot Weakness"],"picked":"SKIP","floor":8.0},{"not_picked":["Flex","Headbutt","Heavy Blade"],"picked":"SKIP","floor":11.0},{"not_picked":["Thunderclap","Reckless Charge","Flex","Rage"],"picked":"SKIP","floor":18},{"not_picked":["Iron Wave","Armaments","Second Wind","Entrench"],"picked":"SKIP","floor":20},{"not_picked":["Shrug It Off","Heavy Blade","Juggernaut","Dual Wield"],"picked":"SKIP","floor":21},{"not_picked":["Clash","Headbutt","True Grit","Pommel Strike"],"picked":"SKIP","floor":22},{"not_picked":["Havoc","Thunderclap","Corruption+1","Uppercut"],"picked":"SKIP","floor":24},{"not_picked":["Rupture","Body Slam","Bloodletting","Heavy Blade+1"],"picked":"SKIP","floor":29},{"not_picked":["Power Through","Heavy Blade","True Grit","Havoc"],"picked":"SKIP","floor":31}],"player_experience":969220,"relics_obtained":[{"floor":9.0,"key":"The Courier"},{"floor":11.0,"key":"Question Card"},{"floor":26,"key":"Lantern"}],"event_choices":[{"damage_healed":0.0,"max_hp_gain":0.0,"max_hp_loss":0.0,"gold_gain":0.0,"event_name":"Shining Light","player_choice":"Entered Light","floor":2.0,"gold_loss":0.0,"damage_taken":14.0,"cards_upgraded":["Defend_R","Strike_R"]},{"damage_healed":0.0,"max_hp_gain":0.0,"max_hp_loss":0.0,"gold_gain":0.0,"event_name":"Liars Game","player_choice":"Ignored","floor":4.0,"gold_loss":0.0,"damage_taken":0.0},{"damage_healed":0.0,"max_hp_gain":0.0,"max_hp_loss":0.0,"gold_gain":75.0,"event_name":"World of Goop","player_choice":"Gather Gold","floor":13.0,"gold_loss":0.0,"damage_taken":11.0},{"damage_healed":0,"gold_gain":0,"player_choice":"Ignored","damage_taken":0,"max_hp_gain":0,"max_hp_loss":0,"event_name":"Duplicator","floor":19,"gold_loss":0},{"cards_removed":["Demon Form"],"damage_healed":0,"gold_gain":0,"player_choice":"Gave Gold","damage_taken":0,"max_hp_gain":0,"max_hp_loss":0,"event_name":"Beggar","floor":28,"gold_loss":75},{"damage_healed":0,"gold_gain":0,"player_choice":"Shed Blood","damage_taken":18,"max_hp_gain":5,"max_hp_loss":0,"event_name":"Forgotten Altar","floor":30,"gold_loss":0}],"is_beta":false,"boss_relics":[{"not_picked":["Black Blood","Snecko Eye"],"picked":"Astrolabe"}],"items_purged_floors":[14],"is_endless":false,"potions_floor_spawned":[5,16,22,29],"killed_by":"Automaton","ascension_level":0}