{"gold_per_floor":[114,114,36,36,54,79,79,4,4,4,24,24,55,67,67,143,143,161,61,61,75,94,144,163,163,163,190,202,233,13,28,28,104,104,116,133,150,173,192,217,235,1,26,51,51,62,62,94,94,94,94],"floor_reached":52,"playtime":2157,"items_purged":["Strike_R","Strike_R"],"score":2384,"play_id":"c2cf60a4-33f7-424f-9fb4-0e749e832add","local_time":"20190725223936","is_ascension_mode":true,"campfire_choices":[{"data":"Metallicize","floor":10.0,"key":"SMITH"},{"data":"Corruption","floor":12.0,"key":"SMITH"},{"data":"Bash","floor":15.0,"key":"SMITH"},{"data":"Feel No Pain","floor":25.0,"key":"SMITH"},{"data":"Metallicize","floor":32.0,"key":"SMITH"},{"data":"Offering","floor":45,"key":"SMITH"},{"data":"Warcry","floor":47,"key":"SMITH"},{"data":"Sentinel","floor":49,"key":"SMITH"}],"neow_cost":"NONE","seed_source_timestamp":432119474237314,"circlet_count":0,"master_deck":["AscendersBane","Strike_R","Defend_R","Defend_R","Defend_R","Defend_R","Bash+1","Shockwave","Metallicize+1","Whirlwind+1","Corruption+1","Flame Barrier+1","Seeing Red","Impervious","Perfected Strike+1","Feel No Pain+1","Body Slam+1","Juggernaut","Iron Wave+1","Evolve","Metallicize+1","Barricade","Offering+1","Uppercut+1","Flame Barrier+1","Sentinel+1","Feel No Pain+1","Warcry+1","Second Wind","Dual Wield","Shockwave"],"special_seed":0,"relics":["Burning Blood","NeowsBlessing","Mercury Hourglass","Molten Egg 2","Bag of Preparation","Mummified Hand","Blood Vial","Boot","Snecko Eye","Sundial","Shuriken","Pear","Membership Card","Empty Cage","Frozen Egg 2","Dead Branch","Strawberry","Vajra","Gremlin Horn"],"potions_floor_usage":[44,50],"damage_taken":[{"damage":0.0,"enemies":"Cultist","floor":1.0,"turns":1.0},{"damage":0.0,"enemies":"Jaw Worm","floor":5.0,"turns":1.0},{"damage":0.0,"enemies":"3 Sentries","floor":6.0,"turns":1.0},{"damage":14.0,"enemies":"Small Slimes","floor":11.0,"turns":3.0},{"damage":22.0,"enemies":"Lagavulin","floor":13.0,"turns":7.0},{"damage":0.0,"enemies":"Red Slaver","floor":14.0,"turns":3.0},{"damage":48.0,"enemies":"The Guardian","floor":16.0,"turns":11.0},{"damage":0.0,"enemies":"3 Byrds","floor":18.0,"turns":2.0},{"damage":0.0,"enemies":"Chosen","floor":21.0,"turns":3.0},{"damage":0.0,"enemies":"Centurion and Healer","floor":22.0,"turns":4.0},{"damage":0.0,"enemies":"Chosen and Byrds","floor":24.0,"turns":3.0},{"damage":0.0,"enemies":"Book of Stabbing","floor":27.0,"turns":4.0},{"damage":0.0,"enemies":"Snecko","floor":28.0,"turns":3.0},{"damage":20.0,"enemies":"Slavers","floor":29.0,"turns":3.0},{"damage":10.0,"enemies":"Snake Plant","floor":31.0,"turns":4.0},{"damage":11.0,"enemies":"Champ","floor":33.0,"turns":9.0},{"damage":6.0,"enemies":"Orb Walker","floor":35.0,"turns":3.0},{"damage":0.0,"enemies":"3 Darklings","floor":36.0,"turns":2.0},{"damage":0.0,"enemies":"Spire Growth","floor":37.0,"turns":4.0},{"damage":6.0,"enemies":"Writhing Mass","floor":39.0,"turns":3.0},{"damage":6.0,"enemies":"Nemesis","floor":40.0,"turns":5.0},{"damage":6,"enemies":"Maw","floor":41,"turns":5},{"damage":0,"enemies":"Reptomancer","floor":44,"turns":2},{"damage":0,"enemies":"Jaw Worm Horde","floor":46,"turns":2},{"damage":6,"enemies":"Giant Head","floor":48,"turns":3},{"damage":28,"enemies":"Donu and Deca","floor":50,"turns":5},{"damage":9,"enemies":"Awakened One","floor":51,"turns":4}],"seed_played":"-272822122199712479","potions_obtained":[{"floor":1.0,"key":"Fire Potion"},{"floor":6.0,"key":"Weak Potion"},{"floor":11.0,"key":"FearPotion"},{"floor":22.0,"key":"Explosive Potion"},{"floor":24.0,"key":"Block Potion"},{"floor":28.0,"key":"LiquidBronze"},{"floor":29.0,"key":"SkillPotion"},{"floor":35.0,"key":"Explosive Potion"},{"floor":37.0,"key":"PowerPotion"},{"floor":44,"key":"Ancient Potion"}],"is_trial":false,"path_per_floor":["M","T","$","T","M","E","?","$","T","R","M","R","E","M","R","B",null,"M","$","?","M","M","?","M","R","T","E","M","E","$","M","R","B",null,"M","M","M","T","M","E","M","$","T","E","R","M","R","E","R","B","B",null],"character_chosen":"IRONCLAD","items_purchased":["Metallicize","Membership Card","Dead Branch","Feel No Pain+1","Warcry"],"campfire_rested":0,"item_purchase_floors":[3,30,42,42,42],"current_hp_per_floor":[74,74,74,74,75,75,75,75,75,75,67,67,53,61,61,21,62,70,70,70,75,75,75,75,75,75,75,75,71,71,69,69,66,80,82,85,85,85,85,85,85,85,92,92,92,92,92,92,92,70,69],"gold":94,"neow_bonus":"THREE_ENEMY_KILL","is_prod":false,"is_daily":false,"chose_seed":false,"campfire_upgraded":8,"win_rate":0,"timestamp":1564061976,"path_taken":["M","?","$","?","M","E","?","$","T","R","M","R","E","M","R","BOSS","M","$","?","M","M","?","M","R","T","E","M","E","$","M","R","BOSS","M","M","M","?","M","E","M","$","T","E","R","M","R","E","R","BOSS","BOSS"],"build_version":"2019-07-17","purchased_purges":2,"victory":true,"max_hp_per_floor":[75,75,75,75,75,75,75,75,75,75,75,75,75,75,75,75,75,75,75,75,75,75,75,75,75,75,75,75,85,85,85,85,85,85,85,85,85,85,85,85,85,85,92,92,92,92,92,92,92,92,92],"card_choices":[{"not_picked":["Body Slam","Anger"],"picked":"Shockwave","floor":1.0},{"not_picked":["Body Slam+1","Armaments"],"picked":"Whirlwind+1","floor":5.0},{"not_picked":["Rage","Fire Breathing","Shockwave"],"picked":"SKIP","floor":6.0},{"not_picked":["Rage","Fire Breathing","Shockwave"],"picked":"SKIP","floor":6.0},{"not_picked":["Rage","Fire Breathing","Shockwave"],"picked":"SKIP","floor":6.0},{"not_picked":["Anger+1","Whirlwind+1"],"picked":"Corruption","floor":11.0},{"not_picked":["Flex","Corruption"],"picked":"Flame Barrier","floor":13.0},{"not_picked":["Warcry","Iron Wave+1"],"picked":"Seeing Red","floor":14.0},{"not_picked":["Demon Form","Dark Embrace"],"picked":"Impervious","floor":16.0},{"not_picked":["Rupture","Dropkick+1"],"picked":"Perfected Strike+1","floor":18.0},{"not_picked":["Thunderclap+1","Headbutt+1"],"picked":"Feel No Pain","floor":21.0},{"not_picked":["Pummel+1","Clash+1"],"picked":"Body Slam+1","floor":22.0},{"not_picked":["Wild Strike+1","Havoc"],"picked":"Juggernaut","floor":24.0},{"not_picked":["Headbutt+1","Seeing Red"],"picked":"Iron Wave+1","floor":27.0},{"not_picked":["Heavy Blade+1","Fire Breathing"],"picked":"Evolve","floor":28.0},{"not_picked":["Cleave+1","Warcry"],"picked":"Metallicize","floor":29.0},{"not_picked":["Pommel Strike+1","True Grit"],"picked":"Barricade","floor":31.0},{"not_picked":["Feed+1","Brutality"],"picked":"Offering","floor":33.0},{"not_picked":["True Grit","Iron Wave+1"],"picked":"Uppercut+1","floor":35.0},{"not_picked":["Thunderclap+1","Blood for Blood+1"],"picked":"Flame Barrier+1","floor":36.0},{"not_picked":["Combust","Thunderclap+1"],"picked":"Sentinel","floor":37.0},{"not_picked":["Evolve","Cleave+1","Thunderclap+1"],"picked":"SKIP","floor":39.0},{"not_picked":["Inflame","Wild Strike+1","Body Slam+1"],"picked":"SKIP","floor":40.0},{"not_picked":["Rupture+1","Havoc","Twin Strike+1"],"picked":"SKIP","floor":41},{"not_picked":["Body Slam+1","Carnage+1"],"picked":"Second Wind","floor":44},{"not_picked":["Iron Wave+1","Disarm"],"picked":"Dual Wield","floor":46},{"not_picked":["Thunderclap+1","Perfected Strike+1"],"picked":"Shockwave","floor":48}],"player_experience":1014525,"relics_obtained":[{"floor":2.0,"key":"Mercury Hourglass"},{"floor":4.0,"key":"Molten Egg 2"},{"floor":6.0,"key":"Bag of Preparation"},{"floor":9.0,"key":"Blood Vial"},{"floor":13.0,"key":"Boot"},{"floor":26.0,"key":"Sundial"},{"floor":27.0,"key":"Shuriken"},{"floor":29.0,"key":"Pear"},{"floor":40.0,"key":"Frozen Egg 2"},{"floor":43,"key":"Strawberry"},{"floor":44,"key":"Vajra"},{"floor":48,"key":"Gremlin Horn"}],"event_choices":[{"damage_healed":0.0,"max_hp_gain":0.0,"max_hp_loss":0.0,"gold_gain":0.0,"event_name":"WeMeetAgain","player_choice":"Gave Potion","floor":7.0,"gold_loss":0.0,"damage_taken":0.0,"relics_obtained":["Mummified Hand"]},{"damage_healed":0.0,"max_hp_gain":0.0,"max_hp_loss":0.0,"gold_gain":0.0,"event_name":"Upgrade Shrine","player_choice":"Upgraded","floor":20.0,"gold_loss":0.0,"damage_taken":0.0,"cards_upgraded":["Flame Barrier"]},{"damage_healed":0.0,"max_hp_gain":0.0,"max_hp_loss":0.0,"gold_gain":100.0,"event_name":"The Joust","player_choice":"Bet on Murderer","floor":23.0,"gold_loss":50.0,"damage_taken":0.0}],"is_beta":false,"boss_relics":[{"not_picked":["Black Blood","Eternal Feather"],"picked":"Snecko Eye"},{"not_picked":["Runic Dome","Black Star"],"picked":"Empty Cage"}],"items_purged_floors":[8,19],"is_endless":false,"potions_floor_spawned":[1,6,11,22,24,28,29,35,37,41,44,46],"ascension_level":20}