{"path_per_floor":["M","?","M","?","M","R","M","R","T","R","E","M","M","?","R","B",null,"M","?","$","?","T","E","R","M","T","R","$","?","M","E","R"],"character_chosen":"DEFECT","items_purchased":["Gremlin Horn","Darkness"],"gold_per_floor":[116,191,209,209,221,221,235,235,260,260,290,302,321,321,321,422,422,437,437,102,102,102,134,134,153,153,153,13,13,31,58,58,58],"floor_reached":33,"campfire_rested":0,"playtime":1593,"current_hp_per_floor":[70,59,58,43,39,39,39,39,39,39,35,35,35,28,28,11,75,65,65,65,65,65,57,57,54,54,54,54,54,43,43,43,0],"items_purged":["Defend_B","Strike_B"],"gold":58,"score":308,"play_id":"27828893-c2a9-4881-b2cd-238aa4b5f416","local_time":"20180501232248","is_prod":false,"is_daily":false,"chose_seed":false,"is_ascension_mode":false,"campfire_upgraded":7,"timestamp":1525209768,"path_taken":["M","?","M","?","M","R","M","R","T","R","E","M","M","?","R","BOSS","M","?","$","?","?","E","R","?","T","R","$","?","M","E","R","BOSS"],"build_version":"2018-04-30","seed_source_timestamp":569222706186581,"purchased_purges":2,"victory":false,"master_deck":["Strike_B+1","Defend_B+1","Defend_B","Defend_B","Zap+1","Dualcast+1","Fusion+1","Sunder+1","Coolheaded+1","Cold Snap+1","Beam Cell+1","Seek+1","Melter+1","Rebound+1","Darkness+1","Hologram+1","Glacier+1"],"max_hp_per_floor":[75,75,75,75,75,75,75,75,75,75,75,75,75,75,75,75,75,75,75,75,75,75,75,75,75,75,75,75,75,75,75,75,75],"relics":["Cracked Core","Vajra","Happy Flower","White Beast Statue","Gremlin Horn","Whetstone","Toxic Egg 2","Shuriken","Bottled Lightning"],"card_choices":[{"not_picked":["Impulse","Genetic Algorithm"],"picked":"Sunder","floor":3.0},{"not_picked":["Darkness","Impulse"],"picked":"Coolheaded","floor":5.0},{"not_picked":["Ball Lightning","Reinforced Body"],"picked":"Cold Snap","floor":12.0},{"not_picked":["Amplify","Sweeping Beam"],"picked":"Beam Cell","floor":13},{"not_picked":["Prime","Amplify"],"picked":"Seek","floor":16},{"not_picked":["Impulse","Hello World"],"picked":"Melter","floor":18},{"not_picked":["Storm","Heatsinks"],"picked":"Rebound","floor":23},{"not_picked":["Sunder","Storm"],"picked":"Hologram","floor":30},{"not_picked":["Axe Kick","Streamline"],"picked":"Glacier","floor":31}],"player_experience":573192,"potions_floor_usage":[23,25,33],"damage_taken":[{"damage":5.0,"enemies":"Small Slimes","floor":1.0,"turns":3.0},{"damage":1.0,"enemies":"Cultist","floor":3.0,"turns":4.0},{"damage":4.0,"enemies":"2 Louse","floor":5.0,"turns":2.0},{"damage":0.0,"enemies":"2 Fungi Beasts","floor":7.0,"turns":3.0},{"damage":4.0,"enemies":"3 Sentries","floor":11.0,"turns":4.0},{"damage":0.0,"enemies":"Gremlin Gang","floor":12.0,"turns":4.0},{"damage":0,"enemies":"Exordium Thugs","floor":13,"turns":3},{"damage":17,"enemies":"The Guardian","floor":16,"turns":11},{"damage":10,"enemies":"2 Thieves","floor":18,"turns":3},{"damage":8,"enemies":"Gremlin Leader","floor":23,"turns":8},{"damage":3,"enemies":"3 Byrds","floor":25,"turns":3},{"damage":11,"enemies":"Centurion and Healer","floor":30,"turns":3},{"damage":0,"enemies":"Slavers","floor":31,"turns":3},{"damage":52,"enemies":"Automaton","floor":33,"turns":8}],"event_choices":[{"event_name":"World of Goop","player_choice":"Gather Gold","floor":2.0,"damage_taken":0.0},{"event_name":"Shining Light","player_choice":"Entered Light","floor":4.0,"damage_taken":0.0},{"event_name":"Golden Wing","player_choice":"Card Removal","floor":14,"damage_taken":0},{"event_name":"Drug Dealer","player_choice":"Ignored","floor":19,"damage_taken":0},{"event_name":"Vampires","player_choice":"Ignored","floor":21,"damage_taken":0},{"event_name":"Addict","player_choice":"Ignored","floor":29,"damage_taken":0}],"boss_relics":[{"not_picked":["Lizard Tail","Runic Dome"],"picked":"White Beast Statue"}],"potions_floor_spawned":[5,7,16,18,23,25,30,31],"seed_played":"9087654131817553092","killed_by":"Automaton","ascension_level":0,"is_trial":false}