{"path_per_floor":["M","?","?","M","M","R","M","R","T","E","M","R","M","T","R","B",null,"M","$","M","M","$","E"],"character_chosen":"DEFECT","items_purchased":["Coolheaded","Glacier","Pear"],"gold_per_floor":[112,112,112,122,138,138,156,156,156,182,195,195,213,261,261,360,360,377,242,261,271,26,51,51],"floor_reached":24,"campfire_rested":2,"playtime":1268,"current_hp_per_floor":[67,67,67,67,67,67,58,58,58,22,4,24,19,19,39,5,68,36,36,30,20,30,1,0],"items_purged":["Strike_B"],"gold":51,"score":218,"play_id":"1c78c1b9-cf69-465a-85bf-6fc0b745fe10","local_time":"20180501105901","is_prod":false,"is_daily":false,"chose_seed":false,"is_ascension_mode":false,"campfire_upgraded":2,"timestamp":1525165141,"path_taken":["M","?","?","M","M","R","M","R","T","E","M","R","M","?","R","BOSS","M","$","M","M","$","E","M"],"build_version":"2018-04-30","seed_source_timestamp":524815464500976,"purchased_purges":2,"victory":false,"master_deck":["Strike_B","Strike_B","Strike_B","Defend_B","Defend_B+1","Defend_B","Defend_B+1","Zap+1","Dualcast+1","Redo+1","Capacitor+1","Ball Lightning","Melter","Rebound","Capacitor","Reprieve+1","Skim+1","Amplify+1","Leap+1","Coolheaded+1","Glacier+1","Hologram+1","Coolheaded+1"],"max_hp_per_floor":[68,68,68,68,68,68,68,68,68,68,68,68,68,68,68,68,68,68,68,68,68,78,78,78],"relics":["Cracked Core","Smiling Mask","Toxic Egg 2","War Paint","Inserter","Pear","Ancient Tea Set"],"card_choices":[{"not_picked":["Creative AI","All For One"],"picked":"Redo","floor":0.0},{"not_picked":["Sweeping Beam","Leap"],"picked":"Capacitor","floor":1.0},{"not_picked":["Streamline","Self Repair"],"picked":"Ball Lightning","floor":4.0},{"not_picked":["Doom and Gloom","Leap"],"picked":"Melter","floor":5.0},{"not_picked":["Biased Cognition","Capacitor"],"picked":"Rebound","floor":7.0},{"not_picked":["Beam Cell","Thunder Strike"],"picked":"Capacitor","floor":10.0},{"not_picked":["Genetic Algorithm","Hello World"],"picked":"Reprieve","floor":11.0},{"not_picked":["Beam Cell","Gash"],"picked":"Skim","floor":13.0},{"not_picked":["Meteor Strike","Thunder Strike"],"picked":"Amplify","floor":16.0},{"not_picked":["Capacitor","Sweeping Beam"],"picked":"Leap","floor":18.0},{"not_picked":["Recycle","Rebound"],"picked":"Hologram","floor":20.0},{"not_picked":["Ball Lightning","Static Discharge"],"picked":"Coolheaded","floor":21}],"player_experience":557013,"potions_floor_usage":[21,23,23],"damage_taken":[{"damage":1.0,"enemies":"Jaw Worm","floor":1.0,"turns":3.0},{"damage":0.0,"enemies":"Cultist","floor":4.0,"turns":3.0},{"damage":0.0,"enemies":"2 Louse","floor":5.0,"turns":2.0},{"damage":9.0,"enemies":"Blue Slaver","floor":7.0,"turns":3.0},{"damage":36.0,"enemies":"Lagavulin","floor":10.0,"turns":4.0},{"damage":18.0,"enemies":"Lots of Slimes","floor":11.0,"turns":4.0},{"damage":5.0,"enemies":"Looter","floor":13.0,"turns":2.0},{"damage":34.0,"enemies":"Hexaghost","floor":16.0,"turns":9.0},{"damage":32.0,"enemies":"3 Byrds","floor":18.0,"turns":5.0},{"damage":6.0,"enemies":"Spheric Guardian","floor":20.0,"turns":4.0},{"damage":10,"enemies":"Cultist and Chosen","floor":21,"turns":7},{"damage":29,"enemies":"Slavers","floor":23,"turns":8},{"damage":12,"enemies":"Centurion and Healer","floor":24,"turns":1}],"event_choices":[{"event_name":"Upgrade Shrine","player_choice":"Upgraded","floor":2.0,"damage_taken":0.0},{"event_name":"Living Wall","player_choice":"Grow","floor":3.0,"damage_taken":0.0}],"boss_relics":[],"potions_floor_spawned":[5,11,16,20,21],"seed_played":"-3613955452472465873","killed_by":"Centurion and Healer","ascension_level":0,"is_trial":false}