{"gold_per_floor":[109,123,123,141,32,58,58,133,159,187,211,223,255,267,279,388,400,423,197,214,239,239,239,264,264,317,381,381,381,381,397,397,494,494,514,424,436,436,453,453],"floor_reached":40,"playtime":3014,"items_purged":["Strike_R","Regret"],"score":457,"play_id":"c69ddb01-e9b2-4687-b658-cc2d8e739583","local_time":"20190429193507","is_ascension_mode":false,"campfire_choices":[{"data":"Bash","floor":7,"key":"SMITH"},{"data":"Armaments","floor":12,"key":"SMITH"},{"data":"Flex","floor":15,"key":"SMITH"},{"data":"Limit Break","floor":23,"key":"SMITH"},{"data":"Evolve","floor":25,"key":"SMITH"},{"floor":28,"key":"REST"},{"data":"Heavy Blade","floor":30,"key":"SMITH"},{"floor":32,"key":"REST"}],"neow_cost":"NONE","seed_source_timestamp":163894295120646,"circlet_count":0,"master_deck":["Strike_R","Defend_R","Defend_R","Defend_R+1","Defend_R","Bash+1","Dropkick","Anger","Thunderclap","Dropkick","Headbutt","Heavy Blade+1","Armaments+1","Flex+1","Offering+1","Evolve+1","Limit Break+1","Heavy Blade+1","Power Through+1","Flex","Fire Breathing+1","Seeing Red","Inflame","Immolate","Flex+1"],"relics":["Burning Blood","NeowsBlessing","Dream Catcher","MawBank","Pantograph","Lizard Tail","Red Mask","War Paint","PreservedInsect","Tiny Chest","Black Star","Ancient Tea Set"],"potions_floor_usage":[10,13,16,21,33,39],"damage_taken":[{"damage":0,"enemies":"Cultist","floor":1,"turns":1},{"damage":0,"enemies":"Small Slimes","floor":2,"turns":1},{"damage":0,"enemies":"Jaw Worm","floor":4,"turns":1},{"damage":16,"enemies":"Gremlin Nob","floor":6,"turns":3},{"damage":18,"enemies":"Lagavulin","floor":10,"turns":3},{"damage":0,"enemies":"3 Louse","floor":11,"turns":3},{"damage":3,"enemies":"2 Fungi Beasts","floor":13,"turns":3},{"damage":68,"enemies":"The Guardian","floor":16,"turns":9},{"damage":30,"enemies":"2 Thieves","floor":18,"turns":4},{"damage":23,"enemies":"Shell Parasite","floor":20,"turns":4},{"damage":21,"enemies":"Masked Bandits","floor":21,"turns":4},{"damage":38,"enemies":"Gremlin Leader","floor":24,"turns":4},{"damage":20,"enemies":"Slavers","floor":27,"turns":3},{"damage":16,"enemies":"Snecko","floor":31,"turns":5},{"damage":61,"enemies":"Collector","floor":33,"turns":6},{"damage":17,"enemies":"3 Shapes","floor":35,"turns":4},{"damage":18,"enemies":"3 Darklings","floor":37,"turns":3},{"damage":21,"enemies":"Jaw Worm Horde","floor":39,"turns":4},{"damage":49,"enemies":"Giant Head","floor":40,"turns":5}],"seed_played":"5056053788162924453","potions_obtained":[{"floor":1,"key":"BloodPotion"},{"floor":6,"key":"AttackPotion"},{"floor":10,"key":"Strength Potion"},{"floor":18,"key":"SmokeBomb"},{"floor":20,"key":"PowerPotion"},{"floor":27,"key":"Regen Potion"},{"floor":33,"key":"AttackPotion"},{"floor":39,"key":"EssenceOfSteel"}],"is_trial":false,"path_per_floor":["M","M","?","M","$","E","R","?","T","E","M","R","M","?","R","B",null,"M","$","M","?","?","R","E","R","T","E","R","?","R","M","R","B",null,"M","?","M","?","M","E"],"character_chosen":"IRONCLAD","items_purchased":["Dropkick","Limit Break"],"campfire_rested":2,"item_purchase_floors":[5,19],"current_hp_per_floor":[80,80,73,79,79,69,69,58,58,46,52,52,55,55,55,26,80,56,56,39,24,24,24,40,40,40,26,50,50,50,40,64,31,80,69,69,57,57,42,0],"gold":453,"neow_bonus":"THREE_ENEMY_KILL","is_prod":false,"is_daily":false,"chose_seed":false,"campfire_upgraded":6,"win_rate":0,"timestamp":1556584507,"path_taken":["M","?","?","M","$","E","R","?","T","E","M","R","?","?","R","BOSS","M","$","M","?","?","R","E","R","T","E","R","?","R","?","R","BOSS","M","?","?","?","M","E"],"build_version":"2019-01-23","purchased_purges":2,"victory":false,"max_hp_per_floor":[80,80,80,80,80,80,80,80,80,80,80,80,80,80,80,80,80,80,80,80,80,80,80,80,80,80,80,80,80,80,80,80,80,80,80,80,80,80,80,80],"card_choices":[{"not_picked":["Clash","Shockwave"],"picked":"Dropkick","floor":1},{"not_picked":["Reckless Charge","Perfected Strike"],"picked":"Anger","floor":2},{"not_picked":["Clothesline","Feed"],"picked":"Thunderclap","floor":4},{"not_picked":["Thunderclap","Intimidate"],"picked":"Headbutt","floor":6},{"not_picked":["Sentinel","Bloodletting"],"picked":"Heavy Blade","floor":10},{"not_picked":["Body Slam","Fire Breathing"],"picked":"Armaments","floor":11},{"not_picked":["Havoc","Rage"],"picked":"Flex","floor":13},{"not_picked":["Dark Embrace","Juggernaut"],"picked":"Offering","floor":16},{"not_picked":["Rage+1","Body Slam"],"picked":"Evolve","floor":18},{"not_picked":["Cleave","Sword Boomerang"],"picked":"Heavy Blade+1","floor":20},{"not_picked":["Pommel Strike","Entrench"],"picked":"Power Through","floor":21},{"not_picked":["Fiend Fire","Anger+1"],"picked":"Flex","floor":24},{"not_picked":["Wild Strike+1","Heavy Blade"],"picked":"Fire Breathing+1","floor":27},{"not_picked":["Fire Breathing","Wild Strike"],"picked":"Seeing Red","floor":28},{"not_picked":["Evolve","Sword Boomerang","Armaments"],"picked":"SKIP","floor":31},{"not_picked":["Wild Strike+1","Disarm"],"picked":"Inflame","floor":32},{"not_picked":["Juggernaut","Impervious"],"picked":"Immolate","floor":33},{"not_picked":["Cleave","Warcry+1"],"picked":"Flex+1","floor":35},{"not_picked":["Uppercut+1","Spot Weakness+1","Armaments"],"picked":"SKIP","floor":37},{"not_picked":["Heavy Blade+1","Body Slam+1","Shrug It Off+1"],"picked":"SKIP","floor":39}],"player_experience":802220,"relics_obtained":[{"floor":6,"key":"Dream Catcher"},{"floor":10,"key":"MawBank"},{"floor":21,"key":"Red Mask"},{"floor":24,"key":"War Paint"},{"floor":26,"key":"PreservedInsect"},{"floor":27,"key":"Tiny Chest"}],"event_choices":[{"cards_removed":["Strike_R"],"damage_healed":0,"gold_gain":0,"player_choice":"Card Removal","damage_taken":7,"max_hp_gain":0,"max_hp_loss":0,"event_name":"Golden Wing","floor":3,"gold_loss":0},{"damage_healed":0,"gold_gain":75,"player_choice":"Gather Gold","damage_taken":11,"max_hp_gain":0,"max_hp_loss":0,"event_name":"World of Goop","floor":8,"gold_loss":0},{"damage_healed":0,"gold_gain":0,"player_choice":"Box","damage_taken":0,"relics_obtained":["Pantograph"],"max_hp_gain":0,"max_hp_loss":0,"event_name":"Big Fish","floor":14,"gold_loss":0,"cards_obtained":["Regret"]},{"damage_healed":0,"gold_gain":0,"player_choice":"Fought Bandits","damage_taken":0,"max_hp_gain":0,"max_hp_loss":0,"event_name":"Masked Bandits","floor":21,"gold_loss":0},{"cards_removed":["Strike_R"],"damage_healed":0,"gold_gain":0,"player_choice":"Elegance","damage_taken":0,"max_hp_gain":0,"max_hp_loss":0,"event_name":"Back to Basics","floor":22,"gold_loss":0},{"damage_healed":0,"gold_gain":0,"player_choice":"Ignored","damage_taken":0,"max_hp_gain":0,"max_hp_loss":0,"event_name":"Vampires","floor":29,"gold_loss":0},{"cards_removed":["Strike_R"],"damage_healed":0,"gold_gain":0,"player_choice":"Upgrade and Remove","damage_taken":0,"max_hp_gain":0,"max_hp_loss":0,"event_name":"Designer","floor":36,"gold_loss":90,"cards_upgraded":["Defend_R"]},{"damage_healed":0,"gold_gain":0,"player_choice":"Gave Potion","damage_taken":0,"relics_obtained":["Ancient Tea Set"],"max_hp_gain":0,"max_hp_loss":0,"event_name":"WeMeetAgain","floor":38,"gold_loss":0}],"is_beta":false,"boss_relics":[{"not_picked":["Busted Crown","Runic Dome"],"picked":"Lizard Tail"},{"not_picked":["Coffee Dripper","Cursed Key"],"picked":"Black Star"}],"items_purged_floors":[5,19],"is_endless":false,"potions_floor_spawned":[1,6,10,18,20,27,33,39],"killed_by":"Giant Head","ascension_level":0}