{"path_per_floor":["M","M","?","M","M","R","$","R","T","E","?","E","?","M","R","B",null,"M","$","M","?","?","R","E","R","T","M","M","E","M","M","R","B",null,"M","?","?","M","M","R","M","?","T","M","E","M","R","$","R","B"],"character_chosen":"THE_SILENT","items_purchased":["Infinite Blades","Bottled Tornado","Footwork","Lantern","Weak Potion"],"gold_per_floor":[112,127,127,142,152,152,71,71,71,104,104,133,133,147,147,242,242,257,8,18,18,18,18,44,44,44,64,77,107,124,139,139,236,236,253,306,306,320,332,332,351,351,351,370,397,415,415,68,68,68],"floor_reached":51,"campfire_rested":1,"playtime":3157,"current_hp_per_floor":[61,52,52,50,50,50,50,50,64,51,44,46,46,42,42,35,70,74,74,70,70,81,81,62,62,62,60,50,35,22,13,39,31,74,88,88,88,88,64,64,80,80,80,72,81,88,88,88,88,18],"items_purged":["Defend_G"],"gold":68,"score":1102,"play_id":"57a925e3-5b76-42f0-8d0c-f71f400fb3ce","local_time":"20180318004149","is_prod":false,"is_daily":false,"is_ascension_mode":true,"campfire_upgraded":6,"timestamp":1521330109,"path_taken":["M","M","?","M","?","R","$","R","T","E","?","E","?","M","R","BOSS","M","$","M","?","?","R","E","R","T","M","?","E","?","M","R","BOSS","M","?","?","M","M","R","M","?","T","M","E","M","R","$","R","BOSS"],"build_version":"2018-03-15v3","purchased_purges":1,"victory":true,"master_deck":["Defend_G","Defend_G","Defend_G","Defend_G","Strike_G","Survivor","Neutralize+1","Cloak And Dagger+1","Accuracy+1","After Image","Infinite Blades","Tools of the Trade+1","Blade Dance+1","Storm of Steel+1","Predator+1","Backflip+1","Quick Slash+1","Prepared+1","Noxious Fumes+1","After Image","Infinite Blades","After Image","Acrobatics","Acrobatics+1","Setup+1","Cloak And Dagger+1","Regret","Footwork"],"max_hp_per_floor":[70,70,67,67,67,67,67,67,81,81,81,81,81,81,81,81,81,81,81,81,81,81,81,88,88,88,88,88,88,88,88,88,88,88,88,88,88,88,88,88,88,88,88,88,88,88,88,88,88,88],"relics":["Ring of the Snake","Mango","Bird Faced Urn","Ice Cream","Centennial Puzzle","Astrolabe","Bottled Tornado","Strawberry","Du-Vu Doll","Vajra","Cursed Key","Calipers","Shovel","Matryoshka","Blood Vial","Lantern","Singing Bowl"],"card_choices":[{"not_picked":["Acrobatics","Dagger Throw"],"picked":"Cloak And Dagger"},{"not_picked":["Heel Hook","Acrobatics"],"picked":"Accuracy"},{"not_picked":["Prepared","Dagger Spray"],"picked":"After Image"},{"not_picked":["Deadly Poison","Setup"],"picked":"Tools of the Trade"},{"not_picked":["Flechettes","Distraction"],"picked":"Blade Dance"},{"not_picked":["Phantasmal Killer","Doppelganger"],"picked":"Storm of Steel"},{"not_picked":["Die Die Die","Dagger Spray"],"picked":"Prepared"},{"not_picked":["Malaise","Quick Slash"],"picked":"Noxious Fumes"},{"not_picked":["Finisher","Endless Agony"],"picked":"After Image"},{"not_picked":["Bane","Backflip"],"picked":"Infinite Blades"},{"not_picked":["Wraith Form","Corpse Explosion"],"picked":"After Image"},{"not_picked":["Outmaneuver","Flying Knee"],"picked":"Acrobatics"},{"not_picked":["Dagger Spray","Choke"],"picked":"Acrobatics"},{"not_picked":["Poisoned Stab","All Out Attack"],"picked":"Setup"},{"not_picked":["Dash","Wraith Form"],"picked":"Cloak And Dagger"}],"player_experience":414613,"potions_floor_usage":[50,50,50],"damage_taken":[{"damage":2.0,"enemies":"2 Louse","floor":1.0,"turns":3.0},{"damage":9.0,"enemies":"Jaw Worm","floor":2.0,"turns":6.0},{"damage":2.0,"enemies":"Cultist","floor":4.0,"turns":4.0},{"damage":0.0,"enemies":"2 Fungi Beasts","floor":5.0,"turns":5.0},{"damage":13.0,"enemies":"3 Sentries","floor":10.0,"turns":7.0},{"damage":6.0,"enemies":"Lagavulin","floor":12.0,"turns":6.0},{"damage":12.0,"enemies":"Exordium Wildlife","floor":14.0,"turns":4.0},{"damage":15.0,"enemies":"Hexaghost","floor":16.0,"turns":8.0},{"damage":4.0,"enemies":"Chosen","floor":18.0,"turns":5.0},{"damage":8.0,"enemies":"Shell Parasite","floor":20.0,"turns":2.0},{"damage":30.0,"enemies":"Slavers","floor":24.0,"turns":5.0},{"damage":10.0,"enemies":"Sentry and Sphere","floor":27.0,"turns":4.0},{"damage":18.0,"enemies":"Snake Plant","floor":28.0,"turns":4.0},{"damage":23.0,"enemies":"Book of Stabbing","floor":29.0,"turns":4.0},{"damage":25.0,"enemies":"Centurion and Healer","floor":30.0,"turns":5.0},{"damage":19.0,"enemies":"Slaver and Parasite","floor":31.0,"turns":4.0},{"damage":22.0,"enemies":"Champ","floor":33.0,"turns":8.0},{"damage":0.0,"enemies":"3 Shapes","floor":35.0,"turns":4.0},{"damage":9.0,"enemies":"Mysterious Sphere","floor":36.0,"turns":5.0},{"damage":5.0,"enemies":"Orb Walker","floor":38.0,"turns":4.0},{"damage":30.0,"enemies":"3 Darklings","floor":39.0,"turns":6.0},{"damage":0.0,"enemies":"Maw","floor":41.0,"turns":6.0},{"damage":18.0,"enemies":"Sphere and 2 Shapes","floor":44.0,"turns":5.0},{"damage":7.0,"enemies":"Nemesis","floor":45.0,"turns":5.0},{"damage":8.0,"enemies":"4 Shapes","floor":46.0,"turns":5.0},{"damage":84,"enemies":"Time Eater","floor":50,"turns":12}],"event_choices":[{"event_name":"Living Wall","player_choice":"Forget","floor":3.0,"damage_taken":0.0},{"event_name":"Scrap Ooze","player_choice":"success","floor":11.0,"damage_taken":7.0},{"event_name":"Liars Game","player_choice":"disagreed","floor":13.0,"damage_taken":0.0},{"event_name":"Vampires","player_choice":"Ignored","floor":21.0,"damage_taken":0.0},{"event_name":"The Library","player_choice":"Heal","floor":22.0,"damage_taken":0.0},{"event_name":"Mysterious Sphere","player_choice":"Fight","floor":36.0,"damage_taken":0.0},{"event_name":"Tomb of Lord Red Mask","player_choice":"Ignored","floor":42.0,"damage_taken":0.0}],"boss_relics":[],"potions_floor_spawned":[10,12,14,20,27,28,29,36,46],"seed_played":"2043282218749726882","ascension_level":11,"is_trial":false}