{"gold_per_floor":[20,20,20,95,109,109,137,137,160,160,179,234,260,51,51,130,130,150,65,65,78,95,95,195,195,195,195,224,22,22,34,34,108,108,121,140,65,165,178,178,178],"floor_reached":41,"playtime":1182,"items_purged":["Strike_R"],"score":726,"play_id":"8ba0dcb0-d095-4daa-8d60-f2204c4141c0","local_time":"20190113204712","is_ascension_mode":true,"campfire_choices":[{"data":"Bash","floor":6.0,"key":"SMITH"},{"data":"Defend_R","floor":8.0,"key":"SMITH"},{"data":"Defend_R","floor":10.0,"key":"SMITH"},{"floor":15.0,"key":"REST"},{"data":"Double Tap","floor":23.0,"key":"SMITH"},{"data":"Iron Wave","floor":25.0,"key":"SMITH"},{"data":"Flame Barrier","floor":27.0,"key":"SMITH"},{"floor":30.0,"key":"REST"},{"data":"Heavy Blade","floor":32.0,"key":"SMITH"},{"data":"Battle Trance","floor":40.0,"key":"SMITH"}],"neow_cost":"NO_GOLD","seed_source_timestamp":533677673186587,"circlet_count":0,"master_deck":["AscendersBane","Strike_R","Strike_R","Strike_R","Strike_R","Defend_R","Defend_R","Defend_R+1","Defend_R+1","Bash+1","Dropkick","Headbutt","Flame Barrier+1","Iron Wave+1","Double Tap+1","Cleave+1","Twin Strike+1","Heavy Blade+1","Immolate","Heavy Blade+1","Battle Trance+1"],"special_seed":0,"relics":["Burning Blood","FossilizedHelix","Bronze Scales","Centennial Puzzle","Matryoshka","Juzu Bracelet","Brimstone","Sozu","Turnip","Lantern","Paper Frog","Bird Faced Urn","Blue Candle","Orichalcum","Gremlin Horn","Omamori","HandDrill","Eternal Feather","StoneCalendar"],"potions_floor_usage":[],"damage_taken":[{"damage":0.0,"enemies":"Small Slimes","floor":1.0,"turns":3.0},{"damage":0.0,"enemies":"Jaw Worm","floor":5.0,"turns":3.0},{"damage":20.0,"enemies":"Lagavulin","floor":7.0,"turns":6.0},{"damage":0.0,"enemies":"Cultist","floor":11.0,"turns":3.0},{"damage":8.0,"enemies":"Gremlin Nob","floor":12.0,"turns":4.0},{"damage":42.0,"enemies":"3 Sentries","floor":13.0,"turns":10.0},{"damage":15.0,"enemies":"Slime Boss","floor":16.0,"turns":7.0},{"damage":0.0,"enemies":"Spheric Guardian","floor":18.0,"turns":3.0},{"damage":0.0,"enemies":"Shell Parasite","floor":21.0,"turns":2.0},{"damage":9.0,"enemies":"Snake Plant","floor":22.0,"turns":2.0},{"damage":1.0,"enemies":"Colosseum Slavers","floor":24.0,"turns":3.0},{"damage":18.0,"enemies":"Colosseum Nobs","floor":24.0,"turns":4.0},{"damage":24.0,"enemies":"Gremlin Leader","floor":28.0,"turns":3.0},{"damage":0.0,"enemies":"Snecko","floor":31.0,"turns":3.0},{"damage":17.0,"enemies":"Champ","floor":33.0,"turns":6.0},{"damage":0.0,"enemies":"3 Shapes","floor":35.0,"turns":3.0},{"damage":0.0,"enemies":"Orb Walker","floor":36.0,"turns":2.0},{"damage":40.0,"enemies":"Mind Bloom Boss Battle","floor":38.0,"turns":4.0},{"damage":0.0,"enemies":"Maw","floor":39.0,"turns":4.0},{"damage":64,"enemies":"Nemesis","floor":41,"turns":4}],"seed_played":"-4341419163637394983","potions_obtained":[{"floor":1.0,"key":"SpeedPotion"},{"floor":7.0,"key":"Energy Potion"}],"is_trial":false,"path_per_floor":["M","$","?","?","M","R","E","R","T","R","M","?","E","$","R","B",null,"M","?","T","M","M","R","?","R","T","R","E","$","R","M","R","B",null,"M","M","$","?","M","R","E"],"character_chosen":"IRONCLAD","items_purchased":["Brimstone","HandDrill"],"campfire_rested":2,"item_purchase_floors":[14,29],"current_hp_per_floor":[74,74,74,63,69,69,55,55,55,55,61,59,23,23,45,36,65,71,71,71,75,72,72,63,63,63,63,45,45,67,73,73,62,72,75,75,75,41,47,59,0],"gold":178,"neow_bonus":"ONE_RARE_RELIC","is_prod":false,"is_daily":false,"chose_seed":false,"campfire_upgraded":8,"win_rate":0,"timestamp":1547408832,"path_taken":["M","$","?","?","M","R","E","R","T","R","M","?","E","$","R","BOSS","M","?","?","M","M","R","?","R","T","R","E","$","R","M","R","BOSS","M","M","$","?","M","R","E"],"build_version":"2019-01-10","purchased_purges":1,"victory":false,"max_hp_per_floor":[75,75,75,75,75,75,75,75,75,75,75,75,75,75,75,75,75,75,75,75,75,75,75,75,75,75,75,75,75,75,75,75,75,75,75,75,75,75,75,75,75],"card_choices":[{"not_picked":["Rage","Cleave"],"picked":"Dropkick","floor":1.0},{"not_picked":["Wild Strike","Sentinel"],"picked":"Headbutt","floor":5.0},{"not_picked":["Sever Soul","Clash","Second Wind"],"picked":"SKIP","floor":7.0},{"not_picked":["Havoc","Rage"],"picked":"Flame Barrier","floor":11.0},{"not_picked":["Thunderclap","Warcry"],"picked":"Iron Wave","floor":13.0},{"not_picked":["Offering","Berserk"],"picked":"Double Tap","floor":16.0},{"not_picked":["Rage","Wild Strike"],"picked":"Cleave+1","floor":18.0},{"not_picked":["Rupture","Flex","Sever Soul"],"picked":"SKIP","floor":21.0},{"not_picked":["Feel No Pain","Blood for Blood","Cleave"],"picked":"SKIP","floor":22.0},{"not_picked":["Impervious","Sword Boomerang"],"picked":"Twin Strike+1","floor":24.0},{"not_picked":["True Grit","Flex","Bludgeon"],"picked":"SKIP","floor":28.0},{"not_picked":["Shrug It Off","Burning Pact"],"picked":"Heavy Blade","floor":31.0},{"not_picked":["Juggernaut","Bludgeon"],"picked":"Immolate","floor":33.0},{"not_picked":["Pommel Strike+1","Shockwave"],"picked":"Heavy Blade+1","floor":35.0},{"not_picked":["Perfected Strike+1","Twin Strike","Thunderclap"],"picked":"SKIP","floor":36.0},{"not_picked":["Sword Boomerang","Havoc+1"],"picked":"Battle Trance","floor":39.0}],"player_experience":730179,"relics_obtained":[{"floor":7.0,"key":"Bronze Scales"},{"floor":9.0,"key":"Centennial Puzzle"},{"floor":12.0,"key":"Matryoshka"},{"floor":13.0,"key":"Juzu Bracelet"},{"floor":20.0,"key":"Lantern"},{"floor":20.0,"key":"Paper Frog"},{"floor":24.0,"key":"Bird Faced Urn"},{"floor":24.0,"key":"Blue Candle"},{"floor":26.0,"key":"Orichalcum"},{"floor":26.0,"key":"Gremlin Horn"},{"floor":28.0,"key":"Omamori"},{"floor":38.0,"key":"StoneCalendar"}],"event_choices":[{"damage_healed":0.0,"max_hp_gain":0.0,"max_hp_loss":0.0,"gold_gain":0.0,"event_name":"The Cleric","player_choice":"Leave","floor":3.0,"gold_loss":0.0,"damage_taken":0.0},{"damage_healed":0.0,"max_hp_gain":0.0,"max_hp_loss":0.0,"gold_gain":75.0,"event_name":"World of Goop","player_choice":"Gather Gold","floor":4.0,"gold_loss":0.0,"damage_taken":11.0},{"damage_healed":0.0,"max_hp_gain":0.0,"max_hp_loss":0.0,"gold_gain":0.0,"event_name":"Dead Adventurer","player_choice":"Searched \u00271\u0027 times","floor":12.0,"gold_loss":0.0,"damage_taken":0.0},{"damage_healed":0.0,"max_hp_gain":0.0,"max_hp_loss":0.0,"gold_gain":0.0,"event_name":"Addict","player_choice":"Obtained Relic","floor":19.0,"gold_loss":85.0,"damage_taken":0.0,"relics_obtained":["Turnip"]},{"damage_healed":0.0,"max_hp_gain":0.0,"max_hp_loss":0.0,"gold_gain":0.0,"event_name":"Colosseum","player_choice":"Fight","floor":24.0,"gold_loss":0.0,"damage_taken":0.0},{"damage_healed":0.0,"max_hp_gain":0.0,"max_hp_loss":0.0,"gold_gain":0.0,"event_name":"Colosseum","player_choice":"Fought Nobs","floor":24.0,"gold_loss":0.0,"damage_taken":0.0},{"damage_healed":0.0,"max_hp_gain":0.0,"max_hp_loss":0.0,"gold_gain":0.0,"event_name":"MindBloom","player_choice":"Fight","floor":38.0,"gold_loss":0.0,"damage_taken":0.0}],"is_beta":false,"boss_relics":[{"not_picked":["Empty Cage","Ectoplasm"],"picked":"Sozu"},{"not_picked":["Black Star","Cursed Key"],"picked":"Eternal Feather"}],"items_purged_floors":[37],"is_endless":false,"potions_floor_spawned":[1,7,22,24,33,35,36],"killed_by":"Nemesis","ascension_level":15}