{"gold_per_floor":[116,116,116,129,142,142,165,238,238,238,271,271,305,325,325,454,454,473,473,375,398,398],"floor_reached":22,"playtime":894,"items_purged":["Strike_B"],"score":301,"play_id":"29044b02-24c3-466c-bae7-64d543451e76","local_time":"20180810100107","is_ascension_mode":true,"campfire_choices":[{"data":"Turbo","floor":6.0,"key":"SMITH"},{"data":"Dualcast","floor":10.0,"key":"SMITH"},{"floor":12.0,"key":"REST"},{"data":"Go for the Eyes","floor":15.0,"key":"SMITH"}],"neow_cost":"NONE","seed_source_timestamp":519204822695132,"circlet_count":0,"master_deck":["Strike_B","Strike_B","Defend_B","Defend_B","Defend_B","Defend_B","Zap+1","Dualcast+1","AscendersBane","Ball Lightning","Turbo+1","Hologram","Compile Driver","Go for the Eyes+1","Thunder Strike","Steam"],"special_seed":0,"relics":["Cracked Core","Golden Idol","Singing Bowl","Oddly Smooth Stone","Boot","Busted Crown","Juzu Bracelet"],"potions_floor_usage":[],"damage_taken":[{"damage":7.0,"enemies":"Small Slimes","floor":1.0,"turns":3.0},{"damage":0.0,"enemies":"Cultist","floor":4.0,"turns":2.0},{"damage":2.0,"enemies":"Jaw Worm","floor":5.0,"turns":3.0},{"damage":7.0,"enemies":"Looter","floor":7.0,"turns":3.0},{"damage":33.0,"enemies":"Lagavulin","floor":11.0,"turns":7.0},{"damage":18.0,"enemies":"3 Sentries","floor":13.0,"turns":7.0},{"damage":3.0,"enemies":"3 Louse","floor":14.0,"turns":3.0},{"damage":34.0,"enemies":"The Guardian","floor":16.0,"turns":13.0},{"damage":9.0,"enemies":"Chosen","floor":18.0,"turns":4.0},{"damage":11,"enemies":"Shell Parasite","floor":21,"turns":6},{"damage":41,"enemies":"Sentry and Sphere","floor":22,"turns":5}],"seed_played":"-6769394160076928301","potions_obtained":[{"floor":1.0,"key":"SpeedPotion"},{"floor":5.0,"key":"Regen Potion"},{"floor":7.0,"key":"SteroidPotion"},{"floor":21,"key":"SteroidPotion"}],"is_trial":false,"path_per_floor":["M","?","?","M","M","R","M","T","T","R","E","R","E","M","R","B",null,"M","?","$","M"],"character_chosen":"DEFECT","items_purchased":["Steam"],"campfire_rested":1,"item_purchase_floors":[20],"current_hp_per_floor":[61,61,61,61,59,59,52,52,52,52,21,42,39,36,36,2,54,47,47,47,38,0],"gold":398,"neow_bonus":"UPGRADE_CARD","is_prod":false,"is_daily":false,"chose_seed":false,"campfire_upgraded":3,"win_rate":0,"timestamp":1533888067,"path_taken":["M","?","?","M","M","R","M","?","T","R","E","R","E","M","R","BOSS","M","?","$","M","M"],"build_version":"2018-08-09","purchased_purges":1,"victory":false,"max_hp_per_floor":[75,69,69,69,69,69,69,69,69,69,71,71,71,71,71,71,71,73,73,73,75,75],"card_choices":[{"not_picked":["Go for the Eyes","Rebound"],"picked":"Ball Lightning","floor":1.0},{"not_picked":["Streamline","Double Energy"],"picked":"Turbo","floor":4.0},{"not_picked":["Ball Lightning","Rebound","Streamline"],"picked":"SKIP","floor":5.0},{"not_picked":["Redo","Streamline"],"picked":"Hologram","floor":7.0},{"not_picked":["Double Energy","Melter","Rainbow"],"picked":"Singing Bowl","floor":11.0},{"not_picked":["Genetic Algorithm","Darkness"],"picked":"Compile Driver","floor":13.0},{"not_picked":["Compile Driver","Sweeping Beam"],"picked":"Go for the Eyes","floor":14.0},{"not_picked":["Biased Cognition","Reboot"],"picked":"Thunder Strike","floor":16.0},{"not_picked":["Rebound"],"picked":"Singing Bowl","floor":18.0},{"not_picked":["Streamline"],"picked":"Singing Bowl","floor":21}],"player_experience":610888,"relics_obtained":[{"floor":8.0,"key":"Singing Bowl"},{"floor":9.0,"key":"Oddly Smooth Stone"},{"floor":11.0,"key":"Boot"}],"event_choices":[{"event_name":"Golden Idol","player_choice":"Lose Max HP","floor":2.0,"damage_taken":0.0},{"event_name":"Living Wall","player_choice":"Forget","floor":3.0,"damage_taken":0.0},{"event_name":"The Mausoleum","player_choice":"Yes","floor":19.0,"damage_taken":0.0}],"is_beta":false,"boss_relics":[{"not_picked":["Fusion Hammer","Snecko Eye"],"picked":"Busted Crown"}],"items_purged_floors":[20],"is_endless":false,"potions_floor_spawned":[1,5,7,11,21],"killed_by":"Sentry and Sphere","ascension_level":11}