{"gold_per_floor":[117,42,60,74,74,74,109,109,133,133,133,133,167,190,190,190],"floor_reached":16,"playtime":453,"items_purged":["Strike_R"],"score":233,"play_id":"a7b57553-2ed2-4ca7-bf50-9b01f01728d5","local_time":"20180806234015","is_ascension_mode":true,"campfire_choices":[{"data":"Hemokinesis","floor":6,"key":"SMITH"},{"data":"Pommel Strike","floor":8,"key":"SMITH"},{"floor":11,"key":"REST"},{"data":"1","floor":15,"key":"LIFT"}],"neow_cost":"NONE","seed_source_timestamp":377591695214428,"circlet_count":0,"master_deck":["Strike_R","Strike_R","Strike_R","Defend_R","Defend_R","Defend_R","Defend_R","Bash","AscendersBane","Pommel Strike+1","Hemokinesis+1","Offering","Cleave","Shrug It Off"],"relics":["Burning Blood","Art of War","Ancient Tea Set","Juzu Bracelet","Golden Idol","Girya","Bronze Scales"],"potions_floor_usage":[13,13,16],"damage_taken":[{"damage":1,"enemies":"Cultist","floor":1,"turns":3},{"damage":1,"enemies":"2 Louse","floor":3,"turns":4},{"damage":10,"enemies":"Jaw Worm","floor":4,"turns":3},{"damage":18,"enemies":"Gremlin Nob","floor":7,"turns":3},{"damage":9,"enemies":"Lagavulin","floor":13,"turns":2},{"damage":20,"enemies":"Lots of Slimes","floor":14,"turns":2},{"damage":41,"enemies":"The Guardian","floor":16,"turns":10}],"seed_played":"3088490432655169437","potions_obtained":[{"floor":1,"key":"Energy Potion"},{"floor":7,"key":"Poison Potion"},{"floor":14,"key":"BloodPotion"}],"is_trial":false,"path_per_floor":["M","$","M","M","?","R","E","R","T","?","R","T","E","M","R"],"character_chosen":"IRONCLAD","items_purchased":[],"campfire_rested":1,"item_purchase_floors":[],"current_hp_per_floor":[73,73,75,71,64,64,52,52,52,26,48,48,45,31,31,0],"gold":190,"neow_bonus":"RANDOM_COMMON_RELIC","is_prod":false,"is_daily":false,"chose_seed":false,"campfire_upgraded":2,"win_rate":0,"timestamp":1533591615,"path_taken":["M","?","M","M","?","R","E","R","T","?","R","?","E","M","R","BOSS"],"build_version":"2018-08-01","purchased_purges":1,"victory":false,"max_hp_per_floor":[75,75,75,75,75,75,75,75,75,75,75,75,75,75,75,75],"card_choices":[{"not_picked":["Corruption","Feel No Pain"],"picked":"Pommel Strike","floor":1},{"not_picked":["Corruption","Clothesline"],"picked":"Hemokinesis","floor":3},{"not_picked":["Heavy Blade","Fire Breathing","Clothesline"],"picked":"SKIP","floor":4},{"not_picked":["Rupture","Sword Boomerang"],"picked":"Offering","floor":7},{"not_picked":["Anger","Juggernaut"],"picked":"Cleave","floor":13},{"not_picked":["Clash","Battle Trance"],"picked":"Shrug It Off","floor":14}],"player_experience":758617,"relics_obtained":[{"floor":7,"key":"Ancient Tea Set"},{"floor":9,"key":"Juzu Bracelet"},{"floor":12,"key":"Girya"},{"floor":13,"key":"Bronze Scales"}],"event_choices":[{"event_name":"Golden Wing","player_choice":"Card Removal","floor":5,"damage_taken":0},{"event_name":"Golden Idol","player_choice":"Take Damage","floor":10,"damage_taken":0}],"is_beta":true,"boss_relics":[],"items_purged_floors":[2],"is_endless":false,"potions_floor_spawned":[1,7,14],"killed_by":"The Guardian","ascension_level":15}