{"gold_per_floor":[119,138,63,73,73,99,99,113,138,138,164,187,216,248,260,346,358,388,417,164,174,192,192,192],"floor_reached":24,"playtime":728,"items_purged":["Clumsy","Defend_R"],"score":424,"play_id":"7cbf0e9f-b4bf-4f6a-a30a-14e4b96756ba","local_time":"20190720214231","is_ascension_mode":true,"campfire_choices":[{"data":"Mayhem","floor":7,"key":"SMITH"},{"data":"Inflame","floor":15,"key":"SMITH"},{"floor":23,"key":"REST"}],"neow_cost":"CURSE","seed_source_timestamp":211723144101531,"circlet_count":0,"master_deck":["AscendersBane","Strike_R","Strike_R","Strike_R","Defend_R","Defend_R","Defend_R","Bash","Bandage Up","Mayhem+1","Uppercut+1","Warcry","Shrug It Off","Inflame+1","Clash","Sword Boomerang","Inflame","Twin Strike","Immolate","Evolve","Power Through","Feed"],"relics":["Burning Blood","Bronze Scales","Boot","FaceOfCleric","MawBank","Empty Cage"],"potions_floor_usage":[6,11,14,16],"damage_taken":[{"damage":8,"enemies":"Small Slimes","floor":1,"turns":5},{"damage":13,"enemies":"2 Louse","floor":2,"turns":3},{"damage":7,"enemies":"Cultist","floor":4,"turns":4},{"damage":32,"enemies":"3 Sentries","floor":6,"turns":10},{"damage":11,"enemies":"Exordium Wildlife","floor":8,"turns":4},{"damage":40,"enemies":"Gremlin Nob","floor":11,"turns":4},{"damage":3,"enemies":"3 Louse","floor":12,"turns":3},{"damage":7,"enemies":"2 Fungi Beasts","floor":13,"turns":3},{"damage":0,"enemies":"Looter","floor":14,"turns":2},{"damage":12,"enemies":"Slime Boss","floor":16,"turns":6},{"damage":24,"enemies":"Chosen","floor":18,"turns":5},{"damage":24,"enemies":"3 Byrds","floor":19,"turns":3},{"damage":20,"enemies":"3 Cultists","floor":21,"turns":3},{"damage":35,"enemies":"Snake Plant","floor":22,"turns":5},{"damage":38,"enemies":"Book of Stabbing","floor":24,"turns":3}],"seed_played":"8074783026161066221","potions_obtained":[{"floor":2,"key":"SkillPotion"},{"floor":4,"key":"Fire Potion"},{"floor":12,"key":"Block Potion"},{"floor":14,"key":"SkillPotion"},{"floor":16,"key":"Ancient Potion"},{"floor":19,"key":"Strength Potion"}],"is_trial":false,"path_per_floor":["M","M","$","M","?","E","R","M","T","?","E","M","M","M","R","B",null,"M","M","$","M","M","R","E"],"character_chosen":"IRONCLAD","items_purchased":["Evolve","Power Through"],"campfire_rested":1,"item_purchase_floors":[20,20],"current_hp_per_floor":[70,67,67,70,70,48,48,47,47,47,18,22,26,33,33,32,68,55,42,42,33,9,34,0],"gold":192,"neow_bonus":"RANDOM_COLORLESS_2","is_prod":false,"is_daily":false,"chose_seed":false,"campfire_upgraded":2,"win_rate":0,"timestamp":1563626551,"path_taken":["M","M","$","M","?","E","R","M","T","?","E","?","M","M","R","BOSS","M","M","$","M","M","R","E"],"build_version":"2019-07-17","purchased_purges":2,"victory":false,"max_hp_per_floor":[75,75,75,75,75,75,75,75,75,75,76,77,78,79,79,80,80,81,82,82,83,84,84,84],"card_choices":[{"not_picked":["Warcry","Wild Strike"],"picked":"Uppercut","floor":1},{"not_picked":["Body Slam","Entrench"],"picked":"Warcry","floor":2},{"not_picked":["True Grit","Body Slam"],"picked":"Shrug It Off","floor":4},{"not_picked":["Thunderclap","Havoc"],"picked":"Inflame","floor":6},{"not_picked":["Flex","Body Slam"],"picked":"Clash","floor":8},{"not_picked":["Sever Soul","Disarm"],"picked":"Sword Boomerang","floor":11},{"not_picked":["Wild Strike","Thunderclap","Perfected Strike"],"picked":"SKIP","floor":12},{"not_picked":["Cleave","Thunderclap"],"picked":"Inflame","floor":13},{"not_picked":["Sword Boomerang","Twin Strike","Pommel Strike"],"picked":"SKIP","floor":14},{"not_picked":["Sword Boomerang","Pommel Strike"],"picked":"Twin Strike","floor":14},{"not_picked":["Feed","Exhume"],"picked":"Immolate","floor":16},{"not_picked":["Perfected Strike","Havoc","Cleave"],"picked":"SKIP","floor":18},{"not_picked":["Iron Wave","Anger","Flex"],"picked":"SKIP","floor":19},{"not_picked":["Iron Wave","Anger","Flex"],"picked":"SKIP","floor":19},{"not_picked":["Iron Wave","Anger","Flex"],"picked":"SKIP","floor":19},{"not_picked":["Twin Strike","Sword Boomerang","Headbutt"],"picked":"SKIP","floor":21},{"not_picked":["Body Slam","Shrug It Off+1"],"picked":"Feed","floor":22}],"player_experience":999340,"relics_obtained":[{"floor":6,"key":"Bronze Scales"},{"floor":9,"key":"Boot"},{"floor":11,"key":"MawBank"}],"event_choices":[{"damage_healed":0,"gold_gain":0,"player_choice":"Grow","damage_taken":0,"max_hp_gain":0,"max_hp_loss":0,"event_name":"Living Wall","floor":5,"gold_loss":0,"cards_upgraded":["Uppercut"]},{"damage_healed":0,"gold_gain":0,"player_choice":"Trade","damage_taken":0,"relics_obtained":["FaceOfCleric"],"max_hp_gain":0,"max_hp_loss":0,"event_name":"FaceTrader","floor":10,"gold_loss":0}],"is_beta":false,"boss_relics":[{"not_picked":["White Beast Statue","Busted Crown"],"picked":"Empty Cage"}],"items_purged_floors":[3,20],"is_endless":false,"potions_floor_spawned":[2,4,12,14,16,19,22],"killed_by":"Book of Stabbing","ascension_level":20}