{"gold_per_floor":[114,126,126,141,23,23,23,50,75,87,119,131,163,175,187,274,286,309,236,263,225,243,243,261,261,261,261,277,288,19,35,35,35],"floor_reached":33,"playtime":1560,"items_purged":["Strike_B","Strike_B","Defend_B"],"score":498,"play_id":"e89caab5-bbdc-4aae-82f0-2316faf44bb5","local_time":"20190304215934","is_ascension_mode":true,"campfire_choices":[{"data":"Barrage","floor":6.0,"key":"SMITH"},{"data":"Hologram","floor":10.0,"key":"SMITH"},{"data":"Dualcast","floor":15.0,"key":"SMITH"},{"floor":23.0,"key":"REST"},{"data":"Coolheaded","floor":32,"key":"SMITH"}],"neow_cost":"NONE","seed_source_timestamp":16804055192436,"circlet_count":0,"master_deck":["AscendersBane","Strike_B","Defend_B","Defend_B","Defend_B","Zap+1","Dualcast+1","Compile Driver","Barrage+1","Glacier","BootSequence","Hologram+1","Ball Lightning","Self Repair","Electrodynamics","Chill","Blizzard+1","Coolheaded+1"],"special_seed":0,"relics":["Cracked Core","Blood Vial","MawBank","Molten Egg 2","Nuclear Battery","Smiling Mask","Bag of Marbles","Medical Kit"],"potions_floor_usage":[31,33],"damage_taken":[{"damage":4.0,"enemies":"Jaw Worm","floor":1.0,"turns":4.0},{"damage":0.0,"enemies":"2 Louse","floor":2.0,"turns":2.0},{"damage":7.0,"enemies":"Small Slimes","floor":4.0,"turns":2.0},{"damage":23.0,"enemies":"3 Sentries","floor":8.0,"turns":10.0},{"damage":3.0,"enemies":"3 Louse","floor":11.0,"turns":3.0},{"damage":2.0,"enemies":"Blue Slaver","floor":13.0,"turns":2.0},{"damage":35.0,"enemies":"The Guardian","floor":16.0,"turns":13.0},{"damage":12.0,"enemies":"Shell Parasite","floor":18.0,"turns":5.0},{"damage":6.0,"enemies":"3 Byrds","floor":20.0,"turns":3.0},{"damage":37.0,"enemies":"Snake Plant","floor":22.0,"turns":5.0},{"damage":14.0,"enemies":"Sentry and Sphere","floor":24.0,"turns":5.0},{"damage":18.0,"enemies":"Centurion and Healer","floor":28.0,"turns":5.0},{"damage":20.0,"enemies":"Cultist and Chosen","floor":29.0,"turns":7.0},{"damage":0,"enemies":"Snake Plant","floor":31,"turns":3},{"damage":41,"enemies":"Champ","floor":33,"turns":11}],"seed_played":"6579655441374119737","potions_obtained":[{"floor":8.0,"key":"FairyPotion"},{"floor":16.0,"key":"Block Potion"},{"floor":22.0,"key":"FearPotion"},{"floor":24.0,"key":"Fire Potion"},{"floor":31,"key":"Fire Potion"}],"is_trial":false,"path_per_floor":["M","M","?","M","$","R","?","E","T","R","M","?","M","?","R","B",null,"M","?","M","$","M","R","M","?","T","?","M","M","$","M","R","B"],"character_chosen":"DEFECT","items_purchased":["BootSequence","Medical Kit"],"campfire_rested":1,"item_purchase_floors":[5,30],"current_hp_per_floor":[60,60,53,46,46,46,69,46,46,46,45,34,34,34,34,8,55,52,52,55,55,27,48,43,43,43,43,34,23,23,32,32,0],"gold":35,"neow_bonus":"UPGRADE_CARD","is_prod":false,"is_daily":false,"chose_seed":false,"campfire_upgraded":4,"win_rate":0,"timestamp":1551733174,"path_taken":["M","M","?","M","$","R","?","E","T","R","M","?","M","?","R","BOSS","M","?","M","$","M","R","M","?","T","?","M","M","$","M","R","BOSS"],"build_version":"2019-01-23","purchased_purges":3,"victory":false,"max_hp_per_floor":[71,71,71,71,71,71,71,71,71,71,71,71,71,71,71,71,71,71,71,71,71,71,71,71,71,71,71,71,71,71,71,71,71],"card_choices":[{"not_picked":["Hologram","Aggregate"],"picked":"Compile Driver","floor":1.0},{"not_picked":["Stack","Leap"],"picked":"Barrage","floor":2.0},{"not_picked":["Stack","Biased Cognition"],"picked":"Glacier","floor":4.0},{"not_picked":["Meteor Strike","Reprogram","Hologram"],"picked":"SKIP","floor":8.0},{"not_picked":["Meteor Strike","Reprogram","Hologram"],"picked":"SKIP","floor":8.0},{"not_picked":["Meteor Strike","Reprogram"],"picked":"Hologram","floor":8.0},{"not_picked":["Turbo","Stack"],"picked":"Ball Lightning","floor":11.0},{"not_picked":["Cold Snap+1","Sweeping Beam+1"],"picked":"Self Repair","floor":13.0},{"not_picked":["Hyperbeam+1","Biased Cognition"],"picked":"Electrodynamics","floor":16.0},{"not_picked":["Double Energy","Stack","Hologram"],"picked":"SKIP","floor":18.0},{"not_picked":["Double Energy","Stack","Hologram"],"picked":"SKIP","floor":18.0},{"not_picked":["Stack","Undo","Creative AI"],"picked":"SKIP","floor":20.0},{"not_picked":["Recycle","Hologram+1","Sweeping Beam+1"],"picked":"SKIP","floor":22.0},{"not_picked":["Chill","Sweeping Beam+1","Streamline+1"],"picked":"SKIP","floor":24.0},{"not_picked":["Chill","Sweeping Beam+1","Streamline+1"],"picked":"SKIP","floor":24.0},{"not_picked":["Sweeping Beam+1","Streamline+1"],"picked":"Chill","floor":24.0},{"not_picked":["Sweeping Beam+1","Storm"],"picked":"Blizzard+1","floor":28.0},{"not_picked":["Barrage+1","Steam","Aggregate"],"picked":"SKIP","floor":29.0},{"not_picked":["Genetic Algorithm","Hologram"],"picked":"Coolheaded","floor":31}],"player_experience":937292,"relics_obtained":[{"floor":8.0,"key":"Blood Vial"},{"floor":9.0,"key":"MawBank"},{"floor":26.0,"key":"Bag of Marbles"}],"event_choices":[{"cards_removed":["Strike_B"],"damage_healed":0.0,"max_hp_gain":0.0,"max_hp_loss":0.0,"gold_gain":0.0,"event_name":"Golden Wing","player_choice":"Card Removal","floor":3.0,"gold_loss":0.0,"damage_taken":7.0},{"damage_healed":23.0,"max_hp_gain":0.0,"max_hp_loss":0.0,"gold_gain":0.0,"event_name":"Big Fish","player_choice":"Banana","floor":7.0,"gold_loss":0.0,"damage_taken":0.0},{"damage_healed":0.0,"max_hp_gain":0.0,"max_hp_loss":0.0,"gold_gain":0.0,"event_name":"Scrap Ooze","player_choice":"Success","floor":12.0,"gold_loss":0.0,"damage_taken":11.0,"relics_obtained":["Molten Egg 2"]},{"damage_healed":0.0,"max_hp_gain":0.0,"max_hp_loss":0.0,"gold_gain":0.0,"event_name":"The Cleric","player_choice":"Leave","floor":14.0,"gold_loss":0.0,"damage_taken":0.0},{"damage_healed":0.0,"max_hp_gain":0.0,"max_hp_loss":0.0,"gold_gain":0.0,"event_name":"Addict","player_choice":"Obtained Relic","floor":19.0,"gold_loss":85.0,"damage_taken":0.0,"relics_obtained":["Smiling Mask"]},{"damage_healed":0.0,"max_hp_gain":0.0,"max_hp_loss":0.0,"gold_gain":0.0,"event_name":"Vampires","player_choice":"Ignored","floor":25.0,"gold_loss":0.0,"damage_taken":0.0},{"damage_healed":0.0,"max_hp_gain":0.0,"max_hp_loss":0.0,"gold_gain":0.0,"event_name":"The Mausoleum","player_choice":"Ignored","floor":27.0,"gold_loss":0.0,"damage_taken":0.0}],"is_beta":false,"boss_relics":[{"not_picked":["Astrolabe","Coffee Dripper"],"picked":"Nuclear Battery"}],"items_purged_floors":[5,21,30],"is_endless":false,"potions_floor_spawned":[8,16,22,24,31],"killed_by":"Champ","ascension_level":20}