{"path_per_floor":["M","$","?","?","$","R","E","R","T","R","E","M","R","E","R","B",null,"M","M","$","?","?","R","M"],"character_chosen":"THE_SILENT","items_purchased":["Trip","Catalyst"],"gold_per_floor":[110,11,11,111,36,36,67,67,91,91,118,130,130,157,157,257,257,276,288,214,214,214,214,228],"floor_reached":25,"campfire_rested":1,"playtime":1091,"current_hp_per_floor":[63,63,56,56,56,56,56,56,56,56,56,55,55,47,47,20,58,51,38,38,22,22,58,35],"items_purged":["Strike_G"],"gold":228,"score":384,"play_id":"369ab890-a238-4f8e-bbac-7f938e19f1c0","is_prod":false,"is_daily":false,"is_ascension_mode":true,"campfire_upgraded":5,"path_taken":["M","$","?","?","$","R","E","R","T","R","E","M","R","E","R","BOSS","M","M","$","?","?","R","M","E"],"build_version":"2018-02-15-PROD1","purchased_purges":2,"victory":false,"master_deck":["Defend_G+1","Defend_G","Defend_G","Defend_G","Strike_G","Strike_G+1","Strike_G","Strike_G+1","Survivor+1","Neutralize+1","Trip+1","Noxious Fumes+1","Corpse Explosion","Dagger Throw","Slice","Catalyst+1"],"max_hp_per_floor":[70,70,70,70,70,70,70,70,70,70,70,70,70,70,70,70,70,70,70,70,70,70,70,70],"relics":["Ring of the Snake","NeowsBlessing","Bottled Lightning","Whetstone","Regal Pillow","Du-Vu Doll","Orrery","Enchiridion"],"card_choices":[{"not_picked":["Flechettes","Quick Slash"],"picked":"Noxious Fumes"},{"not_picked":["Tools of the Trade","Glass Knife"],"picked":"Corpse Explosion"},{"not_picked":["Deadly Poison","PiercingWail"],"picked":"Dagger Throw"},{"not_picked":["Prepared","Heel Hook"],"picked":"Slice"}],"player_experience":340079,"potions_floor_usage":[18,24],"damage_taken":[{"damage":0,"enemies":"Cultist","floor":1,"turns":1},{"damage":0,"enemies":"3 Sentries","floor":7,"turns":1},{"damage":0,"enemies":"Gremlin Nob","floor":11,"turns":1},{"damage":1,"enemies":"Small Slimes","floor":12,"turns":4},{"damage":8,"enemies":"3 Sentries","floor":14,"turns":6},{"damage":27,"enemies":"Hexaghost","floor":16,"turns":10},{"damage":7,"enemies":"3 Byrds","floor":18,"turns":5},{"damage":13,"enemies":"Chosen","floor":19,"turns":5},{"damage":23,"enemies":"Snake Plant","floor":24,"turns":4},{"damage":34,"enemies":"Slavers","floor":25,"turns":2}],"event_choices":[{"event_name":"Golden Wing","player_choice":"Card Removal","floor":3,"damage_taken":0},{"event_name":"Golden Shrine","player_choice":"Pray","floor":4,"damage_taken":0},{"event_name":"Cursed Tome","player_choice":"Obtained Book","floor":21,"damage_taken":0},{"event_name":"Accursed Blacksmith","player_choice":"Forge","floor":22,"damage_taken":0}],"boss_relics":[{"not_picked":["Black Star","Ectoplasm"],"picked":"Orrery"}],"potions_floor_spawned":[1,16,19],"seed_played":"-4415499152747757268","killed_by":"Slavers","ascension_level":9,"is_trial":false}