{"gold_per_floor":[111,9,25,41,55,55,71,71,98,98,98,98,132,24,24,24],"floor_reached":16,"playtime":514,"items_purged":[],"score":190,"play_id":"89d3fd6b-e412-4dc4-a47c-b28f5e53e02c","local_time":"20190222130943","is_ascension_mode":true,"campfire_choices":[{"data":"Neutralize","floor":6.0,"key":"SMITH"},{"data":"Prepared","floor":8.0,"key":"SMITH"},{"data":"Acrobatics","floor":12.0,"key":"SMITH"},{"data":"Footwork","floor":15.0,"key":"SMITH"}],"neow_cost":"NONE","seed_source_timestamp":1319090355647493,"circlet_count":0,"master_deck":["AscendersBane","Defend_G","Defend_G+1","Defend_G","Defend_G","Defend_G","Strike_G","Strike_G","Strike_G","Strike_G","Survivor+1","Neutralize+1","Slice","Infinite Blades","Slice","Acrobatics+1","Acrobatics","Backflip","Prepared+1","Heel Hook","Footwork+1","Finesse"],"special_seed":0,"relics":["Ring of the Snake","Strawberry","Bronze Scales","War Paint"],"potions_floor_usage":[16],"damage_taken":[{"damage":3.0,"enemies":"Cultist","floor":1.0,"turns":4.0},{"damage":11.0,"enemies":"2 Louse","floor":3.0,"turns":4.0},{"damage":2.0,"enemies":"Jaw Worm","floor":4.0,"turns":3.0},{"damage":4.0,"enemies":"Blue Slaver","floor":5.0,"turns":5.0},{"damage":0.0,"enemies":"Looter","floor":7.0,"turns":4.0},{"damage":19.0,"enemies":"Gremlin Nob","floor":13.0,"turns":4.0},{"damage":35,"enemies":"Slime Boss","floor":16,"turns":6}],"seed_played":"-2804955055653199316","potions_obtained":[{"floor":1.0,"key":"Poison Potion"},{"floor":3.0,"key":"Explosive Potion"},{"floor":4.0,"key":"AttackPotion"},{"floor":7.0,"key":"FearPotion"}],"is_trial":false,"path_per_floor":["M","$","M","M","M","R","M","R","T","?","?","R","E","$","R","B"],"character_chosen":"THE_SILENT","items_purchased":["Infinite Blades","Slice","Finesse"],"campfire_rested":0,"item_purchase_floors":[2,2,14],"current_hp_per_floor":[63,63,52,50,46,46,46,46,46,39,39,39,20,20,20,0],"gold":24,"neow_bonus":"RANDOM_COMMON_RELIC","is_prod":false,"is_daily":false,"chose_seed":false,"campfire_upgraded":4,"win_rate":0,"timestamp":1550837383,"path_taken":["M","$","?","M","M","R","M","R","T","?","?","R","E","$","R","BOSS"],"build_version":"2019-01-23","purchased_purges":0,"victory":false,"max_hp_per_floor":[73,73,73,73,73,73,73,73,73,73,73,73,73,73,73,73],"card_choices":[{"not_picked":["Accuracy","Expertise"],"picked":"Slice","floor":1.0},{"not_picked":["Finisher","Outmaneuver"],"picked":"Acrobatics","floor":3.0},{"not_picked":["Deadly Poison","Outmaneuver"],"picked":"Acrobatics","floor":4.0},{"not_picked":["Accuracy","Tactician"],"picked":"Backflip","floor":5.0},{"not_picked":["Bane","Outmaneuver"],"picked":"Prepared","floor":7.0},{"not_picked":["Slice","Noxious Fumes"],"picked":"Footwork","floor":13.0}],"player_experience":858979,"relics_obtained":[{"floor":9.0,"key":"Bronze Scales"},{"floor":13.0,"key":"War Paint"}],"event_choices":[{"cards_removed":["Strike_G"],"damage_healed":0.0,"max_hp_gain":0.0,"max_hp_loss":0.0,"gold_gain":0.0,"event_name":"Golden Wing","player_choice":"Card Removal","floor":10.0,"gold_loss":0.0,"damage_taken":7.0},{"damage_healed":0.0,"max_hp_gain":0.0,"max_hp_loss":0.0,"gold_gain":0.0,"event_name":"Match and Keep!","player_choice":"1 cards matched","floor":11.0,"gold_loss":0.0,"damage_taken":0.0,"cards_obtained":["Heel Hook"]}],"is_beta":false,"boss_relics":[],"items_purged_floors":[],"is_endless":false,"potions_floor_spawned":[1,3,4,7],"killed_by":"Slime Boss","ascension_level":18}