{"gold_per_floor":[112,125,138,138,154,154,2,2,2,30,41,41,70,83,83,162,162,181,192,141,157,167,167,194,194,194,194,194],"floor_reached":28,"playtime":845,"items_purged":["Strike_B"],"score":500,"play_id":"bac0275b-bf4e-4baf-b4f4-0f379e68aa10","local_time":"20190727004538","is_ascension_mode":true,"campfire_choices":[{"data":"Dualcast","floor":6.0,"key":"SMITH"},{"data":"Sunder","floor":8.0,"key":"SMITH"},{"data":"Recycle","floor":15.0,"key":"SMITH"},{"data":"Hologram","floor":23,"key":"SMITH"}],"neow_cost":"NONE","seed_source_timestamp":475325829856086,"circlet_count":0,"master_deck":["AscendersBane","Strike_B+1","Strike_B","Strike_B+1","Defend_B","Defend_B","Defend_B","Zap","Dualcast+1","Genetic Algorithm","Static Discharge","Conserve Battery","Chill+1","Sunder+1","Skim+1","Doom and Gloom+1","Beam Cell+1","Recycle+1","Meteor Strike+1","Chaos","Turbo+1","Hologram+1"],"special_seed":0,"relics":["Cracked Core","Centennial Puzzle","Molten Egg 2","Whetstone","Coffee Dripper","War Paint","Smiling Mask"],"potions_floor_usage":[19,21,24],"damage_taken":[{"damage":7.0,"enemies":"Jaw Worm","floor":1.0,"turns":4.0},{"damage":11.0,"enemies":"Cultist","floor":2.0,"turns":4.0},{"damage":1.0,"enemies":"2 Louse","floor":3.0,"turns":2.0},{"damage":0.0,"enemies":"Lots of Slimes","floor":5.0,"turns":2.0},{"damage":13.0,"enemies":"Lagavulin","floor":10.0,"turns":3.0},{"damage":2.0,"enemies":"3 Louse","floor":11.0,"turns":3.0},{"damage":7.0,"enemies":"3 Sentries","floor":13.0,"turns":7.0},{"damage":2.0,"enemies":"Red Slaver","floor":14.0,"turns":2.0},{"damage":22.0,"enemies":"The Guardian","floor":16.0,"turns":9.0},{"damage":19,"enemies":"Shell Parasite","floor":18,"turns":3},{"damage":6,"enemies":"3 Byrds","floor":19,"turns":3},{"damage":4,"enemies":"Sentry and Sphere","floor":21,"turns":3},{"damage":1,"enemies":"Snake Plant","floor":22,"turns":2},{"damage":26,"enemies":"Book of Stabbing","floor":24,"turns":4},{"damage":5,"enemies":"Gremlin Leader","floor":28,"turns":2}],"seed_played":"1972271801237482027","potions_obtained":[{"floor":1.0,"key":"Explosive Potion"},{"floor":3.0,"key":"FearPotion"},{"floor":5.0,"key":"FearPotion"},{"floor":14.0,"key":"Poison Potion"},{"floor":16.0,"key":"Fire Potion"},{"floor":18,"key":"Swift Potion"},{"floor":19,"key":"Energy Potion"},{"floor":24,"key":"Fire Potion"}],"is_trial":false,"path_per_floor":["M","M","M","?","M","R","$","R","T","E","M","$","E","M","R","B",null,"M","M","$","M","M","R","E","T","T","?","E"],"character_chosen":"DEFECT","items_purchased":["Sunder","Turbo"],"campfire_rested":0,"item_purchase_floors":[7,20],"current_hp_per_floor":[64,53,52,52,52,52,52,52,52,39,37,37,30,28,28,6,60,41,35,35,31,30,30,4,4,4,4,0],"gold":194,"neow_bonus":"TEN_PERCENT_HP_BONUS","is_prod":false,"is_daily":false,"chose_seed":false,"campfire_upgraded":4,"win_rate":0,"timestamp":1564155938,"path_taken":["M","M","M","?","M","R","?","R","T","E","M","$","E","M","R","BOSS","M","M","$","M","M","R","E","?","T","?","E"],"build_version":"2019-07-17","purchased_purges":1,"victory":false,"max_hp_per_floor":[78,78,78,78,78,78,78,78,78,78,78,78,78,78,78,78,78,78,78,78,78,78,78,78,78,78,78,78],"card_choices":[{"not_picked":["Scrape","Steam Power"],"picked":"Genetic Algorithm","floor":1.0},{"not_picked":["Turbo","Coolheaded"],"picked":"Static Discharge","floor":2.0},{"not_picked":["Redo","Ball Lightning"],"picked":"Conserve Battery","floor":3.0},{"not_picked":["Beam Cell","Redo"],"picked":"Chill","floor":5.0},{"not_picked":["Loop","Reprogram"],"picked":"Skim","floor":10.0},{"not_picked":["Static Discharge","Redo"],"picked":"Doom and Gloom+1","floor":11.0},{"not_picked":["Conserve Battery","Capacitor"],"picked":"Beam Cell+1","floor":13.0},{"not_picked":["Reprogram","Biased Cognition"],"picked":"Recycle","floor":14.0},{"not_picked":["Multi-Cast","All For One+1"],"picked":"Meteor Strike+1","floor":16.0},{"not_picked":["Chill+1","Aggregate","Consume"],"picked":"SKIP","floor":18},{"not_picked":["Steam","Rebound+1"],"picked":"Chaos","floor":19},{"not_picked":["Recycle","Reprogram","Heatsinks"],"picked":"SKIP","floor":21},{"not_picked":["Go for the Eyes+1","Auto Shields"],"picked":"Hologram","floor":22},{"not_picked":["Reprogram+1","Darkness","Streamline+1"],"picked":"SKIP","floor":24}],"player_experience":1020879,"relics_obtained":[{"floor":9.0,"key":"Centennial Puzzle"},{"floor":10.0,"key":"Molten Egg 2"},{"floor":13.0,"key":"Whetstone"},{"floor":24,"key":"War Paint"},{"floor":25,"key":"Smiling Mask"}],"event_choices":[{"cards_removed":["Defend_B"],"damage_healed":0.0,"max_hp_gain":0.0,"max_hp_loss":0.0,"gold_gain":0.0,"event_name":"Purifier","player_choice":"Purged","floor":4.0,"gold_loss":0.0,"damage_taken":0.0},{"damage_healed":0,"gold_gain":0,"player_choice":"Forge","damage_taken":0,"max_hp_gain":0,"max_hp_loss":0,"event_name":"Accursed Blacksmith","floor":27,"gold_loss":0,"cards_upgraded":["Turbo"]}],"is_beta":false,"boss_relics":[{"not_picked":["Pandora\u0027s Box","Ectoplasm"],"picked":"Coffee Dripper"}],"items_purged_floors":[7],"is_endless":false,"potions_floor_spawned":[1,3,5,14,16,18,19,24],"killed_by":"Gremlin Leader","ascension_level":20}