{"path_per_floor":["M","?","M","?","$","E","R","E","T","M","R","$","M","E","R","B",null,"M","?","?","$","M","R","E","R","T","M","R","$","?","$","R"],"character_chosen":"IRONCLAD","items_purchased":[],"gold_per_floor":[13,13,23,23,23,56,56,84,107,118,118,43,57,84,84,187,187,207,207,107,7,24,24,58,58,58,75,75,75,75,75,75],"floor_reached":33,"campfire_rested":3,"playtime":1255,"current_hp_per_floor":[77,77,62,62,62,45,45,29,29,24,48,48,45,16,40,22,66,47,73,73,73,59,59,27,27,41,38,66,66,66,66,66],"items_purged":["Decay","Strike_R"],"gold":75,"score":377,"play_id":"61085fa4-3feb-4cc7-98c3-536cb8ae7135","is_prod":false,"is_daily":false,"is_ascension_mode":true,"campfire_upgraded":4,"path_taken":["M","?","M","?","$","E","R","E","T","M","R","$","M","E","R","BOSS","M","?","?","$","M","R","E","R","T","M","R","$","?","?","R","BOSS"],"build_version":"2018-02-12-PROD1","purchased_purges":2,"victory":false,"master_deck":["Strike_R+1","Strike_R+1","Strike_R+1","Strike_R+1","Defend_R+1","Defend_R+1","Defend_R+1","Defend_R+1","Bash+1","Demon Form+1","Cleave","True Grit+1","Twin Strike","Infernal Blade","J.A.X.","Sentinel+1","Injury","Shrug It Off+1"],"max_hp_per_floor":[80,80,80,80,80,80,80,80,80,80,80,80,80,80,80,80,80,80,80,80,80,80,80,80,80,94,94,94,94,94,94,94],"relics":["Burning Blood","Bronze Scales","Lantern","Bag of Marbles","Prayer Wheel","Cursed Key","Torii","Mango"],"card_choices":[{"not_picked":["Barricade","Berserk"],"picked":"Demon Form"},{"not_picked":["Carnage","Sword Boomerang"],"picked":"Cleave"},{"not_picked":["Spot Weakness","Cleave"],"picked":"True Grit"},{"not_picked":["Iron Wave","Flex"],"picked":"Twin Strike"},{"not_picked":["Armaments","Shockwave"],"picked":"Infernal Blade"},{"not_picked":["Body Slam","Warcry"],"picked":"Sentinel"},{"not_picked":["Flex","Blood for Blood"],"picked":"Shrug It Off"}],"player_experience":284562,"potions_floor_usage":[6,16,24,27],"damage_taken":[{"damage":1,"enemies":"Small Slimes","floor":1,"turns":4},{"damage":21,"enemies":"Blue Slaver","floor":3,"turns":5},{"damage":23,"enemies":"3 Sentries","floor":6,"turns":5},{"damage":22,"enemies":"Gremlin Nob","floor":8,"turns":4},{"damage":11,"enemies":"Jaw Worm","floor":10,"turns":3},{"damage":9,"enemies":"3 Louse","floor":13,"turns":3},{"damage":35,"enemies":"3 Sentries","floor":14,"turns":5},{"damage":24,"enemies":"Hexaghost","floor":16,"turns":7},{"damage":25,"enemies":"Spheric Guardian","floor":18,"turns":4},{"damage":20,"enemies":"2 Thieves","floor":22,"turns":4},{"damage":38,"enemies":"Slavers","floor":24,"turns":4},{"damage":9,"enemies":"Cultist and Chosen","floor":27,"turns":5},{"damage":68,"enemies":"Collector","floor":33,"turns":5}],"event_choices":[{"event_name":"Wheel of Change","player_choice":"Curse","floor":2,"damage_taken":0},{"event_name":"Liars Game","player_choice":"disagreed","floor":4,"damage_taken":0},{"event_name":"The Library","player_choice":"Heal","floor":19,"damage_taken":0},{"event_name":"Drug Dealer","player_choice":"Got JAXXED","floor":20,"damage_taken":0},{"event_name":"Back to Basics","player_choice":"Simplicity","floor":30,"damage_taken":0}],"boss_relics":[{"not_picked":["Astrolabe","Mark of Pain"],"picked":"Cursed Key"}],"potions_floor_spawned":[1,8,10,13,18],"seed_played":"-4225121079235512857","killed_by":"Collector","ascension_level":7,"is_trial":false}