{"path_per_floor":["M","M","?","M","M","R","?","R","T","?","M","M","?","E","R"],"character_chosen":"DEFECT","items_purchased":[],"gold_per_floor":[114,133,133,148,168,168,168,168,168,168,179,197,197,227,227,227],"floor_reached":16,"campfire_rested":0,"playtime":394,"item_purchase_floors":[],"current_hp_per_floor":[71,68,61,61,51,51,51,51,51,39,31,27,27,15,15,0],"items_purged":[],"gold":227,"score":153,"play_id":"9690c544-7266-49c5-b395-5eeb942c5c29","local_time":"20180523100741","is_prod":false,"is_daily":false,"chose_seed":false,"is_ascension_mode":true,"campfire_upgraded":3,"win_rate":0.15178572,"timestamp":1527062861,"campfire_choices":[{"data":"Zap","floor":6.0,"key":"SMITH"},{"data":"Beam Cell","floor":8.0,"key":"SMITH"},{"data":"Coolheaded","floor":15,"key":"SMITH"}],"path_taken":["M","M","?","?","M","R","?","R","T","?","M","M","?","E","R","BOSS"],"build_version":"2018-05-22","seed_source_timestamp":286133436238167,"purchased_purges":0,"victory":false,"master_deck":["Strike_B","Strike_B+1","Strike_B+1","Defend_B","Defend_B","Defend_B","Defend_B","Zap+1","Dualcast","AscendersBane","Cold Snap","Beam Cell+1","Steam","Coolheaded+1","Capacitor","Glacier"],"max_hp_per_floor":[82,82,82,82,82,82,82,82,82,82,82,82,82,82,82,82],"relics":["Cracked Core","Dead Branch","Emotion Chip","Bronze Scales","Whetstone"],"card_choices":[{"not_picked":["Sunder","Ball Lightning"],"picked":"Cold Snap","floor":1.0},{"not_picked":["Cold Snap","Scrape"],"picked":"Beam Cell","floor":2.0},{"not_picked":["Storm","Ball Lightning"],"picked":"Steam","floor":4.0},{"not_picked":["Ball Lightning","Beam Cell","Stack"],"picked":"SKIP","floor":5.0},{"not_picked":["Machine Learning","Sweeping Beam"],"picked":"Coolheaded","floor":11.0},{"not_picked":["Go for the Eyes","Sweeping Beam"],"picked":"Capacitor","floor":12},{"not_picked":["Fusion","Turbo"],"picked":"Glacier","floor":14}],"player_experience":708685,"potions_floor_usage":[14],"damage_taken":[{"damage":4.0,"enemies":"2 Louse","floor":1.0,"turns":3.0},{"damage":3.0,"enemies":"Small Slimes","floor":2.0,"turns":3.0},{"damage":0.0,"enemies":"Cultist","floor":4.0,"turns":3.0},{"damage":10.0,"enemies":"Gremlin Gang","floor":5.0,"turns":5.0},{"damage":8.0,"enemies":"Blue Slaver","floor":11.0,"turns":2.0},{"damage":4,"enemies":"Exordium Wildlife","floor":12,"turns":4},{"damage":12,"enemies":"Lagavulin","floor":14,"turns":6},{"damage":23,"enemies":"Slime Boss","floor":16,"turns":3}],"relics_obtained":[{"floor":9.0,"key":"Emotion Chip"},{"floor":14,"key":"Whetstone"}],"event_choices":[{"event_name":"Golden Wing","player_choice":"Card Removal","floor":3.0,"damage_taken":0.0},{"event_name":"Dead Adventurer","player_choice":"Searched \u00271\u0027 times","floor":7.0,"damage_taken":0.0},{"event_name":"Scrap Ooze","player_choice":"success","floor":10.0,"damage_taken":12.0},{"event_name":"Golden Idol","player_choice":"Ignored","floor":13,"damage_taken":0}],"boss_relics":[],"items_purged_floors":[],"potions_floor_spawned":[2,12],"seed_played":"7609459403378704357","killed_by":"Slime Boss","ascension_level":10,"potions_obtained":[{"floor":2.0,"key":"SteroidPotion"},{"floor":12,"key":"Swift Potion"}],"is_trial":false}