{"gold_per_floor":[117,132,0,0,15,15,47,47,47,47,47,13,27,42,42,138,138,148,148,33,33,48,48,76,76,76,175,185,185,202,302,302,407,407,427,527,125,138,0,0,14,31,80,80,92,92,92,92,92,92,92,92,3,32,32],"floor_reached":55,"playtime":1686,"items_purged":["Strike_R","Strike_R"],"score":713,"play_id":"ba361ade-0fc2-48e3-beff-89ab0c8da22f","local_time":"20181204222727","is_ascension_mode":false,"campfire_choices":[{"data":"Armaments","floor":6,"key":"SMITH"},{"floor":10,"key":"RECALL"},{"data":"Searing Blow","floor":15,"key":"SMITH"},{"data":"Searing Blow+1","floor":23,"key":"SMITH"},{"data":"Searing Blow+2","floor":25,"key":"SMITH"},{"floor":32,"key":"REST"},{"data":"Strike_R","floor":40,"key":"PURGE"},{"data":"Body Slam","floor":44,"key":"SMITH"},{"data":"Searing Blow+3","floor":46,"key":"SMITH"},{"data":"Strike_R","floor":47,"key":"PURGE"},{"data":"Defend_R","floor":49,"key":"PURGE"},{"data":"Defend_R","floor":52,"key":"PURGE"}],"neow_cost":"NONE","seed_source_timestamp":911997064229491,"circlet_count":0,"master_deck":["Defend_R","Defend_R","Bash","Armaments+1","Body Slam+1","Shrug It Off","Shrug It Off","Searing Blow+4","Inflame","Offering","Double Tap","Body Slam+1","Spot Weakness","Iron Wave+1","Bloodletting","Inflame","Brutality","Inflame","Shrug It Off","Forethought"],"relics":["Burning Blood","NeowsBlessing","Pantograph","Letter Opener","Paper Frog","Sozu","Meat on the Bone","Bottled Tornado","Bag of Preparation","WingedGreaves","Ornamental Fan","Busted Crown","Peace Pipe","Brimstone","Red Mask","Strawberry","Art of War"],"potions_floor_usage":[7,16,31],"damage_taken":[{"damage":0,"enemies":"2 Louse","floor":1,"turns":1},{"damage":0,"enemies":"Cultist","floor":2,"turns":1},{"damage":0,"enemies":"Jaw Worm","floor":5,"turns":1},{"damage":12,"enemies":"Gremlin Nob","floor":7,"turns":4},{"damage":12,"enemies":"2 Fungi Beasts","floor":13,"turns":5},{"damage":17,"enemies":"Gremlin Gang","floor":14,"turns":5},{"damage":41,"enemies":"The Guardian","floor":16,"turns":13},{"damage":14,"enemies":"Chosen","floor":18,"turns":5},{"damage":6,"enemies":"Spheric Guardian","floor":22,"turns":3},{"damage":6,"enemies":"Gremlin Leader","floor":24,"turns":4},{"damage":14,"enemies":"Snake Plant","floor":28,"turns":2},{"damage":6,"enemies":"3 Cultists","floor":30,"turns":2},{"damage":12,"enemies":"Colosseum Slavers","floor":31,"turns":4},{"damage":46,"enemies":"Colosseum Nobs","floor":31,"turns":5},{"damage":58,"enemies":"Automaton","floor":33,"turns":7},{"damage":4,"enemies":"Orb Walker","floor":35,"turns":3},{"damage":20,"enemies":"Mind Bloom Boss Battle","floor":36,"turns":4},{"damage":23,"enemies":"3 Darklings","floor":38,"turns":5},{"damage":30,"enemies":"Maw","floor":41,"turns":5},{"damage":14,"enemies":"Sphere and 2 Shapes","floor":42,"turns":4},{"damage":8,"enemies":"Jaw Worm Horde","floor":45,"turns":3},{"damage":79,"enemies":"Awakened One","floor":50,"turns":7},{"damage":46,"enemies":"Shield and Spear","floor":54,"turns":4},{"damage":131,"enemies":"The Heart","floor":55,"turns":3}],"seed_played":"2549548646288014055","potions_obtained":[{"floor":5,"key":"Block Potion"},{"floor":7,"key":"BloodPotion"},{"floor":14,"key":"Block Potion"}],"is_trial":false,"path_per_floor":["M","M","?","$","M","R","E","T","T","R","?","$","M","M","R","B",null,"M","?","$","?","M","R","E","R","T","?","M","T","M","?","R","B",null,"M","?","$","M","?","R","M","M","T","R","M","R","R","?","R","B",null,"R","$","E","B"],"character_chosen":"IRONCLAD","items_purchased":["Inflame","Spot Weakness","Brimstone","Inflame","Shrug It Off","Forethought"],"campfire_rested":1,"item_purchase_floors":[12,20,37,37,37,53],"current_hp_per_floor":[80,80,80,80,80,80,74,74,74,74,74,74,68,57,57,45,80,72,72,72,72,72,72,72,72,72,72,64,64,64,38,62,40,80,80,66,66,49,49,49,37,41,48,48,58,58,58,58,58,22,87,87,87,59,0],"gold":32,"neow_bonus":"THREE_ENEMY_KILL","is_prod":false,"is_daily":false,"chose_seed":false,"campfire_upgraded":6,"win_rate":0,"timestamp":1543984047,"path_taken":["M","M","?","?","M","R","E","?","T","R","?","$","M","?","R","BOSS","M","?","$","?","?","R","E","R","T","?","M","?","M","?","R","BOSS","M","?","$","M","?","R","M","M","T","R","?","R","R","?","R","BOSS","R","$","E","BOSS"],"build_version":"2018-11-15","purchased_purges":2,"victory":false,"max_hp_per_floor":[80,80,80,80,80,80,80,80,80,80,80,80,80,80,80,80,80,80,80,80,80,80,80,80,80,80,80,80,80,80,80,80,80,80,80,80,80,80,80,80,80,80,87,87,87,87,87,87,87,87,87,87,87,87,87],"card_choices":[{"not_picked":["Havoc","Battle Trance"],"picked":"Armaments","floor":1},{"not_picked":["Anger","Armaments"],"picked":"Body Slam","floor":2},{"not_picked":["Flame Barrier","Exhume"],"picked":"Shrug It Off","floor":5},{"not_picked":["Blood for Blood","Clothesline"],"picked":"Shrug It Off","floor":7},{"not_picked":["Clash","Heavy Blade"],"picked":"Offering","floor":13},{"not_picked":["Wild Strike","Anger","Twin Strike"],"picked":"SKIP","floor":14},{"not_picked":["Brutality","Juggernaut"],"picked":"Double Tap","floor":16},{"not_picked":["Sentinel","Anger+1","Power Through"],"picked":"SKIP","floor":18},{"not_picked":["Rupture","Metallicize+1"],"picked":"Iron Wave+1","floor":22},{"not_picked":["Wild Strike","Rage","Iron Wave+1"],"picked":"SKIP","floor":24},{"not_picked":["Cleave","Heavy Blade"],"picked":"Bloodletting","floor":28},{"not_picked":["Cleave","Flex"],"picked":"Inflame","floor":30},{"not_picked":["Immolate","Dark Embrace"],"picked":"Brutality","floor":33},{"not_picked":["Clash"],"picked":"SKIP","floor":35},{"not_picked":["Iron Wave"],"picked":"SKIP","floor":38},{"not_picked":["Sword Boomerang+1"],"picked":"SKIP","floor":41},{"not_picked":["Perfected Strike"],"picked":"SKIP","floor":42},{"not_picked":["Blood for Blood"],"picked":"SKIP","floor":45},{"not_picked":["Corruption"],"picked":"SKIP","floor":54}],"player_experience":704172,"relics_obtained":[{"floor":7,"key":"Letter Opener"},{"floor":9,"key":"Paper Frog"},{"floor":24,"key":"Meat on the Bone"},{"floor":26,"key":"Bottled Tornado"},{"floor":29,"key":"Bag of Preparation"},{"floor":31,"key":"WingedGreaves"},{"floor":31,"key":"Ornamental Fan"},{"floor":36,"key":"Peace Pipe"},{"floor":43,"key":"Strawberry"},{"floor":54,"key":"Art of War"}],"event_choices":[{"damage_healed":0,"gold_gain":0,"player_choice":"Paid Gold","damage_taken":0,"relics_obtained":["Pantograph"],"max_hp_gain":0,"max_hp_loss":0,"event_name":"WeMeetAgain","floor":3,"gold_loss":132},{"damage_healed":0,"gold_gain":0,"cards_transformed":["Strike_R"],"player_choice":"Transformed","damage_taken":0,"max_hp_gain":0,"max_hp_loss":0,"event_name":"Transmorgrifier","floor":11,"gold_loss":0,"cards_obtained":["Searing Blow"]},{"damage_healed":0,"gold_gain":0,"player_choice":"Read","damage_taken":0,"max_hp_gain":0,"max_hp_loss":0,"event_name":"The Library","floor":19,"gold_loss":0,"cards_obtained":["Body Slam"]},{"damage_healed":0,"gold_gain":0,"player_choice":"Forge","damage_taken":0,"max_hp_gain":0,"max_hp_loss":0,"event_name":"Accursed Blacksmith","floor":21,"gold_loss":0,"cards_upgraded":["Body Slam"]},{"damage_healed":0,"gold_gain":99,"player_choice":"Stole From Cult","damage_taken":0,"max_hp_gain":0,"max_hp_loss":0,"event_name":"Nest","floor":27,"gold_loss":0},{"damage_healed":0,"gold_gain":0,"player_choice":"Fight","damage_taken":0,"max_hp_gain":0,"max_hp_loss":0,"event_name":"Colosseum","floor":31,"gold_loss":0},{"damage_healed":0,"gold_gain":0,"player_choice":"Fought Nobs","damage_taken":0,"max_hp_gain":0,"max_hp_loss":0,"event_name":"Colosseum","floor":31,"gold_loss":0},{"damage_healed":0,"gold_gain":0,"player_choice":"Fight","damage_taken":0,"max_hp_gain":0,"max_hp_loss":0,"event_name":"MindBloom","floor":36,"gold_loss":0},{"damage_healed":0,"gold_gain":0,"player_choice":"Paid","damage_taken":0,"relics_obtained":["Red Mask"],"max_hp_gain":0,"max_hp_loss":0,"event_name":"Tomb of Lord Red Mask","floor":39,"gold_loss":138},{"damage_healed":0,"gold_gain":0,"player_choice":"Ignored","damage_taken":0,"max_hp_gain":0,"max_hp_loss":0,"event_name":"NoteForYourself","floor":48,"gold_loss":0}],"is_beta":false,"boss_relics":[{"not_picked":["Lizard Tail","White Beast Statue"],"picked":"Sozu"},{"not_picked":["Pandora\u0027s Box","Velvet Choker"],"picked":"Busted Crown"}],"items_purged_floors":[20,37],"is_endless":false,"potions_floor_spawned":[5,7,14,18,31,31,33,35,36,42],"killed_by":"The Heart","ascension_level":0}