{"gold_per_floor":[19,39,11,22,32,32,42,42,67,67],"floor_reached":10,"playtime":406,"items_purged":[],"score":120,"play_id":"72640a91-af95-4015-a4b2-ae7878c9df4b","local_time":"20190301092921","is_ascension_mode":true,"campfire_choices":[{"data":"Prepared","floor":6.0,"key":"SMITH"},{"data":"Acrobatics","floor":8.0,"key":"SMITH"}],"neow_cost":"NO_GOLD","seed_source_timestamp":66425866253403,"circlet_count":0,"master_deck":["AscendersBane","Defend_G","Defend_G","Defend_G","Defend_G","Strike_G","Strike_G","Strike_G","Strike_G","Survivor","Neutralize","Grand Finale","Outmaneuver","Deflect","Prepared+1","Acrobatics+1","Reflex"],"special_seed":0,"relics":["Ring of the Snake","Strawberry"],"potions_floor_usage":[10],"damage_taken":[{"damage":9.0,"enemies":"Cultist","floor":1.0,"turns":6.0},{"damage":10.0,"enemies":"Small Slimes","floor":2.0,"turns":4.0},{"damage":5.0,"enemies":"Jaw Worm","floor":4.0,"turns":8.0},{"damage":0.0,"enemies":"Large Slime","floor":5.0,"turns":2.0},{"damage":0.0,"enemies":"Looter","floor":7.0,"turns":2.0},{"damage":31,"enemies":"Exordium Thugs","floor":10,"turns":6}],"seed_played":"-6401168555541572805","potions_obtained":[{"floor":2.0,"key":"Regen Potion"},{"floor":5.0,"key":"Dexterity Potion"}],"is_trial":false,"path_per_floor":["M","M","$","M","M","R","M","R","T","M"],"character_chosen":"THE_SILENT","items_purchased":["Prepared"],"campfire_rested":0,"item_purchase_floors":[3],"current_hp_per_floor":[50,40,40,35,35,35,35,35,42,11],"gold":67,"neow_bonus":"TRANSFORM_TWO_CARDS","is_prod":false,"is_daily":false,"chose_seed":false,"campfire_upgraded":2,"win_rate":0,"timestamp":1551428961,"path_taken":["M","M","$","M","M","R","M","R","T","M"],"build_version":"2019-01-23","purchased_purges":0,"victory":false,"max_hp_per_floor":[66,66,66,66,66,66,66,66,73,73],"card_choices":[{"not_picked":["Poisoned Stab","Underhanded Strike","Deadly Poison"],"picked":"SKIP","floor":1.0},{"not_picked":["Heel Hook","Bane"],"picked":"Deflect","floor":2.0},{"not_picked":["Expertise","Noxious Fumes"],"picked":"Acrobatics","floor":4.0},{"not_picked":["Deadly Poison","Bane"],"picked":"Reflex","floor":5.0},{"not_picked":["Flying Knee","Poisoned Stab","Concentrate"],"picked":"SKIP","floor":7.0},{"not_picked":["Flying Knee","Poisoned Stab","Concentrate"],"picked":"SKIP","floor":7.0}],"player_experience":920776,"relics_obtained":[{"floor":9.0,"key":"Strawberry"}],"event_choices":[],"is_beta":false,"boss_relics":[],"items_purged_floors":[],"is_endless":false,"potions_floor_spawned":[2,5],"killed_by":"Exordium Thugs","ascension_level":20}