{"gold_per_floor":[110,74,74,92,112,112,139,156,156,156,156,156,156,171,171,271,271,283,283,283,297,308,308],"floor_reached":23,"playtime":802,"items_purged":[],"score":191,"play_id":"e9a0cbb3-270c-4318-8c9e-62234b2c33e8","local_time":"20190711235954","is_ascension_mode":false,"campfire_choices":[{"data":"Defragment","floor":6,"key":"SMITH"},{"floor":11,"key":"REST"},{"data":"Sunder","floor":13,"key":"SMITH"},{"data":"Genetic Algorithm","floor":15,"key":"SMITH"}],"neow_cost":"NONE","seed_source_timestamp":19814647038011,"circlet_count":0,"master_deck":["Strike_B","Strike_B","Defend_B","Defend_B","Defend_B","Defend_B","Zap","Dualcast","Capacitor","Sweeping Beam","Defragment+1","Sunder+1","Storm+1","Genetic Algorithm+1","Electrodynamics+1","Ball Lightning","Necronomicurse","Ball Lightning","Chill+1"],"relics":["Cracked Core","Pocketwatch","Frozen Egg 2","Philosopher\u0027s Stone","Necronomicon"],"potions_floor_usage":[7],"damage_taken":[{"damage":7,"enemies":"2 Louse","floor":1,"turns":3},{"damage":1,"enemies":"Cultist","floor":4,"turns":4},{"damage":10,"enemies":"Small Slimes","floor":5,"turns":2},{"damage":40,"enemies":"3 Sentries","floor":7,"turns":6},{"damage":13,"enemies":"Exordium Wildlife","floor":8,"turns":5},{"damage":11,"enemies":"Large Slime","floor":14,"turns":3},{"damage":22,"enemies":"Slime Boss","floor":16,"turns":7},{"damage":26,"enemies":"Spheric Guardian","floor":18,"turns":4},{"damage":8,"enemies":"Shell Parasite","floor":21,"turns":3},{"damage":35,"enemies":"Shelled Parasite and Fungi","floor":22,"turns":4},{"damage":15,"enemies":"Slavers","floor":23,"turns":1}],"seed_played":"-5447110273812805272","potions_obtained":[{"floor":1,"key":"AttackPotion"},{"floor":5,"key":"FairyPotion"},{"floor":8,"key":"Weak Potion"},{"floor":21,"key":"Poison Potion"}],"is_trial":false,"path_per_floor":["M","$","?","M","M","R","E","M","T","?","R","?","R","M","R","B",null,"M","?","?","M","M","E"],"character_chosen":"DEFECT","items_purchased":["Capacitor"],"campfire_rested":1,"item_purchase_floors":[2],"current_hp_per_floor":[68,68,68,67,57,57,17,4,4,4,26,51,51,40,40,18,75,49,33,33,25,6,0],"gold":308,"neow_bonus":"REMOVE_CARD","is_prod":false,"is_daily":false,"chose_seed":false,"campfire_upgraded":3,"win_rate":0,"timestamp":1562903994,"path_taken":["M","$","?","M","M","R","E","?","T","?","R","?","R","M","R","BOSS","M","?","?","M","M","E"],"build_version":"2019-07-05","purchased_purges":0,"victory":false,"max_hp_per_floor":[75,75,75,75,75,75,75,75,75,75,75,75,75,75,75,75,75,75,75,75,75,75,75],"card_choices":[{"not_picked":["Scrape","Glacier","Go for the Eyes"],"picked":"SKIP","floor":1},{"not_picked":["Force Field","Blizzard"],"picked":"Sweeping Beam","floor":4},{"not_picked":["Steam","Coolheaded"],"picked":"Defragment","floor":5},{"not_picked":["Turbo","Gash"],"picked":"Sunder","floor":7},{"not_picked":["Chill","Beam Cell"],"picked":"Storm","floor":8},{"not_picked":["Steam","Redo"],"picked":"Genetic Algorithm","floor":14},{"not_picked":["Amplify","Thunder Strike"],"picked":"Electrodynamics+1","floor":16},{"not_picked":["Gash","Conserve Battery"],"picked":"Ball Lightning","floor":18},{"not_picked":["Blizzard","Conserve Battery"],"picked":"Ball Lightning","floor":21},{"not_picked":["Reboot","Conserve Battery"],"picked":"Chill+1","floor":22}],"player_experience":139698,"relics_obtained":[{"floor":7,"key":"Pocketwatch"},{"floor":9,"key":"Frozen Egg 2"},{"floor":19,"key":"Necronomicon"}],"event_choices":[{"cards_removed":["Strike_B"],"damage_healed":0,"gold_gain":0,"player_choice":"Offered Basic","damage_taken":0,"max_hp_gain":0,"max_hp_loss":0,"event_name":"Bonfire Elementals","floor":3,"gold_loss":0},{"damage_healed":0,"gold_gain":0,"player_choice":"Grow","damage_taken":0,"max_hp_gain":0,"max_hp_loss":0,"event_name":"Living Wall","floor":10,"gold_loss":0,"cards_upgraded":["Storm"]},{"damage_healed":25,"gold_gain":0,"player_choice":"Banana","damage_taken":0,"max_hp_gain":0,"max_hp_loss":0,"event_name":"Big Fish","floor":12,"gold_loss":0},{"damage_healed":0,"gold_gain":0,"player_choice":"Obtained Book","damage_taken":16,"max_hp_gain":0,"max_hp_loss":0,"event_name":"Cursed Tome","floor":19,"gold_loss":0},{"damage_healed":0,"gold_gain":0,"player_choice":"Ignored","damage_taken":0,"max_hp_gain":0,"max_hp_loss":0,"event_name":"Ghosts","floor":20,"gold_loss":0}],"is_beta":false,"boss_relics":[{"not_picked":["Pandora\u0027s Box","Orrery"],"picked":"Philosopher\u0027s Stone"}],"items_purged_floors":[],"is_endless":false,"potions_floor_spawned":[1,5,8,21],"killed_by":"Slavers","ascension_level":0}