{"gold_per_floor":[109,109,184,198,212,212,247,247,247,274,21,49,59,69,69,69],"floor_reached":16,"playtime":527,"items_purged":[],"score":132,"play_id":"b9ffdc41-fd43-4b83-b7cf-961535ef2e8b","local_time":"20190727193557","is_ascension_mode":true,"campfire_choices":[{"data":"Carnage","floor":6,"key":"SMITH"},{"data":"Fiend Fire","floor":8,"key":"SMITH"},{"data":"Barricade","floor":15,"key":"SMITH"}],"neow_cost":"NONE","seed_source_timestamp":278045054654585,"circlet_count":0,"master_deck":["Strike_R","Strike_R","Strike_R","Strike_R","Defend_R","Defend_R","Defend_R","Defend_R","Bash","Fiend Fire+1","Ghostly Armor","Shrug It Off","Carnage+1","Battle Trance","Anger","Infernal Blade+1","Barricade+1"],"relics":["Burning Blood","Paper Frog","Letter Opener","Toxic Egg 2","PreservedInsect"],"potions_floor_usage":[16,16,16],"damage_taken":[{"damage":3,"enemies":"Jaw Worm","floor":1,"turns":4},{"damage":3,"enemies":"2 Louse","floor":4,"turns":3},{"damage":14,"enemies":"Small Slimes","floor":5,"turns":5},{"damage":20,"enemies":"Gremlin Nob","floor":7,"turns":4},{"damage":13,"enemies":"Lagavulin","floor":10,"turns":5},{"damage":10,"enemies":"3 Sentries","floor":12,"turns":8},{"damage":7,"enemies":"Exordium Wildlife","floor":13,"turns":3},{"damage":0,"enemies":"2 Fungi Beasts","floor":14,"turns":2},{"damage":36,"enemies":"Slime Boss","floor":16,"turns":8}],"seed_played":"-2432309849163066350","potions_obtained":[{"floor":7,"key":"Swift Potion"},{"floor":12,"key":"AttackPotion"},{"floor":13,"key":"LiquidBronze"}],"is_trial":false,"path_per_floor":["M","?","?","M","M","R","E","R","T","E","$","E","M","M","R","B"],"character_chosen":"IRONCLAD","items_purchased":["Toxic Egg 2"],"campfire_rested":0,"item_purchase_floors":[11],"current_hp_per_floor":[80,73,62,65,57,57,43,43,43,36,36,32,31,37,37,1],"gold":69,"neow_bonus":"ONE_RANDOM_RARE_CARD","is_prod":false,"is_daily":false,"chose_seed":false,"campfire_upgraded":3,"win_rate":0,"timestamp":1564274157,"path_taken":["M","?","?","M","M","R","E","R","T","E","$","E","M","M","R","BOSS"],"build_version":"2019-07-17","purchased_purges":0,"victory":false,"max_hp_per_floor":[80,80,80,80,80,80,80,80,80,80,80,80,80,80,80,80],"card_choices":[{"not_picked":["Havoc","Headbutt"],"picked":"Ghostly Armor","floor":1},{"not_picked":["Bloodletting","Wild Strike"],"picked":"Shrug It Off","floor":4},{"not_picked":["Power Through","Thunderclap"],"picked":"Carnage","floor":5},{"not_picked":["Sentinel","Clothesline"],"picked":"Battle Trance","floor":7},{"not_picked":["Bloodletting","Perfected Strike"],"picked":"Anger","floor":10},{"not_picked":["Anger","Clothesline"],"picked":"Infernal Blade+1","floor":12},{"not_picked":["Battle Trance+1","Warcry+1"],"picked":"Barricade","floor":13},{"not_picked":["Anger","Infernal Blade+1","Clash"],"picked":"SKIP","floor":14}],"player_experience":138152,"relics_obtained":[{"floor":7,"key":"Paper Frog"},{"floor":10,"key":"Letter Opener"},{"floor":12,"key":"PreservedInsect"}],"event_choices":[{"cards_removed":["Strike_R"],"damage_healed":0,"gold_gain":0,"player_choice":"Card Removal","damage_taken":7,"max_hp_gain":0,"max_hp_loss":0,"event_name":"Golden Wing","floor":2,"gold_loss":0},{"damage_healed":0,"gold_gain":75,"player_choice":"Gather Gold","damage_taken":11,"max_hp_gain":0,"max_hp_loss":0,"event_name":"World of Goop","floor":3,"gold_loss":0}],"is_beta":false,"boss_relics":[],"items_purged_floors":[],"is_endless":false,"potions_floor_spawned":[7,12,13],"killed_by":"Slime Boss","ascension_level":2}