{"gold_per_floor":[118,131,131,145,70,70,83,117,117,117,135,135],"floor_reached":12,"playtime":365,"items_purged":["Strike_B"],"score":160,"play_id":"8659ac65-46ce-4a8f-829b-72ac9e08f508","local_time":"20190306165635","is_ascension_mode":true,"campfire_choices":[{"data":"Zap","floor":6.0,"key":"SMITH"},{"data":"Beam Cell","floor":10.0,"key":"SMITH"}],"neow_cost":"PERCENT_DAMAGE","seed_source_timestamp":118046039963049,"circlet_count":0,"master_deck":["AscendersBane","Strike_B","Strike_B","Defend_B","Defend_B","Defend_B","Defend_B","Zap+1","Dualcast","Ball Lightning","Beam Cell+1","Streamline","Glacier","Turbo"],"special_seed":0,"relics":["Cracked Core","Nunchaku","Art of War","Bottled Lightning"],"potions_floor_usage":[12],"damage_taken":[{"damage":2.0,"enemies":"Cultist","floor":1.0,"turns":4.0},{"damage":2.0,"enemies":"Jaw Worm","floor":2.0,"turns":3.0},{"damage":2.0,"enemies":"2 Louse","floor":4.0,"turns":2.0},{"damage":9.0,"enemies":"Red Slaver","floor":7.0,"turns":2.0},{"damage":10.0,"enemies":"3 Sentries","floor":8.0,"turns":7.0},{"damage":5,"enemies":"3 Louse","floor":11,"turns":3},{"damage":12,"enemies":"Gremlin Gang","floor":12,"turns":2}],"seed_played":"-7760708165660003464","potions_obtained":[{"floor":2.0,"key":"EssenceOfSteel"},{"floor":7.0,"key":"PowerPotion"},{"floor":11,"key":"Energy Potion"}],"is_trial":false,"path_per_floor":["M","M","?","M","$","R","M","E","T","R","M","M"],"character_chosen":"DEFECT","items_purchased":[],"campfire_rested":0,"item_purchase_floors":[],"current_hp_per_floor":[44,42,35,33,33,33,24,14,14,14,9,0],"gold":135,"neow_bonus":"ONE_RARE_RELIC","is_prod":false,"is_daily":false,"chose_seed":false,"campfire_upgraded":2,"win_rate":0,"timestamp":1551887795,"path_taken":["M","?","?","M","$","R","M","E","T","R","M","M"],"build_version":"2019-01-23","purchased_purges":1,"victory":false,"max_hp_per_floor":[71,71,71,71,71,71,71,71,71,71,71,71],"card_choices":[{"not_picked":["Conserve Battery","Streamline"],"picked":"Ball Lightning","floor":1.0},{"not_picked":["Cold Snap","Steam"],"picked":"Beam Cell","floor":2.0},{"not_picked":["Aggregate","Rebound"],"picked":"Streamline","floor":4.0},{"not_picked":["Conserve Battery","Aggregate"],"picked":"Glacier","floor":7.0},{"not_picked":["Barrage","Recycle","Cold Snap"],"picked":"SKIP","floor":8.0},{"not_picked":["Barrage","Recycle","Cold Snap"],"picked":"SKIP","floor":8.0},{"not_picked":["Rip and Tear","Leap"],"picked":"Turbo","floor":11}],"player_experience":944001,"relics_obtained":[{"floor":8.0,"key":"Art of War"},{"floor":9.0,"key":"Bottled Lightning"}],"event_choices":[{"cards_removed":["Strike_B"],"damage_healed":0.0,"max_hp_gain":0.0,"max_hp_loss":0.0,"gold_gain":0.0,"event_name":"Golden Wing","player_choice":"Card Removal","floor":3.0,"gold_loss":0.0,"damage_taken":7.0}],"is_beta":false,"boss_relics":[],"items_purged_floors":[5],"is_endless":false,"potions_floor_spawned":[2,7,11],"killed_by":"Gremlin Gang","ascension_level":20}