{"path_per_floor":["M","?","M","M","M","E","R","M","T","M","E","M","M","$","R","B",null,"M","M"],"character_chosen":"IRONCLAD","items_purchased":["Toxic Egg 2"],"gold_per_floor":[118,118,132,146,162,192,192,202,202,215,241,261,271,26,26,121,121,133,150],"floor_reached":20,"campfire_rested":1,"playtime":2570,"current_hp_per_floor":[80,73,79,79,69,39,39,39,39,40,32,36,19,19,43,8,80,38,27],"items_purged":[],"gold":150,"play_id":"f85b0d4a-ca3c-41fa-be86-6734a21f1e67","is_prod":false,"is_daily":false,"is_ascension_mode":false,"campfire_upgraded":1,"path_taken":["M","?","M","M","M","E","R","M","T","?","E","M","M","$","R","BOSS","M","M","?"],"build_version":"2018-02-01-PROD3","purchased_purges":0,"victory":false,"master_deck":["Strike_R","Strike_R","Strike_R","Strike_R","Defend_R","Defend_R","Defend_R","Defend_R","Bash+1","Pommel Strike","Warcry","Headbutt","Shrug It Off","Shockwave","Metallicize","Brutality","Spot Weakness+1","Dropkick+1"],"max_hp_per_floor":[80,80,80,80,80,80,80,80,80,80,80,80,80,80,80,80,80,80,80],"relics":["Burning Blood","Bottled Flame","Ancient Tea Set","Oddly Smooth Stone","Toxic Egg 2","Question Card"],"card_choices":[{"not_picked":["Seeing Red","True Grit"],"picked":"Pommel Strike"},{"not_picked":["Rupture","Intimidate"],"picked":"Warcry"},{"not_picked":["Clothesline","Perfected Strike"],"picked":"Headbutt"},{"not_picked":["Feel No Pain","Flex"],"picked":"Shrug It Off"},{"not_picked":["Warcry","Blood for Blood"],"picked":"Shockwave"},{"not_picked":["True Grit","Headbutt"],"picked":"Metallicize"},{"not_picked":["Demon Form","Limit Break"],"picked":"Brutality"},{"not_picked":["Perfected Strike","Bloodletting","Seeing Red"],"picked":"Spot Weakness"},{"not_picked":["Clash","Warcry","Flex"],"picked":"Dropkick"}],"player_experience":56498,"potions_floor_usage":[6,8,10,11,16,20],"damage_taken":[{"damage":0,"enemies":"Cultist","floor":1,"turns":2},{"damage":0,"enemies":"2 Louse","floor":3,"turns":2},{"damage":6,"enemies":"Blue Slaver","floor":4,"turns":4},{"damage":16,"enemies":"Gremlin Gang","floor":5,"turns":5},{"damage":36,"enemies":"Lagavulin","floor":6,"turns":5},{"damage":6,"enemies":"Exordium Wildlife","floor":8,"turns":3},{"damage":5,"enemies":"Looter","floor":10,"turns":4},{"damage":14,"enemies":"Gremlin Nob","floor":11,"turns":4},{"damage":2,"enemies":"2 Fungi Beasts","floor":12,"turns":5},{"damage":23,"enemies":"Large Slime","floor":13,"turns":7},{"damage":56,"enemies":"The Guardian","floor":16,"turns":16},{"damage":48,"enemies":"Spheric Guardian","floor":18,"turns":9},{"damage":17,"enemies":"Shell Parasite","floor":19,"turns":7},{"damage":34,"enemies":"Cultist and Chosen","floor":20,"turns":6}],"event_choices":[{"event_name":"Golden Wing","player_choice":"Card Removal","floor":2,"damage_taken":0}],"boss_relics":[{"not_picked":["Philosopher\u0027s Stone","Runic Pyramid"],"picked":"Question Card"}],"potions_floor_spawned":[1,5,6,8,10,16,19],"seed_played":"-4104348294580770353","killed_by":"Cultist and Chosen","ascension_level":0,"is_trial":false}