{"gold_per_floor":[117,117,117,117,136,136,211,37,63,80,80,95,95,160,160,264,264,279,295,245,36,14,14,49,49,49,81,81,81],"floor_reached":29,"playtime":853,"items_purged":[],"score":299,"play_id":"c136ef72-65bd-4fb1-a940-b4e92fb0aadb","local_time":"20190716213546","is_ascension_mode":true,"campfire_choices":[{"floor":6,"key":"RECALL"},{"floor":11,"key":"REST"},{"data":"Mayhem","floor":13,"key":"SMITH"},{"data":"Echo Form","floor":15,"key":"SMITH"},{"data":"Electrodynamics","floor":23,"key":"SMITH"}],"neow_cost":"PERCENT_DAMAGE","seed_source_timestamp":443122643307157,"circlet_count":0,"master_deck":["Strike_B+1","Strike_B","Defend_B","Defend_B","Defend_B","Defend_B","Zap+1","Dualcast","Mayhem+1","Beam Cell","Echo Form+1","Electrodynamics+1","Gash","Beam Cell","Go for the Eyes","Scrape"],"relics":["Cracked Core","Thread and Needle","Lantern","Inserter","Dodecahedron","TheAbacus","Ice Cream","Bottled Tornado","Pantograph"],"potions_floor_usage":[12,14,14,14,14,16,27],"damage_taken":[{"damage":1,"enemies":"Cultist","floor":1,"turns":3},{"damage":0,"enemies":"2 Louse","floor":5,"turns":2},{"damage":0,"enemies":"Small Slimes","floor":10,"turns":3},{"damage":0,"enemies":"Red Slaver","floor":12,"turns":3},{"damage":17,"enemies":"Lagavulin Event","floor":14,"turns":5},{"damage":12,"enemies":"Hexaghost","floor":16,"turns":10},{"damage":27,"enemies":"Shell Parasite","floor":18,"turns":6},{"damage":19,"enemies":"Chosen","floor":19,"turns":5},{"damage":0,"enemies":"Gremlin Leader","floor":24,"turns":5},{"damage":20,"enemies":"Book of Stabbing","floor":27,"turns":6},{"damage":16,"enemies":"Slavers","floor":29,"turns":1}],"seed_played":"-556580810512547498","potions_obtained":[{"floor":1,"key":"SkillPotion"},{"floor":4,"key":"Block Potion"},{"floor":4,"key":"EntropicBrew"},{"floor":16,"key":"FairyPotion"},{"floor":19,"key":"Energy Potion"},{"floor":24,"key":"FocusPotion"}],"is_trial":false,"path_per_floor":["M","?","?","?","M","R","?","$","T","M","R","M","R","?","R","B",null,"M","M","?","$","$","R","E","$","T","E","?","E"],"character_chosen":"DEFECT","items_purchased":["Mayhem","TheAbacus","Beam Cell"],"campfire_rested":1,"item_purchase_floors":[8,21,22],"current_hp_per_floor":[53,38,35,35,35,35,24,24,24,24,46,46,46,44,44,32,75,48,29,29,29,29,29,29,29,29,9,9,0],"gold":81,"neow_bonus":"REMOVE_TWO","is_prod":false,"is_daily":false,"chose_seed":false,"campfire_upgraded":3,"win_rate":0,"timestamp":1563327346,"path_taken":["M","?","?","?","?","R","?","$","T","M","R","M","R","?","R","BOSS","M","M","?","?","$","R","E","$","T","E","?","E"],"build_version":"2019-07-05","purchased_purges":0,"victory":false,"max_hp_per_floor":[75,75,75,75,75,75,75,75,75,75,75,75,75,75,75,75,75,75,75,75,75,75,75,75,75,75,75,75,75],"card_choices":[{"not_picked":["Streamline","Reprogram","Doom and Gloom"],"picked":"SKIP","floor":1},{"not_picked":["Compile Driver","Barrage","Rebound"],"picked":"SKIP","floor":5},{"not_picked":["Genetic Algorithm","Doom and Gloom"],"picked":"Beam Cell","floor":10},{"not_picked":["Conserve Battery","Streamline","Doom and Gloom"],"picked":"SKIP","floor":12},{"not_picked":["Barrage","Blizzard"],"picked":"Echo Form","floor":14},{"not_picked":["Biased Cognition","Multi-Cast"],"picked":"Electrodynamics","floor":16},{"not_picked":["Streamline","Loop"],"picked":"Gash","floor":18},{"not_picked":["Recycle","Turbo","Coolheaded"],"picked":"SKIP","floor":19},{"not_picked":["Ball Lightning","Tempest"],"picked":"Go for the Eyes","floor":24},{"not_picked":["Core Surge","Rebound"],"picked":"Scrape","floor":27}],"player_experience":177438,"relics_obtained":[{"floor":14,"key":"Lantern"},{"floor":24,"key":"Ice Cream"},{"floor":26,"key":"Bottled Tornado"},{"floor":27,"key":"Pantograph"}],"event_choices":[{"damage_healed":0,"gold_gain":0,"player_choice":"Entered Light","damage_taken":15,"max_hp_gain":0,"max_hp_loss":0,"event_name":"Shining Light","floor":2,"gold_loss":0,"cards_upgraded":["Zap","Strike_B"]},{"damage_healed":0,"gold_gain":0,"player_choice":"Success","damage_taken":3,"relics_obtained":["Thread and Needle"],"max_hp_gain":0,"max_hp_loss":0,"event_name":"Scrap Ooze","floor":3,"gold_loss":0},{"damage_healed":0,"gold_gain":0,"player_choice":"Got Potions","damage_taken":0,"max_hp_gain":0,"max_hp_loss":0,"event_name":"Lab","floor":4,"gold_loss":0},{"damage_healed":0,"gold_gain":75,"player_choice":"Gather Gold","damage_taken":11,"max_hp_gain":0,"max_hp_loss":0,"event_name":"World of Goop","floor":7,"gold_loss":0},{"damage_healed":0,"gold_gain":30,"player_choice":"Searched \u00273\u0027 times","damage_taken":0,"max_hp_gain":0,"max_hp_loss":0,"event_name":"Dead Adventurer","floor":14,"gold_loss":0},{"damage_healed":0,"gold_gain":0,"player_choice":"Paid Gold","damage_taken":0,"relics_obtained":["Dodecahedron"],"max_hp_gain":0,"max_hp_loss":0,"event_name":"WeMeetAgain","floor":20,"gold_loss":50},{"damage_healed":0,"gold_gain":0,"player_choice":"Ignored","damage_taken":0,"max_hp_gain":0,"max_hp_loss":0,"event_name":"Vampires","floor":28,"gold_loss":0}],"is_beta":false,"boss_relics":[{"not_picked":["Busted Crown","FrozenCore"],"picked":"Inserter"}],"items_purged_floors":[],"is_endless":false,"potions_floor_spawned":[1,5,16,19,24],"killed_by":"Slavers","ascension_level":2}