{"path_per_floor":["M","$","M","M","?","R","E","R","T","M","M","R","?","M","R","B",null,"M","M"],"character_chosen":"THE_SILENT","items_purchased":["Infinite Blades"],"gold_per_floor":[213,137,157,170,170,170,213,213,237,251,274,274,304,323,323,419,419,432,451,451],"floor_reached":20,"campfire_rested":2,"playtime":1038,"current_hp_per_floor":[57,57,56,56,39,39,15,36,36,31,31,31,31,29,50,3,53,36,29,0],"items_purged":[],"gold":451,"score":290,"play_id":"031847d7-3d06-4827-afad-5ec6b6cd1660","local_time":"20180326233000","is_prod":false,"is_daily":false,"is_ascension_mode":true,"campfire_upgraded":2,"timestamp":1522099800,"path_taken":["M","$","M","M","?","R","E","R","T","M","M","R","?","M","R","BOSS","M","M","M"],"build_version":"2018-03-22v2","purchased_purges":0,"victory":false,"master_deck":["Defend_G","Defend_G","Defend_G","Defend_G","Strike_G","Strike_G","Strike_G+1","Survivor","Neutralize+1","AscendersBane","Infinite Blades","Acrobatics","Noxious Fumes+1","Bane","Cloak And Dagger+1","Tools of the Trade","All Out Attack+1","Dodge and Roll+1","Accuracy+1"],"max_hp_per_floor":[70,70,70,70,70,70,70,70,70,70,70,70,70,70,70,70,70,70,70,70],"relics":["Ring of the Snake","Golden Idol","Oddly Smooth Stone","Whetstone","Unceasing Top","Astrolabe"],"card_choices":[{"not_picked":["Sucker Punch","Underhanded Strike"],"picked":"Acrobatics","floor":3.0},{"not_picked":["Dagger Spray","Masterful Stab"],"picked":"Noxious Fumes","floor":4.0},{"not_picked":["Corpse Explosion","Choke"],"picked":"Bane","floor":7.0},{"not_picked":["Acrobatics","Slice"],"picked":"Cloak And Dagger","floor":10.0},{"not_picked":["Night Terror","Bullet Time"],"picked":"Tools of the Trade","floor":16}],"player_experience":463325,"potions_floor_usage":[19,20],"damage_taken":[{"damage":6.0,"enemies":"Small Slimes","floor":1.0,"turns":5.0},{"damage":1.0,"enemies":"2 Louse","floor":3.0,"turns":4.0},{"damage":0.0,"enemies":"Cultist","floor":4.0,"turns":4.0},{"damage":24.0,"enemies":"Lagavulin","floor":7.0,"turns":8.0},{"damage":5.0,"enemies":"Gremlin Gang","floor":10.0,"turns":4.0},{"damage":0.0,"enemies":"Exordium Thugs","floor":11.0,"turns":4.0},{"damage":2,"enemies":"2 Fungi Beasts","floor":14,"turns":3},{"damage":47,"enemies":"Slime Boss","floor":16,"turns":11},{"damage":17,"enemies":"Spheric Guardian","floor":18,"turns":5},{"damage":16,"enemies":"3 Byrds","floor":19,"turns":5},{"damage":36,"enemies":"Cultist and Chosen","floor":20,"turns":3}],"event_choices":[{"event_name":"Golden Idol","player_choice":"Take Damage","floor":5.0,"damage_taken":0.0},{"event_name":"Dead Adventurer","player_choice":"Searched \u00272\u0027 times","floor":13,"damage_taken":0}],"boss_relics":[{"not_picked":["The Specimen","Cursed Key"],"picked":"Astrolabe"}],"potions_floor_spawned":[1,3,11,16,18],"seed_played":"4643951724473176040","killed_by":"Cultist and Chosen","ascension_level":13,"is_trial":false}