{"gold_per_floor":[119,169,179,179,179,210,227,227,227,187,187,202,41,41],"floor_reached":14,"playtime":342,"items_purged":[],"score":226,"play_id":"b6ce1ca0-38f6-4f04-81d0-00064db47994","local_time":"20190309173600","is_ascension_mode":true,"campfire_choices":[{"data":"Neutralize","floor":8.0,"key":"SMITH"},{"data":"Quick Slash","floor":11,"key":"SMITH"}],"neow_cost":"NONE","seed_source_timestamp":52189228362860,"circlet_count":0,"master_deck":["AscendersBane","Defend_G","Defend_G","Defend_G","Defend_G","Defend_G","Strike_G","Strike_G","Strike_G","Strike_G","Strike_G","Survivor","Neutralize+1","Quick Slash+1","Dash","Caltrops","Blur","Backflip","Deflect","After Image"],"special_seed":0,"relics":["Ring of the Snake","NeowsBlessing","Pantograph","Gambling Chip","Ornamental Fan"],"potions_floor_usage":[],"damage_taken":[{"damage":0.0,"enemies":"Jaw Worm","floor":1.0,"turns":1.0},{"damage":0.0,"enemies":"Cultist","floor":3.0,"turns":1.0},{"damage":0.0,"enemies":"Lagavulin","floor":6.0,"turns":1.0},{"damage":2.0,"enemies":"2 Louse","floor":7.0,"turns":2.0},{"damage":1,"enemies":"Looter","floor":10,"turns":4},{"damage":3,"enemies":"Blue Slaver","floor":12,"turns":4},{"damage":42,"enemies":"Gremlin Gang","floor":14,"turns":4}],"seed_played":"-5320138554770694944","potions_obtained":[{"floor":7.0,"key":"Ancient Potion"},{"floor":12,"key":"Dexterity Potion"}],"is_trial":false,"path_per_floor":["M","?","M","?","?","E","M","R","T","M","R","M","$","M"],"character_chosen":"THE_SILENT","items_purchased":["After Image"],"campfire_rested":0,"item_purchase_floors":[13],"current_hp_per_floor":[59,59,59,48,48,48,46,46,46,45,45,42,42,0],"gold":41,"neow_bonus":"THREE_ENEMY_KILL","is_prod":false,"is_daily":false,"chose_seed":false,"campfire_upgraded":2,"win_rate":0,"timestamp":1552149360,"path_taken":["M","?","?","?","?","E","M","R","T","M","R","M","?","?"],"build_version":"2019-01-23","purchased_purges":0,"victory":false,"max_hp_per_floor":[66,66,66,66,66,66,66,66,66,66,66,66,66,66],"card_choices":[{"not_picked":["Outmaneuver","Sucker Punch"],"picked":"Quick Slash","floor":1.0},{"not_picked":["Crippling Poison","Backflip"],"picked":"Dash","floor":3.0},{"not_picked":["Accuracy","Venomology"],"picked":"Caltrops","floor":6.0},{"not_picked":["Sucker Punch","Dagger Spray"],"picked":"Blur","floor":7.0},{"not_picked":["Dagger Spray","Choke"],"picked":"Backflip","floor":10},{"not_picked":["Skewer","Caltrops"],"picked":"Deflect","floor":12}],"player_experience":962523,"relics_obtained":[{"floor":6.0,"key":"Gambling Chip"},{"floor":9.0,"key":"Ornamental Fan"}],"event_choices":[{"damage_healed":0.0,"max_hp_gain":0.0,"max_hp_loss":0.0,"gold_gain":50.0,"event_name":"Golden Shrine","player_choice":"Pray","floor":2.0,"gold_loss":0.0,"damage_taken":0.0},{"damage_healed":0.0,"max_hp_gain":0.0,"max_hp_loss":0.0,"gold_gain":0.0,"event_name":"Scrap Ooze","player_choice":"Success","floor":4.0,"gold_loss":0.0,"damage_taken":11.0,"relics_obtained":["Pantograph"]},{"damage_healed":0.0,"max_hp_gain":0.0,"max_hp_loss":0.0,"gold_gain":0.0,"event_name":"Liars Game","player_choice":"Ignored","floor":5.0,"gold_loss":0.0,"damage_taken":0.0}],"is_beta":false,"boss_relics":[],"items_purged_floors":[],"is_endless":false,"potions_floor_spawned":[7,12],"killed_by":"Gremlin Gang","ascension_level":20}