{"gold_per_floor":[115,65,65,140,160,216,291,291,291,345,87,98,98,117,117,214,214,214,214,214,214,214,214,214,214,214,20,20,20,20,20,20,20,20,20,20,20,20,20,20,20,20,20,20,20,20,20,20,20,20,20,20,20,20,20],"floor_reached":55,"playtime":1259,"items_purged":["Strike_R","Strike_R"],"score":768,"play_id":"7bae2257-a61f-451a-b3fb-2146e4cc7336","local_time":"20181208085315","is_ascension_mode":false,"campfire_choices":[{"floor":8,"key":"RECALL"},{"data":"Whirlwind","floor":13,"key":"SMITH"},{"data":"Spot Weakness","floor":15,"key":"SMITH"},{"data":"Bludgeon","floor":25,"key":"SMITH"},{"data":"Offering","floor":30,"key":"SMITH"},{"data":"Warcry","floor":32,"key":"SMITH"},{"data":"Limit Break","floor":40,"key":"SMITH"},{"data":"Flex","floor":44,"key":"SMITH"},{"data":"Warcry","floor":47,"key":"SMITH"},{"floor":49,"key":"REST"},{"data":"Defend_R","floor":52,"key":"SMITH"}],"neow_cost":"NONE","seed_source_timestamp":1209349302575244,"circlet_count":0,"master_deck":["Strike_R+1","Strike_R","Strike_R","Defend_R+1","Defend_R","Defend_R","Defend_R","Bash","Whirlwind+1","Flex+1","Spot Weakness+1","Headbutt","Bludgeon+1","Warcry+1","Necronomicurse","Flex+1","Warcry+1","Carnage+1","Offering+1","Flex+1","Limit Break+1","Thunderclap","Headbutt+1","Burning Pact+1"],"relics":["Burning Blood","NeowsBlessing","Tiny Chest","Letter Opener","Smiling Mask","Chemical X","Ectoplasm","Necronomicon","Pen Nib","Blood Vial","Meat on the Bone","Runic Pyramid","Torii","Old Coin","Dodecahedron","Bird Faced Urn","Vajra","Mercury Hourglass"],"potions_floor_usage":[16,18,24,33,36,50,55,55,55],"damage_taken":[{"damage":0,"enemies":"Small Slimes","floor":1,"turns":1},{"damage":0,"enemies":"2 Louse","floor":5,"turns":1},{"damage":0,"enemies":"Gremlin Nob","floor":6,"turns":1},{"damage":6,"enemies":"Jaw Worm","floor":12,"turns":2},{"damage":12,"enemies":"Blue Slaver","floor":14,"turns":2},{"damage":28,"enemies":"Hexaghost","floor":16,"turns":7},{"damage":10,"enemies":"Spheric Guardian","floor":18,"turns":3},{"damage":10,"enemies":"3 Byrds","floor":19,"turns":3},{"damage":0,"enemies":"3 Cultists","floor":21,"turns":1},{"damage":0,"enemies":"Centurion and Healer","floor":22,"turns":1},{"damage":0,"enemies":"Book of Stabbing","floor":24,"turns":1},{"damage":0,"enemies":"Snake Plant","floor":28,"turns":1},{"damage":0,"enemies":"Cultist and Chosen","floor":29,"turns":1},{"damage":36,"enemies":"Champ","floor":33,"turns":5},{"damage":5,"enemies":"Orb Walker","floor":35,"turns":2},{"damage":42,"enemies":"2 Orb Walkers","floor":36,"turns":3},{"damage":6,"enemies":"Mind Bloom Boss Battle","floor":37,"turns":3},{"damage":0,"enemies":"3 Darklings","floor":38,"turns":1},{"damage":6,"enemies":"Giant Head","floor":41,"turns":4},{"damage":15,"enemies":"Writhing Mass","floor":46,"turns":3},{"damage":6,"enemies":"Transient","floor":48,"turns":5},{"damage":42,"enemies":"Time Eater","floor":50,"turns":4},{"damage":39,"enemies":"Shield and Spear","floor":54,"turns":3},{"damage":87,"enemies":"The Heart","floor":55,"turns":3}],"seed_played":"2357385040808820375","potions_obtained":[{"floor":5,"key":"EssenceOfSteel"},{"floor":6,"key":"Dexterity Potion"},{"floor":16,"key":"Energy Potion"},{"floor":19,"key":"Energy Potion"},{"floor":22,"key":"LiquidBronze"},{"floor":29,"key":"Poison Potion"},{"floor":37,"key":"Explosive Potion"},{"floor":41,"key":"SteroidPotion"},{"floor":54,"key":"SteroidPotion"}],"is_trial":false,"path_per_floor":["M","$","?","?","M","E","T","R","T","T","$","M","R","M","R","B",null,"M","M","?","M","M","?","E","R","T","$","M","M","R","T","R","B",null,"M","?","?","M","T","R","E","?","T","R","$","M","R","M","R","B",null,"R","$","E","B"],"character_chosen":"IRONCLAD","items_purchased":["Flex","Chemical X","Offering"],"campfire_rested":1,"item_purchase_floors":[2,11,27],"current_hp_per_floor":[80,80,64,53,59,65,65,65,65,65,65,65,65,59,59,37,80,76,72,56,62,68,68,74,74,74,74,80,80,80,80,80,50,80,80,56,58,66,66,66,68,68,68,68,68,61,61,63,76,52,76,76,76,55,0],"gold":20,"neow_bonus":"THREE_ENEMY_KILL","is_prod":false,"is_daily":false,"chose_seed":false,"campfire_upgraded":9,"win_rate":0,"timestamp":1544280795,"path_taken":["M","$","?","?","M","E","?","R","T","?","$","M","R","M","R","BOSS","M","M","?","M","M","?","E","R","T","$","M","M","R","?","R","BOSS","M","?","?","M","?","R","E","?","T","R","$","?","R","M","R","BOSS","R","$","E","BOSS"],"build_version":"2018-12-06","purchased_purges":2,"victory":false,"max_hp_per_floor":[80,80,80,80,80,80,80,80,80,80,80,80,80,80,80,80,80,80,80,80,80,80,80,80,80,80,80,80,80,80,80,80,80,80,80,80,80,80,80,80,80,76,76,76,76,76,76,76,76,76,76,76,76,76,76],"card_choices":[{"not_picked":["Shrug It Off","Uppercut"],"picked":"Whirlwind","floor":1},{"not_picked":["Pommel Strike","Heavy Blade"],"picked":"Spot Weakness","floor":5},{"not_picked":["Second Wind","Metallicize"],"picked":"Headbutt","floor":6},{"not_picked":["Twin Strike","Thunderclap","Clash"],"picked":"SKIP","floor":12},{"not_picked":["Iron Wave","Clothesline","Uppercut"],"picked":"SKIP","floor":14},{"not_picked":["Dark Embrace","Feed"],"picked":"Bludgeon","floor":16},{"not_picked":["Clash","Metallicize"],"picked":"Warcry","floor":18},{"not_picked":["Clothesline+1","Combust","Sword Boomerang"],"picked":"SKIP","floor":19},{"not_picked":["Sword Boomerang+1","Disarm+1"],"picked":"Flex","floor":21},{"not_picked":["Disarm","Anger"],"picked":"Warcry","floor":22},{"not_picked":["Reckless Charge","Wild Strike"],"picked":"Carnage+1","floor":24},{"not_picked":["Blood for Blood+1","Sword Boomerang","Shockwave+1"],"picked":"SKIP","floor":28},{"not_picked":["Clothesline","Sever Soul+1"],"picked":"Flex+1","floor":29},{"not_picked":["Dark Embrace","Exhume"],"picked":"Limit Break","floor":33},{"not_picked":["Armaments+1","Infernal Blade","Searing Blow"],"picked":"SKIP","floor":35},{"not_picked":["Spot Weakness+1","Warcry"],"picked":"Thunderclap","floor":37},{"not_picked":["Metallicize+1","Corruption+1","Headbutt+1"],"picked":"SKIP","floor":38},{"not_picked":["Barricade","Corruption","Headbutt+1"],"picked":"SKIP","floor":41},{"not_picked":["Havoc","Clothesline","Body Slam"],"picked":"SKIP","floor":46},{"not_picked":["Rupture","Iron Wave+1"],"picked":"Headbutt+1","floor":48},{"not_picked":["Pommel Strike+1","Cleave+1"],"picked":"Burning Pact+1","floor":54}],"player_experience":717321,"relics_obtained":[{"floor":6,"key":"Tiny Chest"},{"floor":9,"key":"Letter Opener"},{"floor":10,"key":"Smiling Mask"},{"floor":20,"key":"Necronomicon"},{"floor":24,"key":"Pen Nib"},{"floor":26,"key":"Blood Vial"},{"floor":31,"key":"Meat on the Bone"},{"floor":36,"key":"Torii"},{"floor":37,"key":"Old Coin"},{"floor":39,"key":"Dodecahedron"},{"floor":41,"key":"Bird Faced Urn"},{"floor":43,"key":"Vajra"},{"floor":54,"key":"Mercury Hourglass"}],"event_choices":[{"damage_healed":0,"gold_gain":0,"player_choice":"Entered Light","damage_taken":16,"max_hp_gain":0,"max_hp_loss":0,"event_name":"Shining Light","floor":3,"gold_loss":0,"cards_upgraded":["Flex","Strike_R"]},{"damage_healed":0,"gold_gain":75,"player_choice":"Gather Gold","damage_taken":11,"max_hp_gain":0,"max_hp_loss":0,"event_name":"World of Goop","floor":4,"gold_loss":0},{"damage_healed":0,"gold_gain":0,"player_choice":"Obtained Book","damage_taken":16,"max_hp_gain":0,"max_hp_loss":0,"event_name":"Cursed Tome","floor":20,"gold_loss":0},{"damage_healed":0,"gold_gain":0,"player_choice":"Ignored","damage_taken":0,"max_hp_gain":0,"max_hp_loss":0,"event_name":"Ghosts","floor":23,"gold_loss":0},{"damage_healed":0,"gold_gain":0,"player_choice":"Fight","damage_taken":0,"max_hp_gain":0,"max_hp_loss":0,"event_name":"Mysterious Sphere","floor":36,"gold_loss":0},{"damage_healed":0,"gold_gain":0,"player_choice":"Fight","damage_taken":0,"max_hp_gain":0,"max_hp_loss":0,"event_name":"MindBloom","floor":37,"gold_loss":0},{"damage_healed":0,"gold_gain":0,"player_choice":"Max HP","damage_taken":0,"max_hp_gain":0,"max_hp_loss":4,"event_name":"Winding Halls","floor":42,"gold_loss":0}],"is_beta":false,"boss_relics":[{"not_picked":["Black Star","White Beast Statue"],"picked":"Ectoplasm"},{"not_picked":["Velvet Choker","Calling Bell"],"picked":"Runic Pyramid"}],"items_purged_floors":[11,27],"is_endless":false,"potions_floor_spawned":[5,6,16,19,22,29,37,41,48,54],"killed_by":"The Heart","ascension_level":0}