{"gold_per_floor":[118,118,133,133,133,164,184,203,203,229,229,256,266,279,279,376,376,389,488,338,338,355,355,368,379,379,397,297,315,315,335,335,438,438],"floor_reached":34,"playtime":1596,"items_purged":["Defend_G","Strike_G"],"score":391,"play_id":"48c9ad1a-1e44-463e-89dc-46bac167df3b","local_time":"20190713230704","is_ascension_mode":false,"campfire_choices":[{"data":"Acrobatics","floor":11.0,"key":"SMITH"},{"data":"Tools of the Trade","floor":15.0,"key":"SMITH"},{"data":"Prepared","floor":23.0,"key":"SMITH"},{"data":"Footwork","floor":32,"key":"SMITH"}],"neow_cost":"NONE","seed_source_timestamp":449896904883774,"circlet_count":0,"master_deck":["Defend_G","Defend_G","Defend_G","Survivor","Neutralize+1","PiercingWail","Strike_R","Quick Slash","Deflect","Cloak And Dagger","Acrobatics+1","Acrobatics","Tools of the Trade+1","Unload","Prepared+1","Adrenaline","Footwork+1","After Image","Flechettes+1","Quick Slash+1","Backstab+1"],"special_seed":0,"relics":["Ring of the Snake","NeowsBlessing","Sundial","Tingsha","Odd Mushroom","Turnip","Runic Pyramid","Blood Vial","Astrolabe"],"potions_floor_usage":[33,33],"damage_taken":[{"damage":0.0,"enemies":"Small Slimes","floor":1.0,"turns":1.0},{"damage":0.0,"enemies":"Cultist","floor":3.0,"turns":1.0},{"damage":0.0,"enemies":"Gremlin Nob","floor":6.0,"turns":1.0},{"damage":0.0,"enemies":"2 Louse","floor":7.0,"turns":2.0},{"damage":5.0,"enemies":"Lots of Slimes","floor":8.0,"turns":3.0},{"damage":10.0,"enemies":"The Mushroom Lair","floor":10.0,"turns":6.0},{"damage":20.0,"enemies":"Lagavulin","floor":12.0,"turns":7.0},{"damage":2.0,"enemies":"3 Louse","floor":13.0,"turns":4.0},{"damage":5.0,"enemies":"Looter","floor":14.0,"turns":3.0},{"damage":15.0,"enemies":"Slime Boss","floor":16.0,"turns":10.0},{"damage":2.0,"enemies":"Chosen","floor":18.0,"turns":4.0},{"damage":7.0,"enemies":"Shell Parasite","floor":22.0,"turns":4.0},{"damage":0.0,"enemies":"Snecko","floor":24.0,"turns":4.0},{"damage":5.0,"enemies":"Cultist and Chosen","floor":25.0,"turns":4.0},{"damage":18.0,"enemies":"3 Cultists","floor":27.0,"turns":5.0},{"damage":2,"enemies":"Snecko","floor":29,"turns":4},{"damage":0,"enemies":"Chosen and Byrds","floor":31,"turns":4},{"damage":27,"enemies":"Automaton","floor":33,"turns":11}],"seed_played":"7429972955409161102","potions_obtained":[{"floor":1.0,"key":"Fire Potion"},{"floor":8.0,"key":"Strength Potion"},{"floor":10.0,"key":"Regen Potion"},{"floor":13.0,"key":"Fire Potion"},{"floor":29,"key":"FearPotion"},{"floor":31,"key":"SkillPotion"},{"floor":33,"key":"Swift Potion"}],"is_trial":false,"path_per_floor":["M","?","M","T","?","E","M","M","T","?","R","E","M","M","R","B",null,"M","?","$","?","M","R","M","M","T","M","$","M","?","M","R","B",null],"character_chosen":"THE_SILENT","items_purchased":["GhostInAJar"],"campfire_rested":0,"item_purchase_floors":[20],"current_hp_per_floor":[70,70,70,70,70,70,70,65,65,55,55,35,33,28,28,13,70,68,68,68,68,61,61,61,56,56,40,40,40,40,42,42,17,70],"gold":438,"neow_bonus":"THREE_ENEMY_KILL","is_prod":false,"is_daily":false,"chose_seed":false,"campfire_upgraded":4,"win_rate":0,"timestamp":1563026824,"path_taken":["M","?","?","?","?","E","?","M","T","?","R","E","M","M","R","BOSS","M","?","$","?","?","R","M","M","T","M","$","M","?","M","R","BOSS"],"build_version":"2019-07-05","purchased_purges":2,"victory":false,"max_hp_per_floor":[70,70,70,70,70,70,70,70,70,70,70,70,70,70,70,70,70,70,70,70,70,70,70,70,70,70,70,70,70,70,70,70,70,70],"card_choices":[{"not_picked":["Terror","Deadly Poison"],"picked":"PiercingWail","floor":1.0},{"not_picked":["Skewer","Deflect"],"picked":"Quick Slash","floor":3.0},{"not_picked":["Leg Sweep","Distraction"],"picked":"Deflect","floor":6.0},{"not_picked":["Endless Agony","Deflect","Underhanded Strike"],"picked":"SKIP","floor":7.0},{"not_picked":["Flying Knee","Underhanded Strike"],"picked":"Cloak And Dagger","floor":8.0},{"not_picked":["Choke","Escape Plan"],"picked":"Acrobatics","floor":10.0},{"not_picked":["Escape Plan","Underhanded Strike"],"picked":"Acrobatics","floor":12.0},{"not_picked":["Finisher","Flying Knee"],"picked":"Tools of the Trade","floor":13.0},{"not_picked":["Crippling Poison","Outmaneuver","Quick Slash"],"picked":"SKIP","floor":14.0},{"not_picked":["Bullet Time","Die Die Die"],"picked":"Unload","floor":16.0},{"not_picked":["Expertise","Leg Sweep+1"],"picked":"Prepared","floor":18.0},{"not_picked":["Deadly Poison","Setup","Masterful Stab+1"],"picked":"SKIP","floor":22.0},{"not_picked":["Endless Agony","Backflip","Dagger Throw+1"],"picked":"SKIP","floor":24.0},{"not_picked":["Cloak And Dagger","Unload","Dagger Spray"],"picked":"SKIP","floor":25.0},{"not_picked":["PiercingWail","Dagger Spray","Quick Slash"],"picked":"SKIP","floor":27.0},{"not_picked":["Backflip","Blade Dance"],"picked":"Adrenaline","floor":29},{"not_picked":["Slice+1","Deadly Poison"],"picked":"Footwork","floor":31},{"not_picked":["Die Die Die","Wraith Form v2"],"picked":"After Image","floor":33}],"player_experience":981103,"relics_obtained":[{"floor":4.0,"key":"Sundial"},{"floor":6.0,"key":"Tingsha"},{"floor":10.0,"key":"Odd Mushroom"},{"floor":12.0,"key":"Turnip"},{"floor":26.0,"key":"Blood Vial"}],"event_choices":[{"cards_removed":["Strike_G"],"damage_healed":0.0,"max_hp_gain":0.0,"max_hp_loss":0.0,"gold_gain":0.0,"event_name":"NoteForYourself","player_choice":"Took Card","floor":2.0,"gold_loss":0.0,"damage_taken":0.0,"cards_obtained":["Strike_R"]},{"damage_healed":0.0,"max_hp_gain":0.0,"max_hp_loss":0.0,"gold_gain":0.0,"event_name":"Accursed Blacksmith","player_choice":"Forge","floor":5.0,"gold_loss":0.0,"damage_taken":0.0,"cards_upgraded":["Neutralize"]},{"damage_healed":0.0,"max_hp_gain":0.0,"max_hp_loss":0.0,"gold_gain":0.0,"event_name":"Mushrooms","player_choice":"Fought Mushrooms","floor":10.0,"gold_loss":0.0,"damage_taken":0.0},{"damage_healed":0.0,"max_hp_gain":0.0,"max_hp_loss":0.0,"gold_gain":99.0,"event_name":"Nest","player_choice":"Stole From Cult","floor":19.0,"gold_loss":0.0,"damage_taken":0.0},{"cards_removed":["Strike_G"],"damage_healed":0.0,"max_hp_gain":0.0,"max_hp_loss":0.0,"gold_gain":0.0,"event_name":"Wheel of Change","player_choice":"Card Removal","floor":21.0,"gold_loss":0.0,"damage_taken":0.0},{"damage_healed":0,"gold_gain":0,"player_choice":"Ignored","damage_taken":0,"max_hp_gain":0,"max_hp_loss":0,"event_name":"Cursed Tome","floor":30,"gold_loss":0}],"is_beta":false,"boss_relics":[{"not_picked":["Runic Dome","Tiny House"],"picked":"Runic Pyramid"},{"not_picked":["Snecko Eye","White Beast Statue"],"picked":"Astrolabe"}],"items_purged_floors":[20,28],"is_endless":false,"potions_floor_spawned":[1,8,10,13,29,31,33],"ascension_level":0}