{"gold_per_floor":[18,30,30,30,30,30,50,61,61,79,79,79,79,4,4,4],"floor_reached":16,"playtime":491,"items_purged":["Strike_B"],"score":180,"play_id":"4eab82d8-2225-4747-b368-e3d657d462cc","local_time":"20190303103624","is_ascension_mode":true,"campfire_choices":[{"data":"Zap","floor":6,"key":"SMITH"},{"data":"Reprogram","floor":11,"key":"SMITH"},{"data":"Dualcast","floor":13,"key":"SMITH"},{"data":"Barrage","floor":15,"key":"SMITH"}],"neow_cost":"NO_GOLD","seed_source_timestamp":175610023278401,"circlet_count":0,"master_deck":["AscendersBane","Strike_B","Strike_B","Defend_B","Defend_B","Defend_B","Zap+1","Dualcast+1","Barrage+1","Turbo","Reprogram+1","Sweeping Beam","Static Discharge"],"relics":["Cracked Core","Frozen Egg 2"],"potions_floor_usage":[7],"damage_taken":[{"damage":1,"enemies":"Cultist","floor":1,"turns":3},{"damage":7,"enemies":"Small Slimes","floor":2,"turns":3},{"damage":0,"enemies":"2 Louse","floor":7,"turns":2},{"damage":12,"enemies":"Looter","floor":8,"turns":3},{"damage":16,"enemies":"Blue Slaver","floor":10,"turns":3},{"damage":21,"enemies":"The Guardian","floor":16,"turns":5}],"seed_played":"-2206245461433105123","potions_obtained":[{"floor":1,"key":"Fire Potion"},{"floor":8,"key":"Fire Potion"}],"is_trial":false,"path_per_floor":["M","M","$","?","?","R","M","M","T","M","R","?","R","$","R","B"],"character_chosen":"DEFECT","items_purchased":[],"campfire_rested":0,"item_purchase_floors":[],"current_hp_per_floor":[63,56,56,56,49,49,49,37,37,21,21,21,21,21,21,0],"gold":4,"neow_bonus":"TRANSFORM_TWO_CARDS","is_prod":false,"is_daily":false,"chose_seed":false,"campfire_upgraded":4,"win_rate":0,"timestamp":1551605784,"path_taken":["M","M","$","?","?","R","M","M","T","M","R","?","R","?","R","BOSS"],"build_version":"2019-01-23","purchased_purges":1,"victory":false,"max_hp_per_floor":[71,71,71,71,71,71,71,71,71,71,71,71,71,71,71,71],"card_choices":[{"not_picked":["Doom and Gloom","Turbo","Stack"],"picked":"SKIP","floor":1},{"not_picked":["Doom and Gloom","Stack"],"picked":"Turbo","floor":1},{"not_picked":["Sunder","Hello World"],"picked":"Reprogram","floor":2},{"not_picked":["FTL","Rip and Tear"],"picked":"Sweeping Beam","floor":7},{"not_picked":["Gash","Hologram"],"picked":"Static Discharge","floor":8},{"not_picked":["Go for the Eyes","Static Discharge+1","Lockon"],"picked":"SKIP","floor":10}],"player_experience":927992,"relics_obtained":[{"floor":9,"key":"Frozen Egg 2"}],"event_choices":[{"damage_healed":0,"gold_gain":0,"player_choice":"Leave","damage_taken":0,"max_hp_gain":0,"max_hp_loss":0,"event_name":"The Cleric","floor":4,"gold_loss":0},{"cards_removed":["Aggregate"],"damage_healed":0,"gold_gain":0,"player_choice":"Card Removal","damage_taken":7,"max_hp_gain":0,"max_hp_loss":0,"event_name":"Golden Wing","floor":5,"gold_loss":0},{"damage_healed":0,"gold_gain":0,"player_choice":"Ignored","damage_taken":0,"max_hp_gain":0,"max_hp_loss":0,"event_name":"Shining Light","floor":12,"gold_loss":0}],"is_beta":false,"boss_relics":[],"items_purged_floors":[14],"is_endless":false,"potions_floor_spawned":[1,8],"killed_by":"The Guardian","ascension_level":20}