{"gold_per_floor":[18,293,306,24,39,39,65,76,76,87,99,109,127,27,27,27],"floor_reached":16,"playtime":404,"items_purged":["Regret","Bash"],"score":106,"play_id":"75849f0a-d789-4a42-8b1f-e90fb4675b89","local_time":"20190730192038","is_ascension_mode":false,"campfire_choices":[{"data":"Bludgeon","floor":6,"key":"SMITH"},{"data":"Limit Break","floor":15,"key":"SMITH"}],"neow_cost":"NO_GOLD","seed_source_timestamp":1645075647442001,"circlet_count":0,"master_deck":["Strike_R","Strike_R","Strike_R","Strike_R","Strike_R","Defend_R","Defend_R","Defend_R","Defend_R","Bludgeon+1","Thunderclap","Limit Break+1","Flex"],"relics":["Burning Blood","TheAbacus","Self Forming Clay","Meat on the Bone"],"potions_floor_usage":[16,16],"damage_taken":[{"damage":8,"enemies":"2 Louse","floor":1,"turns":3},{"damage":8,"enemies":"Cultist","floor":3,"turns":3},{"damage":0,"enemies":"Small Slimes","floor":5,"turns":2},{"damage":30,"enemies":"Lagavulin","floor":7,"turns":6},{"damage":8,"enemies":"Red Slaver","floor":8,"turns":3},{"damage":6,"enemies":"Blue Slaver","floor":10,"turns":3},{"damage":9,"enemies":"2 Fungi Beasts","floor":11,"turns":2},{"damage":5,"enemies":"Looter","floor":12,"turns":2},{"damage":12,"enemies":"Blue Slaver","floor":13,"turns":2},{"damage":71,"enemies":"Slime Boss","floor":16,"turns":8}],"seed_played":"371749757243851737","potions_obtained":[{"floor":1,"key":"Regen Potion"},{"floor":7,"key":"Ancient Potion"},{"floor":8,"key":"GamblersBrew"},{"floor":11,"key":"Poison Potion"}],"is_trial":false,"path_per_floor":["M","?","M","$","M","R","E","M","T","M","M","M","M","$","R","B"],"character_chosen":"IRONCLAD","items_purchased":["TheAbacus"],"campfire_rested":0,"item_purchase_floors":[4],"current_hp_per_floor":[78,78,76,76,80,80,56,54,54,54,51,52,58,58,58,0],"gold":27,"neow_bonus":"THREE_RARE_CARDS","is_prod":false,"is_daily":false,"chose_seed":false,"campfire_upgraded":2,"win_rate":0,"timestamp":1564528838,"path_taken":["M","?","M","$","?","R","E","?","T","M","M","M","M","$","R","BOSS"],"build_version":"2019-07-17","purchased_purges":2,"victory":false,"max_hp_per_floor":[80,80,80,80,80,80,80,80,80,80,80,80,80,80,80,80],"card_choices":[{"not_picked":["Impervious","Exhume"],"picked":"Bludgeon","floor":0},{"not_picked":["Entrench","Blood for Blood","Wild Strike"],"picked":"SKIP","floor":1},{"not_picked":["Combust","Entrench","Clash"],"picked":"SKIP","floor":3},{"not_picked":["Cleave","Searing Blow","Wild Strike"],"picked":"SKIP","floor":5},{"not_picked":["Inflame","Pommel Strike"],"picked":"Thunderclap","floor":7},{"not_picked":["Havoc","Armaments","Feel No Pain"],"picked":"SKIP","floor":8},{"not_picked":["Thunderclap","Iron Wave","Havoc"],"picked":"SKIP","floor":10},{"not_picked":["Inflame","Sword Boomerang"],"picked":"Limit Break","floor":11},{"not_picked":["Bloodletting","True Grit","Infernal Blade"],"picked":"SKIP","floor":12},{"not_picked":["Wild Strike","Perfected Strike"],"picked":"Flex","floor":13}],"player_experience":235254,"relics_obtained":[{"floor":7,"key":"Self Forming Clay"},{"floor":9,"key":"Meat on the Bone"}],"event_choices":[{"damage_healed":0,"gold_gain":275,"player_choice":"Desecrate","damage_taken":0,"max_hp_gain":0,"max_hp_loss":0,"event_name":"Golden Shrine","floor":2,"gold_loss":0,"cards_obtained":["Regret"]}],"is_beta":false,"boss_relics":[],"items_purged_floors":[4,14],"is_endless":false,"potions_floor_spawned":[1,7,8,11],"killed_by":"Slime Boss","ascension_level":0}