{"gold_per_floor":[117,117,129,146,44,44,75,75,98,115,127,154,213,288,288,389,389,359,64,64,64,64,64,64,64,64,64,64,64,64,64,64,64,64,64,64,64,64,64,64,64,64,64,64,64,64,0,0,0,0],"floor_reached":50,"playtime":2354,"items_purged":["Defend_R","Defend_R"],"score":652,"play_id":"66e81dc3-3ee5-408c-946c-752e1ff1d48f","local_time":"20190701213617","is_ascension_mode":true,"campfire_choices":[{"data":"Apotheosis","floor":6,"key":"SMITH"},{"data":"Flex","floor":8,"key":"SMITH"},{"data":"Dark Shackles","floor":15,"key":"SMITH"},{"data":"Limit Break","floor":24,"key":"SMITH"},{"data":"Limit Break","floor":28,"key":"SMITH"},{"data":"Flex","floor":32,"key":"SMITH"},{"data":"Offering","floor":40,"key":"SMITH"},{"data":"Flex","floor":42,"key":"SMITH"},{"data":"Bludgeon","floor":44,"key":"SMITH"},{"data":"Whirlwind","floor":49,"key":"SMITH"}],"neow_cost":"PERCENT_DAMAGE","seed_source_timestamp":1568313308869804,"circlet_count":0,"master_deck":["Defend_R+1","Dark Shackles+1","Apotheosis+1","Battle Trance+1","Flex+1","Bludgeon+1","Flex+1","Limit Break+1","Pummel","Limit Break+1","Flex+1","Bite","Bite","Bite","Bite","Bite","Battle Trance","Rampage","Spot Weakness+1","Offering+1","Brutality","Inflame","Whirlwind+1"],"relics":["Burning Blood","Art of War","War Paint","Odd Mushroom","Vajra","Ectoplasm","DollysMirror","Oddly Smooth Stone","Meat on the Bone","Boot","Eternal Feather","Smiling Mask","Ornamental Fan","Pear","Red Mask"],"potions_floor_usage":[23,33,33,50,50],"damage_taken":[{"damage":0,"enemies":"Jaw Worm","floor":1,"turns":4},{"damage":0,"enemies":"Cultist","floor":3,"turns":3},{"damage":0,"enemies":"Small Slimes","floor":4,"turns":3},{"damage":13,"enemies":"Lagavulin","floor":7,"turns":5},{"damage":9,"enemies":"2 Fungi Beasts","floor":10,"turns":3},{"damage":0,"enemies":"Large Slime","floor":11,"turns":3},{"damage":10,"enemies":"The Mushroom Lair","floor":12,"turns":4},{"damage":3,"enemies":"Gremlin Nob","floor":13,"turns":3},{"damage":18,"enemies":"Slime Boss","floor":16,"turns":5},{"damage":11,"enemies":"2 Thieves","floor":18,"turns":2},{"damage":4,"enemies":"Shell Parasite","floor":20,"turns":3},{"damage":9,"enemies":"Centurion and Healer","floor":21,"turns":4},{"damage":44,"enemies":"Slavers","floor":23,"turns":4},{"damage":0,"enemies":"Snake Plant","floor":27,"turns":2},{"damage":6,"enemies":"3 Cultists","floor":30,"turns":3},{"damage":14,"enemies":"Centurion and Healer","floor":31,"turns":3},{"damage":33,"enemies":"Automaton","floor":33,"turns":6},{"damage":14,"enemies":"3 Shapes","floor":35,"turns":2},{"damage":11,"enemies":"3 Darklings","floor":38,"turns":4},{"damage":46,"enemies":"Transient","floor":39,"turns":5},{"damage":45,"enemies":"Nemesis","floor":41,"turns":5},{"damage":18,"enemies":"Giant Head","floor":45,"turns":4},{"damage":7,"enemies":"Jaw Worm Horde","floor":46,"turns":3},{"damage":19,"enemies":"Writhing Mass","floor":48,"turns":2},{"damage":73,"enemies":"Donu and Deca","floor":50,"turns":3}],"seed_played":"-8604632471065710624","potions_obtained":[{"floor":3,"key":"Explosive Potion"},{"floor":4,"key":"Poison Potion"},{"floor":11,"key":"PowerPotion"},{"floor":13,"key":"Regen Potion"},{"floor":23,"key":"Swift Potion"},{"floor":27,"key":"Strength Potion"},{"floor":33,"key":"LiquidBronze"},{"floor":35,"key":"GamblersBrew"},{"floor":46,"key":"AttackPotion"}],"is_trial":false,"path_per_floor":["M","?","M","M","$","R","E","R","T","M","M","?","?","?","R","B",null,"M","$","M","M","?","E","R","T","T","M","R","?","M","M","R","B",null,"M","?","$","M","M","R","E","R","T","R","E","M","?","M","R","B"],"character_chosen":"IRONCLAD","items_purchased":["Flex","DollysMirror"],"campfire_rested":0,"item_purchase_floors":[5,19],"current_hp_per_floor":[62,62,68,74,74,74,67,67,67,64,70,66,69,61,61,49,80,75,75,77,74,56,27,27,27,27,42,42,42,50,51,51,38,56,52,52,52,56,41,53,36,48,48,56,63,66,66,53,65,0],"gold":0,"neow_bonus":"RANDOM_COLORLESS_2","is_prod":false,"is_daily":false,"chose_seed":false,"campfire_upgraded":10,"win_rate":0,"timestamp":1562031377,"path_taken":["M","?","M","?","$","R","E","R","T","M","?","?","?","?","R","BOSS","M","$","?","?","?","E","R","?","T","M","R","?","M","M","R","BOSS","M","?","?","?","?","R","E","R","T","R","E","M","?","M","R","BOSS"],"build_version":"2019-07-01","purchased_purges":2,"victory":false,"max_hp_per_floor":[80,80,80,80,80,80,80,80,80,80,80,80,80,80,80,80,80,80,80,80,80,56,56,56,56,56,56,56,56,56,56,56,56,56,56,56,56,56,56,56,56,56,56,56,66,66,66,66,66,66],"card_choices":[{"not_picked":["Power Through","Pummel"],"picked":"Battle Trance","floor":1},{"not_picked":["Headbutt","Thunderclap"],"picked":"Pommel Strike","floor":3},{"not_picked":["Shrug It Off","Shockwave","Ghostly Armor"],"picked":"SKIP","floor":4},{"not_picked":["Anger","True Grit"],"picked":"Bludgeon","floor":7},{"not_picked":["Ghostly Armor","True Grit","Twin Strike"],"picked":"SKIP","floor":10},{"not_picked":["Warcry","Heavy Blade","Body Slam"],"picked":"SKIP","floor":11},{"not_picked":["Heavy Blade","Armaments"],"picked":"Flex","floor":12},{"not_picked":["Bludgeon","Fiend Fire"],"picked":"Limit Break","floor":16},{"not_picked":["Clash","Metallicize"],"picked":"Pummel","floor":18},{"not_picked":["Perfected Strike","Twin Strike","Anger"],"picked":"SKIP","floor":20},{"not_picked":["Reckless Charge","Twin Strike"],"picked":"Flex","floor":21},{"not_picked":["Evolve","Carnage","Anger+1"],"picked":"SKIP","floor":23},{"not_picked":["Anger","Cleave"],"picked":"Battle Trance","floor":27},{"not_picked":["Havoc","Cleave"],"picked":"Rampage","floor":30},{"not_picked":["Havoc","Perfected Strike+1"],"picked":"Spot Weakness+1","floor":31},{"not_picked":["Double Tap","Brutality"],"picked":"Offering","floor":33},{"not_picked":["Carnage","Headbutt+1","Perfected Strike+1"],"picked":"SKIP","floor":35},{"not_picked":["Clash","Iron Wave+1","Pommel Strike+1"],"picked":"SKIP","floor":38},{"not_picked":["Thunderclap+1","Flame Barrier+1","Clothesline"],"picked":"SKIP","floor":39},{"not_picked":["True Grit","Anger+1","Shrug It Off+1"],"picked":"SKIP","floor":41},{"not_picked":["Pommel Strike+1","Perfected Strike+1"],"picked":"Inflame","floor":45},{"not_picked":["Metallicize","Clash","True Grit"],"picked":"SKIP","floor":46},{"not_picked":["Reaper","Hemokinesis+1"],"picked":"Whirlwind","floor":48}],"player_experience":100454,"relics_obtained":[{"floor":7,"key":"Art of War"},{"floor":9,"key":"War Paint"},{"floor":12,"key":"Odd Mushroom"},{"floor":13,"key":"Vajra"},{"floor":23,"key":"Oddly Smooth Stone"},{"floor":25,"key":"Meat on the Bone"},{"floor":26,"key":"Boot"},{"floor":41,"key":"Smiling Mask"},{"floor":43,"key":"Ornamental Fan"},{"floor":45,"key":"Pear"}],"event_choices":[{"cards_removed":["Defend_R"],"damage_healed":0,"gold_gain":0,"player_choice":"Purged","damage_taken":0,"max_hp_gain":0,"max_hp_loss":0,"event_name":"Purifier","floor":2,"gold_loss":0},{"damage_healed":0,"gold_gain":0,"player_choice":"Fought Mushrooms","damage_taken":0,"max_hp_gain":0,"max_hp_loss":0,"event_name":"Mushrooms","floor":12,"gold_loss":0},{"damage_healed":0,"gold_gain":0,"player_choice":"Searched \u00272\u0027 times","damage_taken":0,"max_hp_gain":0,"max_hp_loss":0,"event_name":"Dead Adventurer","floor":13,"gold_loss":0},{"damage_healed":0,"gold_gain":75,"player_choice":"Touch","damage_taken":8,"max_hp_gain":0,"max_hp_loss":0,"event_name":"FaceTrader","floor":14,"gold_loss":0},{"damage_healed":0,"gold_gain":0,"player_choice":"Became a vampire","damage_taken":0,"max_hp_gain":0,"max_hp_loss":24,"event_name":"Vampires","floor":22,"gold_loss":0,"cards_obtained":["Bite","Bite","Bite","Bite","Bite"]},{"cards_removed":["Bash"],"damage_healed":0,"gold_gain":0,"player_choice":"Elegance","damage_taken":0,"max_hp_gain":0,"max_hp_loss":0,"event_name":"Back to Basics","floor":29,"gold_loss":0},{"damage_healed":0,"gold_gain":0,"cards_transformed":["Pommel Strike"],"player_choice":"Transformed","damage_taken":0,"max_hp_gain":0,"max_hp_loss":0,"event_name":"Transmorgrifier","floor":36,"gold_loss":0,"cards_obtained":["Brutality"]},{"damage_healed":0,"gold_gain":0,"player_choice":"Paid","damage_taken":0,"relics_obtained":["Red Mask"],"max_hp_gain":0,"max_hp_loss":0,"event_name":"Tomb of Lord Red Mask","floor":47,"gold_loss":64}],"is_beta":false,"boss_relics":[{"not_picked":["Fusion Hammer","White Beast Statue"],"picked":"Ectoplasm"},{"not_picked":["Cursed Key","Calling Bell"],"picked":"Eternal Feather"}],"items_purged_floors":[5,19],"is_endless":false,"potions_floor_spawned":[3,4,11,13,20,23,27,33,35,45,46],"killed_by":"Donu and Deca","ascension_level":2}