{"gold_per_floor":[117,133,145,163,163,192,209,227,252,6,6,6,23,49,49,147,147,161,181,181,58,73,73,85,114,138,158,192,205,230,301,301,398,398,408,25,25,40,59,94,94,124,175,195,205,217,217,263,263,263],"floor_reached":50,"playtime":2270,"items_purged":["Pain"],"score":758,"play_id":"9bfbeb88-8865-41db-9a45-058722402dad","local_time":"20190716184533","daily_mods":["Draft","Heirloom"],"is_ascension_mode":true,"campfire_choices":[{"data":"Evolve","floor":11,"key":"SMITH"},{"data":"True Grit","floor":15,"key":"SMITH"},{"data":"Armaments","floor":23,"key":"SMITH"},{"floor":32,"key":"DIG"},{"floor":41,"key":"DIG"},{"floor":49,"key":"REST"}],"neow_cost":"","seed_source_timestamp":450709607546024,"circlet_count":0,"master_deck":["Shrug It Off","Dropkick","Dropkick","Iron Wave","Thunderclap","Rage","Carnage","Twin Strike","Fire Breathing","Power Through","Shockwave","Armaments","Body Slam","Power Through","True Grit","Wild Strike","Dropkick","Feel No Pain","Wild Strike","Bash","Reckless Charge","Evolve+1","Anger","Armaments+1","Iron Wave","Evolve","True Grit+1","Fiend Fire","Corruption+1","Feel No Pain","True Grit","Fire Breathing","Iron Wave","Iron Wave","Dropkick","Body Slam","Iron Wave","Reaper","Feel No Pain","Spot Weakness","Second Wind","Rage+1","Parasite","Body Slam","Body Slam+1","Thinking Ahead","Thinking Ahead","Mind Blast","Carnage+1","Thunderclap+1"],"relics":["Burning Blood","Unceasing Top","Potion Belt","Boot","Omamori","Busted Crown","Nloth\u0027s Gift","Anchor","Oddly Smooth Stone","Bronze Scales","Shovel","Meat on the Bone","Charon\u0027s Ashes","Calling Bell","Darkstone Periapt","Ancient Tea Set","Ginger","Brimstone","The Courier","Dream Catcher","Sundial","PreservedInsect","Champion Belt"],"potions_floor_usage":[16,25,25,28,28,28,33,33,33,40,40,40,44,44,44,48],"damage_taken":[{"damage":0,"enemies":"2 Louse","floor":1,"turns":3},{"damage":0,"enemies":"Cultist","floor":2,"turns":3},{"damage":0,"enemies":"Small Slimes","floor":3,"turns":3},{"damage":0,"enemies":"Exordium Thugs","floor":4,"turns":4},{"damage":17,"enemies":"Lagavulin","floor":6,"turns":6},{"damage":7,"enemies":"Blue Slaver","floor":7,"turns":2},{"damage":0,"enemies":"Lots of Slimes","floor":8,"turns":3},{"damage":3,"enemies":"3 Louse","floor":13,"turns":4},{"damage":2,"enemies":"Gremlin Nob","floor":14,"turns":4},{"damage":25,"enemies":"The Guardian","floor":16,"turns":8},{"damage":9,"enemies":"Shell Parasite","floor":18,"turns":6},{"damage":0,"enemies":"Chosen","floor":19,"turns":5},{"damage":22,"enemies":"Snake Plant","floor":22,"turns":6},{"damage":3,"enemies":"Centurion and Healer","floor":24,"turns":7},{"damage":10,"enemies":"Slavers","floor":25,"turns":6},{"damage":4,"enemies":"Cultist and Chosen","floor":27,"turns":6},{"damage":9,"enemies":"Gremlin Leader","floor":28,"turns":6},{"damage":6,"enemies":"Snecko","floor":29,"turns":4},{"damage":15,"enemies":"Slavers","floor":30,"turns":5},{"damage":25,"enemies":"Collector","floor":33,"turns":8},{"damage":9,"enemies":"Orb Walker","floor":35,"turns":3},{"damage":0,"enemies":"3 Shapes","floor":38,"turns":3},{"damage":33,"enemies":"Maw","floor":39,"turns":8},{"damage":26,"enemies":"Nemesis","floor":40,"turns":3},{"damage":12,"enemies":"Giant Head","floor":42,"turns":6},{"damage":24,"enemies":"Spire Growth","floor":44,"turns":6},{"damage":10,"enemies":"Writhing Mass","floor":45,"turns":4},{"damage":15,"enemies":"Sphere and 2 Shapes","floor":46,"turns":5},{"damage":31,"enemies":"2 Orb Walkers","floor":48,"turns":4},{"damage":69,"enemies":"Awakened One","floor":50,"turns":5}],"seed_played":"2885057202688768338","potions_obtained":[{"floor":3,"key":"Dexterity Potion"},{"floor":4,"key":"SkillPotion"},{"floor":12,"key":"Regen Potion"},{"floor":12,"key":"Swift Potion"},{"floor":12,"key":"GamblersBrew"},{"floor":13,"key":"Fire Potion"},{"floor":18,"key":"Explosive Potion"},{"floor":24,"key":"Dexterity Potion"},{"floor":25,"key":"Ancient Potion"},{"floor":27,"key":"EntropicBrew"},{"floor":29,"key":"BloodPotion"},{"floor":35,"key":"AttackPotion"},{"floor":40,"key":"Fire Potion"},{"floor":42,"key":"Energy Potion"},{"floor":46,"key":"Energy Potion"}],"is_trial":true,"path_per_floor":["M","M","M","M","?","E","M","M","T","$","R","?","M","E","R","B",null,"M","M","?","$","M","R","M","E","T","M","E","M","E","T","R","B",null,"M","$","$","M","M","E","R","E","T","M","M","M","?","?","R","B"],"character_chosen":"IRONCLAD","items_purchased":["Armaments","Iron Wave","Boot","True Grit","Fire Breathing","Brimstone","Feel No Pain","Spot Weakness"],"campfire_rested":1,"item_purchase_floors":[10,10,10,21,21,36,36,36],"current_hp_per_floor":[80,80,80,80,80,69,68,74,74,74,74,74,77,80,80,61,80,77,80,80,80,64,64,67,63,63,65,74,74,65,65,65,66,80,77,77,77,80,53,45,45,62,62,56,66,57,47,34,59,0],"gold":263,"neow_bonus":"","is_prod":false,"is_daily":false,"chose_seed":false,"campfire_upgraded":3,"win_rate":0,"timestamp":1563320733,"path_taken":["M","M","M","M","?","E","?","M","T","$","R","?","M","E","R","BOSS","M","?","?","?","M","R","M","E","T","M","E","M","E","?","R","BOSS","M","?","$","M","M","E","R","E","T","M","M","M","?","?","R","BOSS"],"build_version":"2019-07-05","purchased_purges":1,"victory":false,"max_hp_per_floor":[80,80,80,80,80,80,80,80,80,80,80,80,80,80,80,80,80,80,80,80,80,80,80,80,80,80,80,80,80,80,80,80,80,80,80,80,80,80,80,80,80,80,80,80,86,86,86,86,86,86],"card_choices":[{"not_picked":["Wild Strike","Cleave"],"picked":"Shrug It Off","floor":0},{"not_picked":["Entrench","Heavy Blade"],"picked":"Dropkick","floor":0},{"not_picked":["Metallicize","Searing Blow"],"picked":"Dropkick","floor":0},{"not_picked":["Body Slam","Shrug It Off"],"picked":"Iron Wave","floor":0},{"not_picked":["Ghostly Armor","Metallicize"],"picked":"Thunderclap","floor":0},{"not_picked":["Seeing Red","Headbutt"],"picked":"Rage","floor":0},{"not_picked":["Seeing Red","Clash"],"picked":"Carnage","floor":0},{"not_picked":["Headbutt","Perfected Strike"],"picked":"Twin Strike","floor":0},{"not_picked":["Havoc","Bloodletting"],"picked":"Fire Breathing","floor":0},{"not_picked":["Anger","Twin Strike"],"picked":"Power Through","floor":0},{"not_picked":["Thunderclap","Twin Strike"],"picked":"Shockwave","floor":0},{"not_picked":["Entrench","Sword Boomerang"],"picked":"Armaments","floor":0},{"not_picked":["Heavy Blade","Combust"],"picked":"Body Slam","floor":0},{"not_picked":["Clothesline","Heavy Blade"],"picked":"Power Through","floor":0},{"not_picked":["Bloodletting","Iron Wave"],"picked":"True Grit","floor":0},{"not_picked":["Pommel Strike","Cleave"],"picked":"Wild Strike","floor":1},{"not_picked":["Clothesline","Flame Barrier"],"picked":"Dropkick","floor":2},{"not_picked":["Perfected Strike","Sword Boomerang"],"picked":"Feel No Pain","floor":3},{"not_picked":["Ghostly Armor","Havoc"],"picked":"Wild Strike","floor":4},{"not_picked":["Pummel","Warcry"],"picked":"Reckless Charge","floor":6},{"not_picked":["Headbutt","Armaments"],"picked":"Evolve","floor":7},{"not_picked":["Corruption","Intimidate"],"picked":"Anger","floor":8},{"not_picked":["Blood for Blood","Searing Blow"],"picked":"Evolve","floor":13},{"not_picked":["Clothesline","Iron Wave"],"picked":"True Grit","floor":14},{"not_picked":["Feed","Offering"],"picked":"Fiend Fire","floor":16},{"not_picked":[],"picked":"Corruption+1","floor":18},{"not_picked":[],"picked":"Feel No Pain","floor":19},{"not_picked":["Carnage"],"picked":"SKIP","floor":22},{"not_picked":[],"picked":"Iron Wave","floor":24},{"not_picked":[],"picked":"Iron Wave","floor":25},{"not_picked":["Warcry"],"picked":"SKIP","floor":27},{"not_picked":[],"picked":"Dropkick","floor":28},{"not_picked":[],"picked":"Body Slam","floor":29},{"not_picked":[],"picked":"Iron Wave","floor":30},{"not_picked":[],"picked":"Reaper","floor":33},{"not_picked":["Bloodletting+1"],"picked":"SKIP","floor":35},{"not_picked":[],"picked":"Second Wind","floor":38},{"not_picked":["Warcry+1"],"picked":"SKIP","floor":39},{"not_picked":[],"picked":"Rage+1","floor":40},{"not_picked":["Double Tap"],"picked":"SKIP","floor":42},{"not_picked":["Hemokinesis"],"picked":"SKIP","floor":44},{"not_picked":[],"picked":"Body Slam","floor":45},{"not_picked":[],"picked":"Body Slam+1","floor":46},{"not_picked":[],"picked":"Thinking Ahead","floor":47},{"not_picked":[],"picked":"Thinking Ahead","floor":47},{"not_picked":[],"picked":"Mind Blast","floor":47},{"not_picked":[],"picked":"Carnage+1","floor":48},{"not_picked":[],"picked":"Thunderclap+1","floor":49}],"player_experience":97681,"relics_obtained":[{"floor":6,"key":"Dodecahedron"},{"floor":9,"key":"Potion Belt"},{"floor":14,"key":"Omamori"},{"floor":25,"key":"Anchor"},{"floor":26,"key":"Oddly Smooth Stone"},{"floor":28,"key":"Bronze Scales"},{"floor":30,"key":"Shovel"},{"floor":31,"key":"Meat on the Bone"},{"floor":32,"key":"Charon\u0027s Ashes"},{"floor":34,"key":"Darkstone Periapt"},{"floor":34,"key":"Ancient Tea Set"},{"floor":34,"key":"Ginger"},{"floor":40,"key":"The Courier"},{"floor":41,"key":"Dream Catcher"},{"floor":42,"key":"Sundial"},{"floor":43,"key":"PreservedInsect"},{"floor":48,"key":"Champion Belt"}],"event_choices":[{"damage_healed":0,"gold_gain":0,"player_choice":"1 cards matched","damage_taken":0,"max_hp_gain":0,"max_hp_loss":0,"event_name":"Match and Keep!","floor":5,"gold_loss":0,"cards_obtained":["Bash"]},{"damage_healed":0,"gold_gain":0,"player_choice":"1 cards matched","damage_taken":0,"max_hp_gain":0,"max_hp_loss":0,"event_name":"Match and Keep!","floor":5,"gold_loss":0,"cards_obtained":["Bash"]},{"damage_healed":0,"gold_gain":0,"player_choice":"Got Potions","damage_taken":0,"max_hp_gain":0,"max_hp_loss":0,"event_name":"Lab","floor":12,"gold_loss":0},{"damage_healed":0,"gold_gain":0,"player_choice":"Traded Relic","damage_taken":0,"relics_obtained":["Nloth\u0027s Gift"],"max_hp_gain":0,"max_hp_loss":0,"event_name":"N\u0027loth","floor":20,"relics_lost":["Dodecahedron"],"gold_loss":0},{"damage_healed":0,"gold_gain":0,"player_choice":"Memory 3","damage_taken":10,"max_hp_gain":0,"max_hp_loss":0,"event_name":"SensoryStone","floor":47,"gold_loss":0},{"damage_healed":0,"gold_gain":0,"player_choice":"Fight","damage_taken":0,"max_hp_gain":0,"max_hp_loss":0,"event_name":"Mysterious Sphere","floor":48,"gold_loss":0}],"is_beta":false,"boss_relics":[{"not_picked":["Velvet Choker","Runic Pyramid"],"picked":"Busted Crown"},{"not_picked":["Eternal Feather","Black Star"],"picked":"Calling Bell"}],"items_purged_floors":[36],"is_endless":true,"potions_floor_spawned":[3,4,13,14,18,24,25,27,29,35,40,42,46],"killed_by":"Awakened One","ascension_level":1}