{"gold_per_floor":[114,127,127,137,50,76,76,106,106,126,126,140,155,184,184,283,333,317,26,26,26,26,26,26,55,135,150,150,162,176,201,201,299,299,316,326,20,20,0,31,43,43,43,43,43,54,67,15,15,15],"floor_reached":51,"playtime":2417,"items_purged":[],"score":755,"play_id":"026f2db8-3317-45c8-875e-c4611bfebf15","local_time":"20190715190328","is_ascension_mode":false,"campfire_choices":[{"data":"Capacitor","floor":11,"key":"SMITH"},{"floor":15,"key":"REST"},{"data":"Dualcast","floor":23,"key":"SMITH"},{"data":"Zap","floor":28,"key":"SMITH"},{"data":"Capacitor","floor":32,"key":"SMITH"},{"data":"Static Discharge","floor":42,"key":"SMITH"},{"data":"Static Discharge","floor":44,"key":"SMITH"},{"data":"Capacitor","floor":49,"key":"SMITH"}],"neow_cost":"NONE","seed_source_timestamp":367663999578787,"circlet_count":0,"master_deck":["Strike_B","Strike_B","Defend_B","Defend_B","Defend_B","Defend_B","Zap+1","Dualcast+1","Core Surge","Cold Snap","Conserve Battery","Iron Wave","Sweeping Beam+1","Conserve Battery","Capacitor+1","Core Surge","Leap+1","Blizzard","Static Discharge+1","Undo+1","Multi-Cast+1","Chill+1","Static Discharge+1","Cold Snap","Glacier+1","RitualDagger","Steam+1","Conserve Battery+1","Capacitor+1","Conserve Battery+1","Electrodynamics","Consume+1","Leap+1","Loop","Reprogram+1","Panacea+1","Core Surge","Capacitor+1","Writhe","Storm+1","Steam Power+1","Leap+1"],"relics":["Cracked Core","Cables","Toxic Egg 2","Juzu Bracelet","Tiny House","ClockworkSouvenir","Ornamental Fan","Pen Nib","Bird Faced Urn","Bottled Tornado","Regal Pillow","Philosopher\u0027s Stone","Orichalcum","Red Mask","Bag of Preparation","Pocketwatch"],"potions_floor_usage":[16,25,25,25,29],"damage_taken":[{"damage":1,"enemies":"Jaw Worm","floor":1,"turns":3},{"damage":1,"enemies":"Cultist","floor":2,"turns":3},{"damage":1,"enemies":"Small Slimes","floor":4,"turns":3},{"damage":4,"enemies":"Lagavulin","floor":6,"turns":8},{"damage":6,"enemies":"Exordium Wildlife","floor":10,"turns":4},{"damage":6,"enemies":"Large Slime","floor":12,"turns":6},{"damage":0,"enemies":"Red Slaver","floor":13,"turns":3},{"damage":2,"enemies":"3 Sentries","floor":14,"turns":9},{"damage":14,"enemies":"The Guardian","floor":16,"turns":13},{"damage":7,"enemies":"2 Thieves","floor":18,"turns":4},{"damage":11,"enemies":"Slavers","floor":25,"turns":6},{"damage":3,"enemies":"Spheric Guardian","floor":27,"turns":5},{"damage":0,"enemies":"3 Cultists","floor":29,"turns":6},{"damage":9,"enemies":"Centurion and Healer","floor":30,"turns":7},{"damage":55,"enemies":"Champ","floor":33,"turns":30},{"damage":21,"enemies":"3 Shapes","floor":35,"turns":9},{"damage":21,"enemies":"3 Darklings","floor":36,"turns":5},{"damage":7,"enemies":"Reptomancer","floor":40,"turns":8},{"damage":21,"enemies":"Writhing Mass","floor":41,"turns":9},{"damage":0,"enemies":"Spire Growth","floor":46,"turns":8},{"damage":0,"enemies":"Sphere and 2 Shapes","floor":47,"turns":5},{"damage":44,"enemies":"Time Eater","floor":50,"turns":10}],"seed_played":"6638298675878284381","potions_obtained":[{"floor":2,"key":"PowerPotion"},{"floor":10,"key":"Energy Potion"},{"floor":12,"key":"Ancient Potion"},{"floor":17,"key":"SteroidPotion"},{"floor":27,"key":"FocusPotion"},{"floor":29,"key":"Weak Potion"},{"floor":33,"key":"LiquidBronze"},{"floor":35,"key":"GamblersBrew"},{"floor":40,"key":"FairyPotion"}],"is_trial":false,"path_per_floor":["M","M","?","M","$","E","?","?","T","M","R","M","M","E","R","B",null,"M","$","?","?","?","R","?","E","T","M","R","M","M","T","R","B",null,"M","M","$","?","?","E","M","R","T","R","?","M","M","$","R","B",null],"character_chosen":"DEFECT","items_purchased":["Conserve Battery","Capacitor","Cold Snap","Glacier+1","ClockworkSouvenir","Loop","Orichalcum","Reprogram+1","Leap+1"],"campfire_rested":1,"item_purchase_floors":[5,5,19,19,19,37,37,37,48],"current_hp_per_floor":[74,73,73,72,72,68,61,61,61,55,55,49,49,47,69,55,80,73,73,73,73,67,67,67,56,56,59,59,61,60,60,60,13,80,59,46,46,46,46,51,42,42,42,42,62,76,80,80,80,46],"gold":15,"neow_bonus":"ONE_RANDOM_RARE_CARD","is_prod":false,"is_daily":false,"chose_seed":false,"campfire_upgraded":7,"win_rate":0.0,"timestamp":1563235408,"path_taken":["M","M","?","?","$","E","?","?","T","M","R","M","M","E","R","BOSS","M","$","?","?","?","R","?","E","T","M","R","M","M","?","R","BOSS","M","M","$","?","?","E","M","R","T","R","?","M","M","?","R","BOSS"],"build_version":"2019-07-05","purchased_purges":0,"victory":true,"max_hp_per_floor":[75,75,75,75,75,75,75,75,75,75,75,75,75,75,75,75,80,80,80,80,80,80,80,80,80,80,80,80,80,80,80,80,80,80,80,80,80,80,80,80,80,80,80,80,80,80,80,80,80,80],"card_choices":[{"not_picked":["Turbo","BootSequence"],"picked":"Cold Snap","floor":1},{"not_picked":["Steam","Undo"],"picked":"Conserve Battery","floor":2},{"not_picked":["Beam Cell","Compile Driver"],"picked":"Sweeping Beam","floor":4},{"not_picked":["Rebound","Steam"],"picked":"Core Surge","floor":6},{"not_picked":["Rebound","Streamline"],"picked":"Leap+1","floor":10},{"not_picked":["Gash","Ball Lightning"],"picked":"Blizzard","floor":12},{"not_picked":["Beam Cell","Rebound"],"picked":"Static Discharge","floor":13},{"not_picked":["Hologram+1","Beam Cell"],"picked":"Undo+1","floor":14},{"not_picked":["Biased Cognition","Meteor Strike"],"picked":"Multi-Cast+1","floor":16},{"not_picked":["Rip and Tear","Undo+1"],"picked":"Chill+1","floor":17},{"not_picked":["Barrage+1","Steam+1"],"picked":"Static Discharge","floor":18},{"not_picked":["Compile Driver","Doom and Gloom"],"picked":"Steam+1","floor":25},{"not_picked":["Beam Cell","Rebound"],"picked":"Conserve Battery+1","floor":27},{"not_picked":["Stack+1","Loop"],"picked":"Capacitor","floor":29},{"not_picked":["Compile Driver","Sweeping Beam"],"picked":"Conserve Battery+1","floor":30},{"not_picked":["Core Surge","Fission+1"],"picked":"Electrodynamics","floor":33},{"not_picked":["White Noise+1","Lockon"],"picked":"Consume+1","floor":35},{"not_picked":["Rip and Tear","Cold Snap"],"picked":"Leap+1","floor":36},{"not_picked":["Dark Shackles+1","Deep Breath+1"],"picked":"Panacea+1","floor":38},{"not_picked":["Creative AI","Undo+1"],"picked":"Core Surge","floor":40},{"not_picked":["Ball Lightning","Leap+1"],"picked":"Capacitor","floor":41},{"not_picked":["Leap+1","Steam+1"],"picked":"Storm+1","floor":46},{"not_picked":["Gash","Hologram+1"],"picked":"Steam Power+1","floor":47}],"player_experience":89670,"relics_obtained":[{"floor":6,"key":"Cables"},{"floor":9,"key":"Toxic Egg 2"},{"floor":14,"key":"Juzu Bracelet"},{"floor":21,"key":"Ornamental Fan"},{"floor":25,"key":"Bird Faced Urn"},{"floor":26,"key":"Bottled Tornado"},{"floor":31,"key":"Regal Pillow"},{"floor":40,"key":"Bag of Preparation"},{"floor":43,"key":"Pocketwatch"}],"event_choices":[{"cards_removed":["Strike_B"],"damage_healed":0,"gold_gain":0,"player_choice":"Took Card","damage_taken":0,"max_hp_gain":0,"max_hp_loss":0,"event_name":"NoteForYourself","floor":3,"gold_loss":0,"cards_obtained":["Iron Wave"]},{"cards_removed":["Strike_B"],"damage_healed":0,"gold_gain":0,"player_choice":"Card Removal","damage_taken":7,"max_hp_gain":0,"max_hp_loss":0,"event_name":"Golden Wing","floor":7,"gold_loss":0},{"damage_healed":0,"gold_gain":30,"player_choice":"Searched \u00271\u0027 times","damage_taken":0,"max_hp_gain":0,"max_hp_loss":0,"event_name":"Dead Adventurer","floor":8,"gold_loss":0},{"damage_healed":0,"gold_gain":0,"player_choice":"Ignored","damage_taken":0,"max_hp_gain":0,"max_hp_loss":0,"event_name":"Vampires","floor":20,"gold_loss":0},{"damage_healed":0,"gold_gain":0,"player_choice":"Relic","damage_taken":0,"max_hp_gain":0,"max_hp_loss":0,"event_name":"Wheel of Change","floor":21,"gold_loss":0},{"damage_healed":0,"gold_gain":0,"player_choice":"Joined the Cult","damage_taken":6,"max_hp_gain":0,"max_hp_loss":0,"event_name":"Nest","floor":22,"gold_loss":0,"cards_obtained":["RitualDagger"]},{"damage_healed":0,"gold_gain":0,"player_choice":"Opened","damage_taken":0,"relics_obtained":["Pen Nib"],"max_hp_gain":0,"max_hp_loss":0,"event_name":"The Mausoleum","floor":24,"gold_loss":0},{"damage_healed":0,"gold_gain":0,"player_choice":"Memory 1","damage_taken":0,"max_hp_gain":0,"max_hp_loss":0,"event_name":"SensoryStone","floor":38,"gold_loss":0},{"damage_healed":0,"gold_gain":0,"player_choice":"Paid","damage_taken":0,"relics_obtained":["Red Mask"],"max_hp_gain":0,"max_hp_loss":0,"event_name":"Tomb of Lord Red Mask","floor":39,"gold_loss":20},{"damage_healed":20,"gold_gain":0,"player_choice":"Writhe","damage_taken":0,"max_hp_gain":0,"max_hp_loss":0,"event_name":"Winding Halls","floor":45,"gold_loss":0,"cards_obtained":["Writhe"]}],"is_beta":false,"boss_relics":[{"not_picked":["Black Star","Lizard Tail"],"picked":"Tiny House"},{"not_picked":["Cursed Key","Empty Cage"],"picked":"Philosopher\u0027s Stone"}],"items_purged_floors":[],"is_endless":false,"potions_floor_spawned":[2,10,12,13,14,27,29,33,35,40,46,47],"ascension_level":0}