{"path_per_floor":["M","T","?","M","M","R","E","R","T","M","?","M","R","?","R","B",null,"M","?","$","?","M","M","M","R","T","M","R","E","R","E","R"],"character_chosen":"THE_SILENT","items_purchased":["Prayer Wheel"],"gold_per_floor":[109,109,109,127,139,139,164,164,164,182,139,157,157,157,157,257,257,268,268,37,37,52,64,74,74,74,88,88,121,121,152,152],"floor_reached":33,"campfire_rested":2,"playtime":1810,"current_hp_per_floor":[77,77,65,64,60,60,44,44,44,44,44,44,44,44,44,1,58,58,58,58,58,51,37,30,30,30,22,45,45,45,45,68],"items_purged":["Defend_G"],"gold":152,"score":469,"play_id":"679fe1da-0592-4f91-8b6e-7f11509e2c5c","is_prod":false,"is_daily":false,"is_ascension_mode":true,"campfire_upgraded":3,"path_taken":["M","?","?","?","M","R","E","R","T","?","?","M","R","?","R","BOSS","M","?","$","?","M","M","M","R","T","M","R","E","R","E","R","BOSS"],"build_version":"2018-02-15-PROD1","purchased_purges":1,"victory":false,"master_deck":["Defend_G","Defend_G","Defend_G","Defend_G","Strike_G","Strike_G","Strike_G","Strike_G","Strike_G","Survivor","Neutralize","Dagger Throw","Blur+1","Backflip","Adrenaline","Die Die Die","PiercingWail","Cloak And Dagger","Cloak And Dagger+1","Storm of Steel+1","Setup+1"],"max_hp_per_floor":[77,77,77,77,77,77,77,77,77,77,77,77,77,77,77,77,77,77,77,77,77,77,77,77,77,77,77,77,77,77,77,77],"relics":["Ring of the Snake","Mango","Girya","Dead Branch","Mercury Hourglass","Calipers","Unceasing Top","Sozu","Prayer Wheel","Ice Cream","Gremlin Horn","Vajra"],"card_choices":[{"not_picked":["Poisoned Stab","PiercingWail"],"picked":"Dagger Throw"},{"not_picked":["Riddle With Holes","Sucker Punch"],"picked":"Blur"},{"not_picked":["Accuracy","Concentrate"],"picked":"Backflip"},{"not_picked":["Endless Agony","Outmaneuver"],"picked":"Adrenaline"},{"not_picked":["Tactician","Grand Finale"],"picked":"Die Die Die"},{"not_picked":["Deadly Poison","Slice"],"picked":"PiercingWail"},{"not_picked":["Acrobatics","Escape Plan"],"picked":"Cloak And Dagger"},{"not_picked":["Dagger Spray","PiercingWail"],"picked":"Storm of Steel"},{"not_picked":["Slice","Bouncing Flask"],"picked":"Setup"}],"player_experience":315345,"potions_floor_usage":[16,16],"damage_taken":[{"damage":0,"enemies":"Cultist","floor":1,"turns":5},{"damage":1,"enemies":"2 Louse","floor":4,"turns":2},{"damage":4,"enemies":"Small Slimes","floor":5,"turns":3},{"damage":16,"enemies":"3 Sentries","floor":7,"turns":7},{"damage":0,"enemies":"Gremlin Gang","floor":10,"turns":4},{"damage":0,"enemies":"Blue Slaver","floor":12,"turns":4},{"damage":43,"enemies":"Hexaghost","floor":16,"turns":10},{"damage":0,"enemies":"2 Thieves","floor":18,"turns":3},{"damage":7,"enemies":"Chosen","floor":22,"turns":4},{"damage":14,"enemies":"Centurion and Healer","floor":23,"turns":3},{"damage":7,"enemies":"Snecko","floor":24,"turns":3},{"damage":8,"enemies":"Slaver and Parasite","floor":27,"turns":4},{"damage":0,"enemies":"Gremlin Leader","floor":29,"turns":5},{"damage":0,"enemies":"Slavers","floor":31,"turns":1},{"damage":82,"enemies":"Champ","floor":33,"turns":10}],"event_choices":[{"event_name":"Scrap Ooze","player_choice":"success","floor":3,"damage_taken":12},{"event_name":"World of Goop","player_choice":"Left","floor":11,"damage_taken":0},{"event_name":"Wheel of Change","player_choice":"Relic","floor":14,"damage_taken":0},{"event_name":"The Library","player_choice":"Read","floor":19,"damage_taken":0},{"event_name":"Beggar","player_choice":"Ignored","floor":21,"damage_taken":0}],"boss_relics":[{"not_picked":["Velvet Choker","Astrolabe"],"picked":"Sozu"}],"potions_floor_spawned":[5,12,18,22,23,31],"seed_played":"996160942886529235","killed_by":"Champ","ascension_level":8,"is_trial":false}