{"gold_per_floor":[119,119,133,147,322,350,370,370,370,370,370,383,383,397,397,496,496,496,143,143,143,68,68,68,68],"floor_reached":25,"playtime":828,"items_purged":["Doubt"],"score":221,"play_id":"341eb277-12ac-4c86-9bfb-57f613f78d35","local_time":"20190728164629","is_ascension_mode":false,"campfire_choices":[{"floor":8.0,"key":"REST"},{"floor":11.0,"key":"REST"},{"data":"Rupture","floor":13.0,"key":"SMITH"},{"data":"Combust","floor":15.0,"key":"SMITH"}],"neow_cost":"NONE","seed_source_timestamp":0,"circlet_count":0,"master_deck":["Strike_R","Strike_R","Strike_R","Defend_R","Defend_R","Defend_R+1","Defend_R","Bash","Anger","Rupture+1","Metallicize+1","Thunderclap","Combust+1","Carnage","Feel No Pain","Flex","Barricade","Rage","The Bomb","Rupture","Flex","Feel No Pain","Evolve","Necronomicurse"],"special_seed":0,"relics":["Burning Blood","Bird Faced Urn","Ectoplasm","Darkstone Periapt","Lantern","Necronomicon"],"potions_floor_usage":[25],"damage_taken":[{"damage":11.0,"enemies":"Jaw Worm","floor":1.0,"turns":3.0},{"damage":19.0,"enemies":"Small Slimes","floor":3.0,"turns":4.0},{"damage":0.0,"enemies":"2 Louse","floor":4.0,"turns":2.0},{"damage":56.0,"enemies":"Lagavulin","floor":6.0,"turns":7.0},{"damage":18.0,"enemies":"Exordium Wildlife","floor":7.0,"turns":4.0},{"damage":4.0,"enemies":"Large Slime","floor":12.0,"turns":5.0},{"damage":17.0,"enemies":"Looter","floor":14.0,"turns":3.0},{"damage":53.0,"enemies":"Hexaghost","floor":16.0,"turns":9.0},{"damage":19.0,"enemies":"Spheric Guardian","floor":18.0,"turns":4.0},{"damage":21.0,"enemies":"Chosen","floor":20.0,"turns":5.0},{"damage":45,"enemies":"Gremlin Leader","floor":23,"turns":5},{"damage":32,"enemies":"Slavers","floor":25,"turns":2}],"seed_played":"2035717868109972396","potions_obtained":[{"floor":1.0,"key":"Ancient Potion"},{"floor":6.0,"key":"Weak Potion"},{"floor":23,"key":"SteroidPotion"}],"is_trial":false,"path_per_floor":["M","?","M","M","?","E","M","R","T","?","R","M","R","M","R","B",null,"M","$","M","?","?","E","?","E"],"character_chosen":"IRONCLAD","items_purchased":["The Bomb","Rupture","Flex"],"campfire_rested":2,"item_purchase_floors":[19,19,19],"current_hp_per_floor":[75,75,62,68,68,18,12,36,36,20,44,52,52,49,49,10,80,70,70,65,65,65,36,26,0],"gold":68,"neow_bonus":"THREE_CARDS","is_prod":false,"is_daily":false,"chose_seed":false,"campfire_upgraded":2,"win_rate":0,"timestamp":1564350389,"path_taken":["M","?","M","M","?","E","M","R","T","?","R","M","R","M","R","BOSS","M","$","M","?","?","E","?","E"],"build_version":"2019-07-17","purchased_purges":1,"victory":false,"max_hp_per_floor":[80,80,80,80,80,80,80,80,80,80,80,80,80,80,80,80,80,80,80,80,80,80,80,86,86],"card_choices":[{"not_picked":["Clothesline","Twin Strike"],"picked":"Anger","floor":0.0},{"not_picked":["Body Slam","Pummel"],"picked":"Rupture","floor":1.0},{"not_picked":["Clothesline","Sword Boomerang"],"picked":"Thunderclap","floor":3.0},{"not_picked":["Metallicize","Twin Strike"],"picked":"Combust","floor":4.0},{"not_picked":["Thunderclap","Anger","Headbutt"],"picked":"SKIP","floor":6.0},{"not_picked":["Sentinel","Twin Strike"],"picked":"Carnage","floor":7.0},{"not_picked":["Dark Embrace","Perfected Strike"],"picked":"Feel No Pain","floor":12.0},{"not_picked":["Clothesline","Thunderclap"],"picked":"Flex","floor":14.0},{"not_picked":["Exhume","Feed"],"picked":"Barricade","floor":16.0},{"not_picked":["True Grit","Twin Strike"],"picked":"Rage","floor":18.0},{"not_picked":["Intimidate","Body Slam"],"picked":"Feel No Pain","floor":20},{"not_picked":["Perfected Strike","Whirlwind+1"],"picked":"Evolve","floor":23}],"player_experience":819672,"relics_obtained":[{"floor":6.0,"key":"Bird Faced Urn"},{"floor":23,"key":"Lantern"},{"floor":24,"key":"Necronomicon"}],"event_choices":[{"damage_healed":0.0,"max_hp_gain":0.0,"max_hp_loss":0.0,"gold_gain":0.0,"cards_transformed":["Strike_R"],"event_name":"Living Wall","player_choice":"Change","floor":2.0,"gold_loss":0.0,"damage_taken":0.0,"cards_obtained":["Metallicize"]},{"damage_healed":0.0,"max_hp_gain":0.0,"max_hp_loss":0.0,"gold_gain":175.0,"event_name":"Liars Game","player_choice":"AGREE","floor":5.0,"gold_loss":0.0,"damage_taken":0.0,"cards_obtained":["Doubt"]},{"damage_healed":0.0,"max_hp_gain":0.0,"max_hp_loss":0.0,"gold_gain":0.0,"event_name":"Shining Light","player_choice":"Entered Light","floor":10.0,"gold_loss":0.0,"damage_taken":16.0,"cards_upgraded":["Metallicize","Defend_R"]},{"damage_healed":0,"gold_gain":0,"player_choice":"Opened","damage_taken":0,"relics_obtained":["Darkstone Periapt"],"max_hp_gain":0,"max_hp_loss":0,"event_name":"The Mausoleum","floor":21,"gold_loss":0},{"cards_removed":["Strike_R"],"damage_healed":0,"gold_gain":0,"player_choice":"Gave Gold","damage_taken":0,"max_hp_gain":0,"max_hp_loss":0,"event_name":"Beggar","floor":22,"gold_loss":75},{"damage_healed":0,"gold_gain":0,"player_choice":"Obtained Book","damage_taken":16,"max_hp_gain":0,"max_hp_loss":0,"event_name":"Cursed Tome","floor":24,"gold_loss":0}],"is_beta":false,"boss_relics":[{"not_picked":["Snecko Eye","Busted Crown"],"picked":"Ectoplasm"}],"items_purged_floors":[19],"is_endless":false,"potions_floor_spawned":[1,6,23],"killed_by":"Slavers","ascension_level":0}