{"gold_per_floor":[16,66,19,32,43,43,77,77,102,102,122,122,47,67,67,142,142,142,5,5,5,5,5,5],"floor_reached":24,"playtime":686,"items_purged":["Strike_B","Strike_B"],"score":343,"play_id":"ca0d8a1d-ee84-4f4d-8e75-ad5c305f886c","local_time":"20190113084919","is_ascension_mode":true,"campfire_choices":[{"data":"Zap","floor":6,"key":"SMITH"},{"data":"Hologram","floor":10,"key":"SMITH"},{"data":"Fusion","floor":12,"key":"SMITH"},{"data":"Dualcast","floor":15,"key":"SMITH"},{"data":"Rainbow","floor":23,"key":"SMITH"}],"neow_cost":"NO_GOLD","seed_source_timestamp":491179084004434,"circlet_count":0,"master_deck":["AscendersBane","Strike_B","Strike_B","Defend_B","Defend_B","Defend_B","Defend_B","Zap+1","Dualcast+1","Hologram+1","Compile Driver","Steam","Sweeping Beam","Conserve Battery","Fusion+1","Rainbow+1","Redo","Defragment","Redo","Electrodynamics"],"special_seed":0,"relics":["Cracked Core","FossilizedHelix","Pen Nib","Orichalcum","Ectoplasm"],"potions_floor_usage":[16,20],"damage_taken":[{"damage":0.0,"enemies":"Jaw Worm","floor":1.0,"turns":2.0},{"damage":0.0,"enemies":"Cultist","floor":4.0,"turns":3.0},{"damage":0,"enemies":"2 Louse","floor":5,"turns":2},{"damage":15,"enemies":"Lagavulin","floor":7,"turns":5},{"damage":0,"enemies":"Blue Slaver","floor":11,"turns":3},{"damage":0,"enemies":"Large Slime","floor":14,"turns":3},{"damage":46,"enemies":"Hexaghost","floor":16,"turns":13},{"damage":11,"enemies":"Spheric Guardian","floor":18,"turns":4},{"damage":24,"enemies":"3 Byrds","floor":20,"turns":4},{"damage":23,"enemies":"Snake Plant","floor":21,"turns":5},{"damage":7,"enemies":"Slavers","floor":24,"turns":1}],"seed_played":"2810089865722458664","potions_obtained":[{"floor":4.0,"key":"Weak Potion"},{"floor":7,"key":"SteroidPotion"},{"floor":14,"key":"EssenceOfSteel"},{"floor":18,"key":"Weak Potion"},{"floor":20,"key":"Ancient Potion"}],"is_trial":false,"path_per_floor":["M","?","$","M","M","R","E","?","T","R","M","R","$","M","R","B",null,"M","$","M","M","$","R","E"],"character_chosen":"DEFECT","items_purchased":["Compile Driver","Defragment"],"campfire_rested":0,"item_purchase_floors":[3,19],"current_hp_per_floor":[64,64,64,64,64,64,49,54,54,54,54,54,54,54,54,8,59,48,48,24,1,1,1,0],"gold":5,"neow_bonus":"ONE_RARE_RELIC","is_prod":false,"is_daily":false,"chose_seed":false,"campfire_upgraded":5,"win_rate":0,"timestamp":1547365759,"path_taken":["M","?","$","?","M","R","E","?","T","R","M","R","?","M","R","BOSS","M","$","M","M","$","R","E"],"build_version":"2019-01-10","purchased_purges":2,"victory":false,"max_hp_per_floor":[71,71,71,71,71,71,71,76,76,76,76,76,76,76,76,76,76,76,76,76,76,76,76,76],"card_choices":[{"not_picked":["Beam Cell","Steam Power"],"picked":"Hologram","floor":1.0},{"not_picked":["Chaos","Ball Lightning"],"picked":"Steam","floor":4.0},{"not_picked":["Leap","Hello World"],"picked":"Sweeping Beam","floor":5},{"not_picked":["Static Discharge","Gash"],"picked":"Conserve Battery","floor":7},{"not_picked":["Steam","Reinforced Body"],"picked":"Fusion","floor":11},{"not_picked":["Storm","Hello World","Ball Lightning"],"picked":"SKIP","floor":14},{"not_picked":["Reboot","Buffer"],"picked":"Rainbow","floor":16},{"not_picked":["Stack","Tempest"],"picked":"Redo","floor":18},{"not_picked":["Hello World","Streamline","Redo"],"picked":"SKIP","floor":20},{"not_picked":["Hello World","Streamline"],"picked":"Redo","floor":20},{"not_picked":["Doom and Gloom","Leap"],"picked":"Electrodynamics","floor":21}],"player_experience":716230,"relics_obtained":[{"floor":7,"key":"Pen Nib"},{"floor":9,"key":"Orichalcum"}],"event_choices":[{"damage_healed":0.0,"max_hp_gain":0.0,"max_hp_loss":0.0,"gold_gain":50.0,"event_name":"Golden Shrine","player_choice":"Pray","floor":2.0,"gold_loss":0.0,"damage_taken":0.0},{"damage_healed":0,"gold_gain":0,"player_choice":"Donut","damage_taken":0,"max_hp_gain":5,"max_hp_loss":0,"event_name":"Big Fish","floor":8,"gold_loss":0}],"is_beta":false,"boss_relics":[{"not_picked":["Tiny House","Snecko Eye"],"picked":"Ectoplasm"}],"items_purged_floors":[13,19],"is_endless":false,"potions_floor_spawned":[4,7,14,18,20],"killed_by":"Slavers","ascension_level":15}