{"gold_per_floor":[12,112,37,49,60,60,135,135,135,149,159,190,40,70,70,167,167],"floor_reached":17,"playtime":534,"items_purged":["Strike_B","Strike_B"],"score":248,"play_id":"e21e738c-e864-4170-b660-3f415bd3140e","local_time":"20190111164946","is_ascension_mode":true,"campfire_choices":[{"data":"Zap","floor":6.0,"key":"SMITH"},{"data":"Coolheaded","floor":8.0,"key":"SMITH"},{"data":"Beam Cell","floor":15,"key":"SMITH"}],"neow_cost":"NO_GOLD","seed_source_timestamp":371469233556111,"circlet_count":0,"master_deck":["AscendersBane","Strike_B","Strike_B","Defend_B","Defend_B","Defend_B","Defend_B","Zap+1","Dualcast","Coolheaded+1","Gash","Beam Cell+1","BootSequence","Compile Driver","Go for the Eyes","Fission"],"special_seed":0,"relics":["Cracked Core","Mummified Hand","Du-Vu Doll","Orrery"],"potions_floor_usage":[],"damage_taken":[{"damage":8.0,"enemies":"Small Slimes","floor":1.0,"turns":2.0},{"damage":0.0,"enemies":"Cultist","floor":4.0,"turns":4.0},{"damage":0.0,"enemies":"2 Louse","floor":5.0,"turns":2.0},{"damage":1.0,"enemies":"Blue Slaver","floor":10.0,"turns":3.0},{"damage":2.0,"enemies":"2 Fungi Beasts","floor":11.0,"turns":4.0},{"damage":35.0,"enemies":"Gremlin Nob","floor":12.0,"turns":5.0},{"damage":16,"enemies":"Slime Boss","floor":16,"turns":11}],"seed_played":"-7473349811292400115","potions_obtained":[{"floor":4.0,"key":"FearPotion"},{"floor":5.0,"key":"Block Potion"}],"is_trial":false,"path_per_floor":["M","?","$","M","M","R","?","R","T","M","M","E","$","?","R","B",null],"character_chosen":"DEFECT","items_purchased":["Go for the Eyes"],"campfire_rested":0,"item_purchase_floors":[13],"current_hp_per_floor":[74,74,74,74,74,74,63,63,63,62,60,25,25,25,25,9,9],"gold":167,"neow_bonus":"TWENTY_PERCENT_HP_BONUS","is_prod":false,"is_daily":false,"chose_seed":false,"campfire_upgraded":3,"win_rate":0,"timestamp":1547221786,"path_taken":["M","?","$","M","?","R","?","R","T","M","M","E","$","?","R","BOSS"],"build_version":"2019-01-10","purchased_purges":2,"victory":false,"max_hp_per_floor":[89,89,89,89,89,89,89,89,89,89,89,89,89,89,89,89,89],"card_choices":[{"not_picked":["Melter","Cold Snap"],"picked":"Coolheaded","floor":1.0},{"not_picked":["Streamline","Sweeping Beam"],"picked":"Gash","floor":4.0},{"not_picked":["Heatsinks","Cold Snap"],"picked":"Beam Cell","floor":5.0},{"not_picked":["Barrage","Skim"],"picked":"BootSequence","floor":10.0},{"not_picked":["Reprogram","Streamline","Undo"],"picked":"SKIP","floor":11.0},{"not_picked":["Static Discharge","Ball Lightning"],"picked":"Compile Driver","floor":12.0},{"not_picked":["Rainbow","Echo Form"],"picked":"Fission","floor":16}],"player_experience":696697,"relics_obtained":[{"floor":9.0,"key":"Mummified Hand"},{"floor":12.0,"key":"Du-Vu Doll"}],"event_choices":[{"damage_healed":0.0,"max_hp_gain":0.0,"max_hp_loss":0.0,"gold_gain":100.0,"event_name":"Golden Shrine","player_choice":"Pray","floor":2.0,"gold_loss":0.0,"damage_taken":0.0},{"damage_healed":0.0,"max_hp_gain":0.0,"max_hp_loss":0.0,"gold_gain":75.0,"event_name":"World of Goop","player_choice":"Gather Gold","floor":7.0,"gold_loss":0.0,"damage_taken":11.0},{"damage_healed":0,"gold_gain":30,"player_choice":"Searched \u00271\u0027 times","damage_taken":0,"max_hp_gain":0,"max_hp_loss":0,"event_name":"Dead Adventurer","floor":14,"gold_loss":0}],"is_beta":false,"boss_relics":[{"not_picked":["Ectoplasm","Calling Bell"],"picked":"Orrery"}],"items_purged_floors":[3,13],"is_endless":false,"potions_floor_spawned":[4,5],"ascension_level":12}