{"gold_per_floor":[113,113,113,126,143,143,143,143,189,206,206,217,231,243,243,314,314,333,32,42,42,42],"floor_reached":22,"playtime":1068,"items_purged":["Strike_G"],"score":338,"play_id":"a7e36e74-17cf-417f-a245-6b5b52f0aab8","local_time":"20190218003308","is_ascension_mode":true,"campfire_choices":[{"data":"Neutralize","floor":6,"key":"SMITH"},{"data":"Blade Dance","floor":15,"key":"SMITH"}],"neow_cost":"NONE","seed_source_timestamp":1065901773046995,"circlet_count":0,"master_deck":["AscendersBane","Defend_G","Defend_G+1","Defend_G","Defend_G","Defend_G","Strike_G","Strike_G","Strike_G","Survivor+1","Neutralize+1","Blade Dance+1","Footwork+1","Dagger Spray","Tools of the Trade","Accuracy","Deflect","Acrobatics","Burst","Underhanded Strike+1"],"relics":["Ring of the Snake","Juzu Bracelet","Happy Flower","War Paint","Sozu","Lee\u0027s Waffle","MutagenicStrength"],"potions_floor_usage":[10],"damage_taken":[{"damage":7,"enemies":"Jaw Worm","floor":1,"turns":8},{"damage":7,"enemies":"Small Slimes","floor":4,"turns":3},{"damage":7,"enemies":"2 Louse","floor":5,"turns":3},{"damage":1,"enemies":"Lots of Slimes","floor":10,"turns":6},{"damage":0,"enemies":"2 Fungi Beasts","floor":12,"turns":5},{"damage":0,"enemies":"3 Louse","floor":13,"turns":3},{"damage":0,"enemies":"Blue Slaver","floor":14,"turns":5},{"damage":16,"enemies":"The Guardian","floor":16,"turns":20},{"damage":46,"enemies":"Chosen","floor":18,"turns":8},{"damage":24,"enemies":"Spheric Guardian","floor":20,"turns":7},{"damage":56,"enemies":"Cultist and Chosen","floor":22,"turns":4}],"seed_played":"-212368065381754229","potions_obtained":[{"floor":1,"key":"Regen Potion"},{"floor":5,"key":"SkillPotion"},{"floor":13,"key":"EssenceOfSteel"}],"is_trial":false,"path_per_floor":["M","?","?","M","M","R","?","?","T","M","?","M","M","M","R","B",null,"M","$","M","?","M"],"character_chosen":"THE_SILENT","items_purchased":["Lee\u0027s Waffle"],"campfire_rested":0,"item_purchase_floors":[19],"current_hp_per_floor":[52,52,57,50,43,43,32,25,25,24,24,24,24,24,24,8,55,9,78,54,54,0],"gold":42,"neow_bonus":"RANDOM_COMMON_RELIC","is_prod":false,"is_daily":false,"chose_seed":false,"campfire_upgraded":2,"win_rate":0,"timestamp":1550446388,"path_taken":["M","?","?","M","M","R","?","?","T","M","?","M","M","M","R","BOSS","M","?","M","?","M"],"build_version":"2019-01-23","purchased_purges":1,"victory":false,"max_hp_per_floor":[66,66,71,71,71,71,71,71,71,71,71,71,71,71,71,71,71,71,78,78,78,78],"card_choices":[{"not_picked":["Finisher","Bouncing Flask"],"picked":"Blade Dance","floor":1},{"not_picked":["Acrobatics","Outmaneuver"],"picked":"Footwork","floor":4},{"not_picked":["Poisoned Stab","Deadly Poison"],"picked":"Dagger Spray","floor":5},{"not_picked":["Concentrate","Reflex"],"picked":"Tools of the Trade","floor":10},{"not_picked":["Dagger Throw","Quick Slash"],"picked":"Accuracy","floor":12},{"not_picked":["Footwork","Acrobatics"],"picked":"Deflect","floor":13},{"not_picked":["Quick Slash","Poisoned Stab"],"picked":"Acrobatics","floor":14},{"not_picked":["Doppelganger","Unload"],"picked":"Burst","floor":16},{"not_picked":["Bane","Endless Agony","Catalyst"],"picked":"SKIP","floor":18},{"not_picked":["Poisoned Stab","Endless Agony"],"picked":"Underhanded Strike+1","floor":20}],"player_experience":812458,"relics_obtained":[{"floor":9,"key":"War Paint"}],"event_choices":[{"damage_healed":0,"gold_gain":0,"player_choice":"Ignored","damage_taken":0,"max_hp_gain":0,"max_hp_loss":0,"event_name":"Liars Game","floor":2,"gold_loss":0},{"damage_healed":0,"gold_gain":0,"player_choice":"Donut","damage_taken":0,"max_hp_gain":5,"max_hp_loss":0,"event_name":"Big Fish","floor":3,"gold_loss":0},{"damage_healed":0,"gold_gain":0,"player_choice":"Success","damage_taken":11,"relics_obtained":["Happy Flower"],"max_hp_gain":0,"max_hp_loss":0,"event_name":"Scrap Ooze","floor":7,"gold_loss":0},{"cards_removed":["Strike_G"],"damage_healed":0,"gold_gain":0,"player_choice":"Card Removal","damage_taken":7,"max_hp_gain":0,"max_hp_loss":0,"event_name":"Golden Wing","floor":8,"gold_loss":0},{"damage_healed":0,"gold_gain":0,"player_choice":"Upgraded","damage_taken":0,"max_hp_gain":0,"max_hp_loss":0,"event_name":"Upgrade Shrine","floor":11,"gold_loss":0,"cards_upgraded":["Footwork"]},{"damage_healed":0,"gold_gain":0,"player_choice":"Inject Mutagens","damage_taken":0,"relics_obtained":["MutagenicStrength"],"max_hp_gain":0,"max_hp_loss":0,"event_name":"Drug Dealer","floor":21,"gold_loss":0}],"is_beta":false,"boss_relics":[{"not_picked":["HoveringKite","White Beast Statue"],"picked":"Sozu"}],"items_purged_floors":[19],"is_endless":false,"potions_floor_spawned":[1,5,13,18,20],"killed_by":"Cultist and Chosen","ascension_level":18}