{"path_per_floor":["M","$","?","?","$","R","E","R","T","M","?","M","E","?","R","B",null,"M","M","?","M","?","R","E","M","T","?","R","?","R","M","R"],"character_chosen":"IRONCLAD","items_purchased":[],"gold_per_floor":[111,36,36,36,36,36,65,65,65,78,78,90,116,116,116,216,216,232,246,171,189,189,189,216,228,228,228,228,228,228,241,241],"floor_reached":33,"campfire_rested":2,"playtime":1388,"current_hp_per_floor":[78,78,78,78,78,78,80,80,80,80,68,67,37,37,37,12,63,51,48,48,39,39,78,38,28,28,28,67,67,67,57,57],"items_purged":["Strike_R"],"gold":241,"score":385,"play_id":"e5570a37-07c5-4344-b648-5c7f96787b16","is_prod":false,"is_daily":false,"is_ascension_mode":true,"campfire_upgraded":2,"path_taken":["M","$","?","?","$","R","E","R","T","?","?","M","E","?","R","BOSS","M","M","?","?","?","R","E","M","T","?","R","?","R","M","R","BOSS"],"build_version":"2018-02-12-PROD1","purchased_purges":1,"victory":false,"master_deck":["Strike_R","Strike_R","Strike_R","Defend_R+1","Defend_R","Bash+1","Headbutt+1","Feel No Pain","Flame Barrier+1","Pommel Strike","Offering","Intimidate+1","Shrug It Off","Inflame"],"max_hp_per_floor":[80,80,80,80,80,80,80,80,80,80,80,80,80,80,80,80,80,80,80,80,80,80,80,80,80,80,80,80,80,80,80,80],"relics":["Burning Blood","NeowsBlessing","Regal Pillow","Red Skull","Frozen Eye","Charon\u0027s Ashes","Shovel","Art of War","Sozu","Vajra","Thread and Needle","Dream Catcher","War Paint"],"card_choices":[{"not_picked":["Seeing Red","Intimidate"],"picked":"Headbutt"},{"not_picked":["Reckless Charge","Clothesline"],"picked":"Feel No Pain"},{"not_picked":["Power Through","Bloodletting"],"picked":"Flame Barrier"},{"not_picked":["Immolate","Sentinel"],"picked":"Pommel Strike"},{"not_picked":["Juggernaut","Exhume"],"picked":"Offering"},{"not_picked":["Heavy Blade","Anger"],"picked":"Intimidate"},{"not_picked":["Power Through","Warcry"],"picked":"Shrug It Off"},{"not_picked":["Armaments","Flex"],"picked":"Inflame"}],"player_experience":246612,"potions_floor_usage":[13,16],"damage_taken":[{"damage":0,"enemies":"Jaw Worm","floor":1,"turns":1},{"damage":0,"enemies":"Gremlin Nob","floor":7,"turns":1},{"damage":0,"enemies":"2 Louse","floor":10,"turns":1},{"damage":7,"enemies":"Small Slimes","floor":12,"turns":3},{"damage":36,"enemies":"Lagavulin","floor":13,"turns":6},{"damage":31,"enemies":"Slime Boss","floor":16,"turns":6},{"damage":18,"enemies":"Spheric Guardian","floor":18,"turns":5},{"damage":9,"enemies":"Shell Parasite","floor":19,"turns":4},{"damage":15,"enemies":"Chosen and Byrds","floor":21,"turns":4},{"damage":46,"enemies":"Book of Stabbing","floor":24,"turns":6},{"damage":16,"enemies":"Sentry and Sphere","floor":25,"turns":5},{"damage":16,"enemies":"Cultist and Chosen","floor":31,"turns":7},{"damage":63,"enemies":"Champ","floor":33,"turns":13}],"event_choices":[{"event_name":"The Cleric","player_choice":"Leave","floor":3,"damage_taken":0},{"event_name":"Living Wall","player_choice":"Forget","floor":4,"damage_taken":0},{"event_name":"Scrap Ooze","player_choice":"success","floor":11,"damage_taken":12},{"event_name":"Wheel of Change","player_choice":"Relic","floor":14,"damage_taken":0},{"event_name":"Beggar","player_choice":"Gave Gold","floor":20,"damage_taken":0},{"event_name":"Back to Basics","player_choice":"Elegance","floor":22,"damage_taken":0},{"event_name":"The Lab","player_choice":"Got Potions","floor":27,"damage_taken":0},{"event_name":"Vampires","player_choice":"Ignored","floor":29,"damage_taken":0}],"boss_relics":[{"not_picked":["White Beast Statue","Cursed Key"],"picked":"Sozu"}],"potions_floor_spawned":[12,13,24,25,31],"seed_played":"-306086947738567012","killed_by":"Champ","ascension_level":6,"is_trial":false}