{"path_per_floor":["M","?","?","?","M","R","E","M","T","E","?","R","M","$","R","B",null,"M","M","?","T","?","R","E","$","T","R","E","R","?","M","R","B",null,"M","?","?","M","M","R","E","?","T","M","?","R","$","M","R","B"],"character_chosen":"THE_SILENT","items_purchased":["Regal Pillow"],"gold_per_floor":[113,113,63,63,82,82,107,120,120,147,147,147,166,91,91,190,190,202,188,188,235,235,235,261,16,16,16,49,49,49,66,66,161,161,174,174,174,186,201,201,227,227,227,242,242,242,117,136,136,136],"floor_reached":51,"campfire_rested":4,"playtime":3610,"current_hp_per_floor":[63,51,51,51,51,51,51,51,51,22,45,45,45,45,45,36,62,62,48,48,48,48,48,39,39,39,70,70,70,54,38,70,52,66,38,38,38,40,21,57,24,15,15,27,27,27,27,39,70,45],"items_purged":["Strike_G","Defend_G","Decay"],"gold":136,"score":867,"play_id":"50bd06da-58ac-4931-8d19-837d10daf71b","is_prod":false,"is_daily":false,"is_ascension_mode":true,"campfire_upgraded":4,"path_taken":["M","?","?","?","?","R","E","M","T","E","?","R","M","$","R","BOSS","M","M","?","?","?","R","E","?","T","R","E","R","?","M","R","BOSS","M","?","?","M","M","R","E","?","T","M","?","R","$","M","R","BOSS"],"build_version":"2018-02-15-PROD1","purchased_purges":4,"victory":true,"master_deck":["Defend_G","Defend_G","Strike_G","Strike_G","Survivor","Neutralize+1","Dagger Throw","Acrobatics","Blur+1","Finisher","Bouncing Flask+1","Burst+1","Calculated Gamble+1","Well Laid Plans","Deadly Poison+1","Clumsy","Blade Dance","Setup+1","Noxious Fumes+1","Backflip+1","Madness","Madness","Writhe","Acrobatics+1","Prepared+1"],"max_hp_per_floor":[70,70,70,70,70,70,70,70,70,70,70,70,70,70,70,70,70,70,70,70,70,70,70,70,70,70,70,70,70,70,70,70,70,70,70,70,70,70,70,70,70,70,70,70,70,70,70,70,70,70],"relics":["Ring of the Snake","NeowsBlessing","Pen Nib","Letter Opener","Ginger","Prayer Wheel","Cursed Key","Juzu Bracelet","Meat on the Bone","Gambling Chip","Regal Pillow","Bottled Lightning","Shovel","Matryoshka","Enchiridion","Lizard Tail","Ancient Tea Set","Mummified Hand","Darkstone Periapt","Bag of Preparation"],"card_choices":[{"not_picked":["Backflip","Underhanded Strike"],"picked":"Dagger Throw"},{"not_picked":["Quick Slash","Slice"],"picked":"Acrobatics"},{"not_picked":["Outmaneuver","Predator"],"picked":"Blur"},{"not_picked":["Outmaneuver","Acrobatics"],"picked":"Finisher"},{"not_picked":["Flechettes","Caltrops"],"picked":"Bouncing Flask"},{"not_picked":["Die Die Die","Glass Knife"],"picked":"Burst"},{"not_picked":["PiercingWail","Eviscerate"],"picked":"Calculated Gamble"},{"not_picked":["Underhanded Strike","Footwork"],"picked":"Well Laid Plans"},{"not_picked":["Endless Agony","Infinite Blades"],"picked":"Deadly Poison"},{"not_picked":["Deflect","Glass Knife"],"picked":"Blade Dance"},{"not_picked":["Acrobatics","Sucker Punch"],"picked":"Setup"},{"not_picked":["Skewer","Expertise"],"picked":"Noxious Fumes"},{"not_picked":["Acrobatics","Dodge and Roll"],"picked":"Backflip"},{"not_picked":["Deadly Poison","Finisher"],"picked":"Acrobatics"},{"not_picked":["Outmaneuver","Caltrops"],"picked":"Prepared"}],"player_experience":333166,"potions_floor_usage":[41,48,50],"damage_taken":[{"damage":0.0,"enemies":"2 Louse","floor":1.0,"turns":1.0},{"damage":0.0,"enemies":"Small Slimes","floor":5.0,"turns":1.0},{"damage":0.0,"enemies":"Gremlin Nob","floor":7.0,"turns":1.0},{"damage":0.0,"enemies":"Cultist","floor":8.0,"turns":3.0},{"damage":29.0,"enemies":"Lagavulin","floor":10.0,"turns":6.0},{"damage":0.0,"enemies":"Large Slime","floor":13.0,"turns":4.0},{"damage":9.0,"enemies":"Hexaghost","floor":16.0,"turns":9.0},{"damage":0.0,"enemies":"Spheric Guardian","floor":18.0,"turns":2.0},{"damage":14.0,"enemies":"2 Thieves","floor":19.0,"turns":4.0},{"damage":21.0,"enemies":"Gremlin Leader","floor":24.0,"turns":7.0},{"damage":0.0,"enemies":"Book of Stabbing","floor":28.0,"turns":5.0},{"damage":16.0,"enemies":"Centurion and Healer","floor":31.0,"turns":4.0},{"damage":18.0,"enemies":"Champ","floor":33.0,"turns":8.0},{"damage":28.0,"enemies":"3 Darklings","floor":35.0,"turns":5.0},{"damage":10.0,"enemies":"Orb Walker","floor":38.0,"turns":2.0},{"damage":31.0,"enemies":"4 Shapes","floor":39.0,"turns":4.0},{"damage":45,"enemies":"Giant Head","floor":41,"turns":7},{"damage":0,"enemies":"Sphere and 2 Shapes","floor":44,"turns":4},{"damage":0,"enemies":"Maw","floor":48,"turns":5},{"damage":37,"enemies":"Donu and Deca","floor":50,"turns":5}],"event_choices":[{"event_name":"Scrap Ooze","player_choice":"success","floor":2.0,"damage_taken":12.0},{"event_name":"The Cleric","player_choice":"Card Removal","floor":3.0,"damage_taken":0.0},{"event_name":"Living Wall","player_choice":"Forget","floor":4.0,"damage_taken":0.0},{"event_name":"Big Fish","player_choice":"Banana","floor":11.0,"damage_taken":0.0},{"event_name":"Back to Basics","player_choice":"Elegance","floor":20.0,"damage_taken":0.0},{"event_name":"The Mausoleum","player_choice":"Yes","floor":22.0,"damage_taken":0.0},{"event_name":"Cursed Tome","player_choice":"Obtained Book","floor":30.0,"damage_taken":0.0},{"event_name":"The Woman in Blue","player_choice":"Bought 0 Potions","floor":37.0,"damage_taken":0.0},{"event_name":"Winding Halls","player_choice":"Embrace Madness","floor":42,"damage_taken":0},{"event_name":"Tomb of Lord Red Mask","player_choice":"Ignored","floor":45,"damage_taken":0}],"boss_relics":[],"potions_floor_spawned":[7,10,13,16,28,35,48],"seed_played":"-3830251116786707929","ascension_level":8,"is_trial":false}