{"gold_per_floor":[117,127,127,127,146,146,190,190,190,211,234,78,109,109,109,235,235,250,126,151,167,180,180,218,218,218,242,261,279,303,326,326,326],"floor_reached":33,"playtime":3029,"items_purged":["Strike_R"],"score":382,"play_id":"42b9e61b-f4ae-42ae-88d0-ef25adf8af20","local_time":"20190723011119","is_ascension_mode":true,"campfire_choices":[{"data":"Rampage","floor":6,"key":"SMITH"},{"data":"Shockwave","floor":8,"key":"SMITH"},{"floor":15,"key":"REST"},{"data":"Flame Barrier","floor":23,"key":"SMITH"},{"data":"Dual Wield","floor":25,"key":"SMITH"},{"floor":32,"key":"REST"}],"neow_cost":"PERCENT_DAMAGE","seed_source_timestamp":448911424440859,"circlet_count":0,"master_deck":["Strike_R","Strike_R","Strike_R","Defend_R","Defend_R+1","Defend_R","Defend_R+1","Bash","Rampage+1","Feel No Pain","Shockwave+1","Flame Barrier+1","Headbutt","Second Wind","Exhume","Dual Wield+1","Headbutt","Body Slam+1","Seeing Red+1"],"relics":["Burning Blood","Pocketwatch","Golden Idol","Torii","Nunchaku","Orichalcum","Ancient Tea Set","Sozu","Blood Vial","The Courier"],"potions_floor_usage":[16,24,28],"damage_taken":[{"damage":8,"enemies":"2 Louse","floor":1,"turns":3},{"damage":2,"enemies":"Jaw Worm","floor":2,"turns":3},{"damage":1,"enemies":"Cultist","floor":5,"turns":3},{"damage":5,"enemies":"Lagavulin","floor":7,"turns":5},{"damage":3,"enemies":"2 Fungi Beasts","floor":10,"turns":4},{"damage":6,"enemies":"Exordium Wildlife","floor":11,"turns":3},{"damage":12,"enemies":"Gremlin Nob","floor":13,"turns":4},{"damage":8,"enemies":"Slime Boss","floor":16,"turns":10},{"damage":12,"enemies":"Spheric Guardian","floor":18,"turns":4},{"damage":1,"enemies":"Chosen","floor":20,"turns":4},{"damage":12,"enemies":"Snake Plant","floor":21,"turns":4},{"damage":12,"enemies":"Snecko","floor":22,"turns":4},{"damage":20,"enemies":"Gremlin Leader","floor":24,"turns":6},{"damage":27,"enemies":"Centurion and Healer","floor":27,"turns":6},{"damage":3,"enemies":"Shelled Parasite and Fungi","floor":28,"turns":5},{"damage":0,"enemies":"Chosen and Byrds","floor":29,"turns":5},{"damage":16,"enemies":"Sentry and Sphere","floor":30,"turns":5},{"damage":1,"enemies":"3 Cultists","floor":31,"turns":5},{"damage":82,"enemies":"Collector","floor":33,"turns":9}],"seed_played":"-7906937593115317498","potions_obtained":[{"floor":1,"key":"Ancient Potion"},{"floor":2,"key":"Strength Potion"},{"floor":7,"key":"Poison Potion"},{"floor":13,"key":"EssenceOfSteel"},{"floor":16,"key":"Ancient Potion"}],"is_trial":false,"path_per_floor":["M","M","?","?","M","R","E","R","T","M","M","$","E","?","R","B",null,"M","$","M","M","M","R","E","R","T","M","M","M","M","M","R","B"],"character_chosen":"IRONCLAD","items_purchased":["Orichalcum","Headbutt"],"campfire_rested":2,"item_purchase_floors":[12,19],"current_hp_per_floor":[49,53,33,33,38,38,39,39,39,42,42,42,36,20,44,42,71,65,65,70,64,58,58,44,44,44,25,30,38,30,37,61,0],"gold":326,"neow_bonus":"ONE_RARE_RELIC","is_prod":false,"is_daily":false,"chose_seed":false,"campfire_upgraded":4,"win_rate":0,"timestamp":1563869479,"path_taken":["M","M","?","?","M","R","E","R","T","?","M","$","E","?","R","BOSS","M","$","M","M","M","R","E","R","T","M","M","M","M","M","R","BOSS"],"build_version":"2019-07-18","purchased_purges":1,"victory":false,"max_hp_per_floor":[80,80,80,80,80,80,80,80,80,80,80,80,80,80,80,80,80,80,80,80,80,80,80,80,80,80,80,80,80,80,80,80,80],"card_choices":[{"not_picked":["Shrug It Off","Sword Boomerang"],"picked":"Rampage","floor":1},{"not_picked":["True Grit","Body Slam"],"picked":"Feel No Pain","floor":2},{"not_picked":["Body Slam","Searing Blow"],"picked":"Shockwave","floor":5},{"not_picked":["True Grit","Flex"],"picked":"Flame Barrier","floor":7},{"not_picked":["Disarm","Anger"],"picked":"Headbutt","floor":10},{"not_picked":["Juggernaut","Iron Wave"],"picked":"Second Wind","floor":11},{"not_picked":["Cleave","Power Through","Shockwave"],"picked":"SKIP","floor":13},{"not_picked":["Reaper","Bludgeon"],"picked":"Exhume","floor":16},{"not_picked":["Inflame","Thunderclap+1"],"picked":"Dual Wield","floor":18},{"not_picked":["Second Wind","Body Slam","Heavy Blade"],"picked":"SKIP","floor":20},{"not_picked":["Clothesline","Anger+1","Twin Strike"],"picked":"SKIP","floor":21},{"not_picked":["Anger","Intimidate+1","Clash"],"picked":"SKIP","floor":22},{"not_picked":["Rage","Feel No Pain","Wild Strike"],"picked":"SKIP","floor":24},{"not_picked":["Anger","Havoc+1","Fiend Fire"],"picked":"SKIP","floor":27},{"not_picked":["Bloodletting","Clash"],"picked":"Body Slam+1","floor":28},{"not_picked":["Rage","Rampage"],"picked":"Seeing Red+1","floor":29},{"not_picked":["Twin Strike+1","Wild Strike+1","Rampage+1"],"picked":"SKIP","floor":30},{"not_picked":["Flex","Carnage","Thunderclap"],"picked":"SKIP","floor":31}],"player_experience":122755,"relics_obtained":[{"floor":7,"key":"Torii"},{"floor":9,"key":"Nunchaku"},{"floor":13,"key":"Ancient Tea Set"},{"floor":24,"key":"Blood Vial"},{"floor":26,"key":"The Courier"}],"event_choices":[{"damage_healed":0,"gold_gain":0,"player_choice":"Take Damage","damage_taken":20,"relics_obtained":["Golden Idol"],"max_hp_gain":0,"max_hp_loss":0,"event_name":"Golden Idol","floor":3,"gold_loss":0},{"cards_removed":["Strike_R"],"damage_healed":0,"gold_gain":0,"player_choice":"Purged","damage_taken":0,"max_hp_gain":0,"max_hp_loss":0,"event_name":"Purifier","floor":4,"gold_loss":0},{"damage_healed":0,"gold_gain":0,"player_choice":"Entered Light","damage_taken":16,"max_hp_gain":0,"max_hp_loss":0,"event_name":"Shining Light","floor":14,"gold_loss":0,"cards_upgraded":["Defend_R","Defend_R"]}],"is_beta":true,"boss_relics":[{"not_picked":["Runic Pyramid","Runic Dome"],"picked":"Sozu"}],"items_purged_floors":[19],"is_endless":false,"potions_floor_spawned":[1,2,7,13,16,18,21,27,29,31],"killed_by":"Collector","ascension_level":7}