{"gold_per_floor":[366,234,246,171,191,191,223,239,239,314,332,332,332,347,347,347],"floor_reached":16,"playtime":379,"items_purged":["Strike_B"],"score":189,"play_id":"bf43e245-55c9-4b25-884b-9d93b1aab04c","local_time":"20190206110641","is_ascension_mode":true,"campfire_choices":[{"data":"Zap","floor":6,"key":"SMITH"},{"data":"Coolheaded","floor":15,"key":"SMITH"}],"neow_cost":"TEN_PERCENT_HP_LOSS","seed_source_timestamp":394498670533664,"circlet_count":0,"master_deck":["AscendersBane","Strike_B","Defend_B","Defend_B","Defend_B","Defend_B","Zap+1","Dualcast","Coolheaded+1","Ball Lightning","Sweeping Beam","Skim","Loop"],"special_seed":0,"relics":["Cracked Core","Bronze Scales","Centennial Puzzle"],"potions_floor_usage":[],"damage_taken":[{"damage":9,"enemies":"2 Louse","floor":1,"turns":3},{"damage":2,"enemies":"Jaw Worm","floor":3,"turns":4},{"damage":0,"enemies":"Small Slimes","floor":5,"turns":2},{"damage":20,"enemies":"3 Sentries","floor":7,"turns":7},{"damage":4,"enemies":"Looter","floor":8,"turns":3},{"damage":6,"enemies":"Blue Slaver","floor":11,"turns":3},{"damage":10,"enemies":"Exordium Thugs","floor":14,"turns":3},{"damage":36,"enemies":"Slime Boss","floor":16,"turns":3}],"seed_played":"7098656270704289033","potions_obtained":[{"floor":3,"key":"Ancient Potion"},{"floor":5,"key":"Strength Potion"}],"is_trial":false,"path_per_floor":["M","$","M","?","M","R","E","M","T","?","M","?","?","M","R","B"],"character_chosen":"DEFECT","items_purchased":["Ball Lightning"],"campfire_rested":0,"item_purchase_floors":[2],"current_hp_per_floor":[55,55,53,53,53,53,33,29,29,18,12,5,26,16,16,0],"gold":347,"neow_bonus":"TWO_FIFTY_GOLD","is_prod":false,"is_daily":false,"chose_seed":false,"campfire_upgraded":2,"win_rate":0,"timestamp":1549447601,"path_taken":["M","$","M","?","M","R","E","M","T","?","M","?","?","?","R","BOSS"],"build_version":"2019-01-23","purchased_purges":1,"victory":false,"max_hp_per_floor":[64,64,64,64,64,64,64,64,64,64,64,64,64,64,64,64],"card_choices":[{"not_picked":["Beam Cell","Cold Snap"],"picked":"Coolheaded","floor":1},{"not_picked":["Turbo","Ball Lightning"],"picked":"Sweeping Beam","floor":3},{"not_picked":["Sweeping Beam","Leap","Go for the Eyes"],"picked":"SKIP","floor":5},{"not_picked":["Force Field","Aggregate","Static Discharge"],"picked":"SKIP","floor":7},{"not_picked":["Rebound","Gash"],"picked":"Skim","floor":8},{"not_picked":["Force Field","Amplify","Reprogram"],"picked":"SKIP","floor":11},{"not_picked":["Barrage","Leap"],"picked":"Loop","floor":14}],"player_experience":788067,"relics_obtained":[{"floor":7,"key":"Bronze Scales"},{"floor":9,"key":"Centennial Puzzle"}],"event_choices":[{"cards_removed":["Strike_B"],"damage_healed":0,"gold_gain":0,"player_choice":"Card Removal","damage_taken":0,"max_hp_gain":0,"max_hp_loss":0,"event_name":"The Cleric","floor":4,"gold_loss":75},{"damage_healed":0,"gold_gain":75,"player_choice":"Gather Gold","damage_taken":11,"max_hp_gain":0,"max_hp_loss":0,"event_name":"World of Goop","floor":10,"gold_loss":0},{"cards_removed":["Strike_B"],"damage_healed":0,"gold_gain":0,"player_choice":"Card Removal","damage_taken":7,"max_hp_gain":0,"max_hp_loss":0,"event_name":"Golden Wing","floor":12,"gold_loss":0},{"damage_healed":21,"gold_gain":0,"player_choice":"Banana","damage_taken":0,"max_hp_gain":0,"max_hp_loss":0,"event_name":"Big Fish","floor":13,"gold_loss":0}],"is_beta":false,"boss_relics":[],"items_purged_floors":[2],"is_endless":false,"potions_floor_spawned":[3,5],"killed_by":"Slime Boss","ascension_level":17}