{"gold_per_floor":[109,109,284,147,166,166,182,36,59,59,73,93,93,112,112,209,209,224,238,252,269,95,95,127,140,166,179,190,190,65,82,82,177,177,197,211,211,226,239,239,9,9,9,20,20,36,36,47,47,47],"floor_reached":51,"playtime":1976,"items_purged":["Regret","Strike_B","Strike_B","Strike_B"],"score":692,"play_id":"69bd4202-327b-4f29-9bf9-174a5d4f5be4","local_time":"20190630105058","is_ascension_mode":false,"campfire_choices":[{"data":"Tempest","floor":6,"key":"SMITH"},{"floor":10,"key":"REST"},{"floor":15,"key":"REST"},{"floor":23,"key":"REST"},{"floor":32,"key":"REST"},{"floor":40,"key":"REST"},{"floor":42,"key":"REST"},{"floor":45,"key":"REST"},{"floor":49,"key":"REST"}],"neow_cost":"CURSE","seed_source_timestamp":1443542059136303,"circlet_count":0,"master_deck":["Strike_B","Defend_B","Defend_B","Defend_B","Defend_B","Zap","Dualcast","Tempest+1","Static Discharge+1","Ball Lightning","Static Discharge+1","Ball Lightning","Storm+1","Biased Cognition+1","Loop+1","Ball Lightning","Static Discharge+1","Buffer+1","Tempest","Loop+1","Tempest+1","Static Discharge+1","Loop+1"],"relics":["Cracked Core","Bird Faced Urn","Bronze Scales","Frozen Egg 2","Dream Catcher","Sundial","Empty Cage","Calipers","DataDisk","Darkstone Periapt","Lizard Tail","Torii","NlothsMask"],"potions_floor_usage":[50],"damage_taken":[{"damage":15,"enemies":"Jaw Worm","floor":1,"turns":4},{"damage":15,"enemies":"Small Slimes","floor":5,"turns":2},{"damage":9,"enemies":"2 Louse","floor":7,"turns":2},{"damage":13,"enemies":"Red Slaver","floor":11,"turns":2},{"damage":11,"enemies":"Exordium Wildlife","floor":12,"turns":2},{"damage":11,"enemies":"Gremlin Gang","floor":14,"turns":2},{"damage":49,"enemies":"Hexaghost","floor":16,"turns":5},{"damage":0,"enemies":"Chosen","floor":18,"turns":4},{"damage":5,"enemies":"3 Byrds","floor":19,"turns":1},{"damage":18,"enemies":"Snecko","floor":20,"turns":3},{"damage":21,"enemies":"Snake Plant","floor":21,"turns":2},{"damage":20,"enemies":"Book of Stabbing","floor":24,"turns":3},{"damage":14,"enemies":"Sentry and Sphere","floor":25,"turns":3},{"damage":15,"enemies":"Snecko","floor":27,"turns":3},{"damage":12,"enemies":"Chosen and Byrds","floor":28,"turns":3},{"damage":28,"enemies":"Shelled Parasite and Fungi","floor":31,"turns":2},{"damage":37,"enemies":"Automaton","floor":33,"turns":4},{"damage":30,"enemies":"3 Darklings","floor":35,"turns":3},{"damage":20,"enemies":"3 Shapes","floor":36,"turns":3},{"damage":53,"enemies":"Spire Growth","floor":38,"turns":3},{"damage":31,"enemies":"Sphere and 2 Shapes","floor":39,"turns":3},{"damage":39,"enemies":"Jaw Worm Horde","floor":44,"turns":3},{"damage":1,"enemies":"Transient","floor":46,"turns":5},{"damage":26,"enemies":"Spire Growth","floor":48,"turns":3},{"damage":56,"enemies":"Time Eater","floor":50,"turns":5}],"seed_played":"-5827321862154364077","potions_obtained":[{"floor":5,"key":"FearPotion"},{"floor":11,"key":"GamblersBrew"},{"floor":12,"key":"SmokeBomb"},{"floor":14,"key":"FairyPotion"},{"floor":16,"key":"Swift Potion"},{"floor":31,"key":"Energy Potion"},{"floor":39,"key":"LiquidBronze"}],"is_trial":false,"path_per_floor":["M","?","?","?","M","R","M","$","T","R","M","M","T","M","R","B",null,"M","M","M","M","$","R","E","M","T","M","M","?","$","M","R","B",null,"M","M","?","M","M","R","$","R","T","M","R","M","?","M","R","B",null],"character_chosen":"DEFECT","items_purchased":["Static Discharge+1","Loop+1","Loop+1"],"campfire_rested":8,"item_purchase_floors":[8,22,41],"current_hp_per_floor":[60,60,60,60,45,45,36,36,36,58,45,36,36,29,51,8,75,75,70,58,39,39,61,51,45,45,38,34,34,34,14,36,11,75,49,35,66,17,6,25,25,44,44,15,34,49,49,33,52,12],"gold":47,"neow_bonus":"ONE_RARE_RELIC","is_prod":false,"is_daily":false,"chose_seed":false,"campfire_upgraded":1,"win_rate":0.0,"timestamp":1561906258,"path_taken":["M","?","?","?","M","R","?","$","T","R","M","M","?","M","R","BOSS","M","M","?","M","$","R","E","M","T","?","M","?","$","M","R","BOSS","M","M","?","M","M","R","$","R","T","M","R","M","?","?","R","BOSS"],"build_version":"2019-01-23","purchased_purges":4,"victory":true,"max_hp_per_floor":[75,75,75,75,75,75,75,75,75,75,75,75,75,75,75,75,75,75,75,75,75,75,75,75,75,75,75,75,75,75,75,75,75,75,75,75,66,66,66,66,66,66,66,66,66,66,66,66,66,66],"card_choices":[{"not_picked":["Auto Shields","Hello World"],"picked":"Tempest","floor":1},{"not_picked":["Steam","Gash"],"picked":"Static Discharge+1","floor":5},{"not_picked":["Self Repair+1","Storm+1"],"picked":"Ball Lightning","floor":7},{"not_picked":["Defragment+1","Hologram"],"picked":"Ball Lightning","floor":10},{"not_picked":["Rebound","Steam","Streamline"],"picked":"SKIP","floor":11},{"not_picked":["Melter","Double Energy","Redo"],"picked":"SKIP","floor":12},{"not_picked":["Conserve Battery","Cold Snap","Steam"],"picked":"SKIP","floor":14},{"not_picked":["Gash","Cold Snap"],"picked":"Storm+1","floor":15},{"not_picked":["Fission","All For One"],"picked":"Biased Cognition+1","floor":16},{"not_picked":["Chaos","Sweeping Beam","Beam Cell+1"],"picked":"SKIP","floor":18},{"not_picked":["Compile Driver","Gash","Go for the Eyes"],"picked":"SKIP","floor":19},{"not_picked":["Lockon","Reinforced Body","Coolheaded"],"picked":"SKIP","floor":20},{"not_picked":["Skim+1","Stack","Chill"],"picked":"SKIP","floor":21},{"not_picked":["Cold Snap","Sweeping Beam+1"],"picked":"Ball Lightning","floor":23},{"not_picked":["Leap","Gash","Blizzard+1"],"picked":"SKIP","floor":24},{"not_picked":["Conserve Battery","Hologram","Sweeping Beam"],"picked":"SKIP","floor":25},{"not_picked":["Streamline","Doom and Gloom"],"picked":"Static Discharge+1","floor":27},{"not_picked":["Chaos","Coolheaded+1","Aggregate"],"picked":"SKIP","floor":28},{"not_picked":["Streamline","Steam","Double Energy"],"picked":"SKIP","floor":31},{"not_picked":["Echo Form+1","Thunder Strike"],"picked":"Buffer+1","floor":33},{"not_picked":["Rebound","Hello World+1","Conserve Battery"],"picked":"SKIP","floor":35},{"not_picked":["Storm+1","Recycle"],"picked":"Tempest","floor":36},{"not_picked":["Leap","Beam Cell","Multi-Cast"],"picked":"SKIP","floor":38},{"not_picked":["Barrage","Fusion+1","Ball Lightning+1"],"picked":"SKIP","floor":39},{"not_picked":["Barrage+1","Sweeping Beam+1"],"picked":"Tempest+1","floor":42},{"not_picked":["Glacier","Fusion","Gash+1"],"picked":"SKIP","floor":44},{"not_picked":["Streamline+1","Cold Snap+1"],"picked":"Static Discharge+1","floor":45},{"not_picked":["Rebound+1","Heatsinks+1","Redo+1"],"picked":"SKIP","floor":46},{"not_picked":["Barrage+1","Force Field"],"picked":"Loop+1","floor":48}],"player_experience":50194,"relics_obtained":[{"floor":9,"key":"Dream Catcher"},{"floor":13,"key":"Sundial"},{"floor":24,"key":"Calipers"},{"floor":26,"key":"DataDisk"},{"floor":43,"key":"Torii"}],"event_choices":[{"damage_healed":0,"gold_gain":0,"player_choice":"Box","damage_taken":0,"relics_obtained":["Bronze Scales"],"max_hp_gain":0,"max_hp_loss":0,"event_name":"Big Fish","floor":2,"gold_loss":0,"cards_obtained":["Regret"]},{"damage_healed":0,"gold_gain":175,"player_choice":"AGREE","damage_taken":0,"max_hp_gain":0,"max_hp_loss":0,"event_name":"Liars Game","floor":3,"gold_loss":0,"cards_obtained":["Doubt"]},{"damage_healed":0,"gold_gain":0,"player_choice":"Paid Gold","damage_taken":0,"relics_obtained":["Frozen Egg 2"],"max_hp_gain":0,"max_hp_loss":0,"event_name":"WeMeetAgain","floor":4,"gold_loss":137},{"damage_healed":0,"gold_gain":0,"player_choice":"Opened","damage_taken":0,"relics_obtained":["Darkstone Periapt"],"max_hp_gain":0,"max_hp_loss":0,"event_name":"The Mausoleum","floor":29,"gold_loss":0},{"damage_healed":66,"gold_gain":0,"player_choice":"Heal","damage_taken":0,"max_hp_gain":0,"max_hp_loss":9,"event_name":"The Moai Head","floor":37,"gold_loss":0},{"damage_healed":0,"gold_gain":0,"player_choice":"Trade","damage_taken":0,"relics_obtained":["NlothsMask"],"max_hp_gain":0,"max_hp_loss":0,"event_name":"FaceTrader","floor":47,"gold_loss":0}],"is_beta":false,"boss_relics":[{"not_picked":["Runic Dome","White Beast Statue"],"picked":"Empty Cage"},{"not_picked":["Eternal Feather","Snecko Eye"],"picked":"Lizard Tail"}],"items_purged_floors":[8,22,30,41],"is_endless":false,"potions_floor_spawned":[5,11,12,14,16,19,20,31,33,38,39,44],"ascension_level":0}