{"gold_per_floor":[117,117,137,62,62,62,62,90,90,90,136,49,49,61,61,61],"floor_reached":16,"playtime":271,"items_purged":["Strike_R"],"score":242,"play_id":"ab01e944-58ff-4059-a812-cdcf15dd308a","local_time":"20190227182118","is_ascension_mode":true,"campfire_choices":[{"data":"Bash","floor":6,"key":"SMITH"},{"data":"Cleave","floor":10,"key":"SMITH"},{"data":"Metallicize","floor":13,"key":"SMITH"},{"data":"Heavy Blade","floor":15,"key":"SMITH"}],"neow_cost":"NONE","seed_source_timestamp":73582006346844,"circlet_count":0,"master_deck":["AscendersBane","Strike_R+1","Strike_R","Strike_R+1","Defend_R","Defend_R","Defend_R","Defend_R","Bash+1","Thunderclap","Cleave+1","Heavy Blade+1","Metallicize+1"],"relics":["Burning Blood","NeowsBlessing","Dodecahedron","Whetstone","Happy Flower"],"potions_floor_usage":[16],"damage_taken":[{"damage":0,"enemies":"2 Louse","floor":1,"turns":1},{"damage":0,"enemies":"Cultist","floor":3,"turns":1},{"damage":0,"enemies":"Lagavulin","floor":8,"turns":1},{"damage":8,"enemies":"Jaw Worm","floor":14,"turns":2},{"damage":76,"enemies":"The Guardian","floor":16,"turns":15}],"seed_played":"5996225090159519942","potions_obtained":[{"floor":3,"key":"Regen Potion"},{"floor":8,"key":"Swift Potion"}],"is_trial":false,"path_per_floor":["M","?","M","$","?","R","$","E","T","R","T","$","R","M","R","B"],"character_chosen":"IRONCLAD","items_purchased":["Metallicize"],"campfire_rested":0,"item_purchase_floors":[12],"current_hp_per_floor":[74,74,75,75,75,75,75,75,75,75,75,75,75,73,73,0],"gold":61,"neow_bonus":"THREE_ENEMY_KILL","is_prod":false,"is_daily":false,"chose_seed":false,"campfire_upgraded":4,"win_rate":0,"timestamp":1551288078,"path_taken":["M","?","M","?","?","R","?","E","T","R","?","?","R","M","R","BOSS"],"build_version":"2019-01-23","purchased_purges":1,"victory":false,"max_hp_per_floor":[75,75,75,75,75,75,75,75,75,75,75,75,75,75,75,75],"card_choices":[{"not_picked":["Sword Boomerang","Wild Strike"],"picked":"Thunderclap","floor":1},{"not_picked":["Battle Trance","Feel No Pain"],"picked":"Cleave","floor":3},{"not_picked":["Infernal Blade","Cleave"],"picked":"Heavy Blade","floor":8},{"not_picked":["Second Wind","Dual Wield","Sentinel"],"picked":"SKIP","floor":14}],"player_experience":911570,"relics_obtained":[{"floor":8,"key":"Dodecahedron"},{"floor":9,"key":"Whetstone"},{"floor":11,"key":"Happy Flower"}],"event_choices":[{"cards_removed":["Strike_R"],"damage_healed":0,"gold_gain":0,"player_choice":"Purged","damage_taken":0,"max_hp_gain":0,"max_hp_loss":0,"event_name":"Purifier","floor":2,"gold_loss":0},{"damage_healed":0,"gold_gain":0,"player_choice":"Leave","damage_taken":0,"max_hp_gain":0,"max_hp_loss":0,"event_name":"The Cleric","floor":5,"gold_loss":0}],"is_beta":false,"boss_relics":[],"items_purged_floors":[4],"is_endless":false,"potions_floor_spawned":[3,8],"killed_by":"The Guardian","ascension_level":20}