{"gold_per_floor":[119,129,146,161,187,187,217,217,217,217,233,4,24,41,41,115,115,133,133,52,52,64,64,81,81],"floor_reached":25,"playtime":2355,"items_purged":[],"score":390,"play_id":"4920987f-fe87-4551-8cbc-02aef24a2a3e","local_time":"20190728225521","is_ascension_mode":true,"campfire_choices":[{"floor":6.0,"key":"REST"},{"data":"Blade Dance","floor":8.0,"key":"SMITH"},{"data":"Neutralize","floor":10.0,"key":"SMITH"},{"floor":15.0,"key":"REST"},{"floor":23.0,"key":"REST"}],"neow_cost":"NONE","seed_source_timestamp":298796066358300,"circlet_count":0,"master_deck":["AscendersBane","Strike_G","Strike_G","Strike_G","Strike_G","Strike_G","Defend_G","Defend_G","Defend_G","Defend_G","Defend_G","Survivor","Neutralize+1","Skewer","Noxious Fumes","All Out Attack","Flying Knee","Blade Dance+1","Masterful Stab","Terror","After Image","Escape Plan","Decay","Slice"],"special_seed":0,"relics":["Black Star","Bag of Preparation","Art of War","Kunai","Blood Vial","Sling","White Beast Statue"],"potions_floor_usage":[25],"damage_taken":[{"damage":4.0,"enemies":"Cultist","floor":1.0,"turns":5.0},{"damage":7.0,"enemies":"Jaw Worm","floor":2.0,"turns":4.0},{"damage":1.0,"enemies":"Small Slimes","floor":3.0,"turns":4.0},{"damage":12.0,"enemies":"Gremlin Gang","floor":4.0,"turns":5.0},{"damage":20.0,"enemies":"Lagavulin","floor":7.0,"turns":5.0},{"damage":15.0,"enemies":"Exordium Wildlife","floor":11.0,"turns":3.0},{"damage":2.0,"enemies":"Looter","floor":13.0,"turns":3.0},{"damage":0.0,"enemies":"Large Slime","floor":14.0,"turns":3.0},{"damage":30.0,"enemies":"The Guardian","floor":16.0,"turns":12.0},{"damage":17.0,"enemies":"3 Byrds","floor":18.0,"turns":5.0},{"damage":22.0,"enemies":"Shell Parasite","floor":22.0,"turns":8.0},{"damage":19.0,"enemies":"Snake Plant","floor":24.0,"turns":6.0},{"damage":27,"enemies":"Slavers","floor":25,"turns":3}],"seed_played":"-511455378052123955","potions_obtained":[{"floor":1.0,"key":"FearPotion"},{"floor":3.0,"key":"Weak Potion"},{"floor":4.0,"key":"Strength Potion"},{"floor":13.0,"key":"Explosive Potion"},{"floor":14.0,"key":"Block Potion"},{"floor":18.0,"key":"GamblersBrew"},{"floor":21.0,"key":"SteroidPotion"},{"floor":24.0,"key":"GhostInAJar"}],"is_trial":false,"path_per_floor":["M","M","M","M","T","R","E","R","T","R","M","$","M","M","R","B",null,"M","?","$","?","M","R","M","E"],"character_chosen":"THE_SILENT","items_purchased":["Sling","GhostInAJar"],"campfire_rested":3,"item_purchase_floors":[12,20],"current_hp_per_floor":[55,48,47,35,35,54,34,34,34,34,21,21,21,23,42,14,53,38,38,38,38,18,37,20,0],"gold":81,"neow_bonus":"BOSS_RELIC","is_prod":false,"is_daily":false,"chose_seed":false,"campfire_upgraded":2,"win_rate":0,"timestamp":1564347321,"path_taken":["M","M","M","?","?","R","E","R","T","R","M","$","M","M","R","BOSS","M","?","$","?","M","R","M","E"],"build_version":"2019-07-17","purchased_purges":0,"victory":false,"max_hp_per_floor":[66,66,66,66,66,66,66,66,66,66,66,66,66,66,66,66,66,66,66,66,66,66,66,66,66],"card_choices":[{"not_picked":["Choke","Outmaneuver"],"picked":"Skewer","floor":1.0},{"not_picked":["Cloak And Dagger","Escape Plan"],"picked":"Noxious Fumes","floor":2.0},{"not_picked":["Slice","Quick Slash"],"picked":"All Out Attack","floor":3.0},{"not_picked":["Outmaneuver","Flechettes"],"picked":"Flying Knee","floor":4.0},{"not_picked":["Acrobatics","Doppelganger"],"picked":"Blade Dance","floor":7.0},{"not_picked":["Outmaneuver","Dagger Spray"],"picked":"Masterful Stab","floor":11.0},{"not_picked":["Underhanded Strike","Poisoned Stab","Masterful Stab"],"picked":"SKIP","floor":13.0},{"not_picked":["Expertise","Backflip"],"picked":"Terror","floor":14.0},{"not_picked":["Tools of the Trade","Venomology"],"picked":"After Image","floor":16.0},{"not_picked":["Poisoned Stab","Dash"],"picked":"Escape Plan","floor":18.0},{"not_picked":["Underhanded Strike","Quick Slash"],"picked":"Slice","floor":22.0},{"not_picked":["Grand Finale","Flying Knee","Blade Dance"],"picked":"SKIP","floor":24.0}],"player_experience":901251,"relics_obtained":[{"floor":5.0,"key":"Bag of Preparation"},{"floor":7.0,"key":"Art of War"},{"floor":7.0,"key":"Kunai"},{"floor":9.0,"key":"Blood Vial"}],"event_choices":[{"damage_healed":0.0,"max_hp_gain":0.0,"max_hp_loss":0.0,"gold_gain":0.0,"event_name":"Forgotten Altar","player_choice":"Smashed Altar","floor":19.0,"gold_loss":0.0,"damage_taken":0.0,"cards_obtained":["Decay"]},{"damage_healed":0.0,"max_hp_gain":0.0,"max_hp_loss":0.0,"gold_gain":0.0,"event_name":"Lab","player_choice":"Got Potions","floor":21.0,"gold_loss":0.0,"damage_taken":0.0}],"is_beta":false,"boss_relics":[{"not_picked":["Orrery","Lizard Tail"],"picked":"White Beast Statue"}],"items_purged_floors":[],"is_endless":false,"potions_floor_spawned":[1,3,4,13,14,18,22,24],"killed_by":"Slavers","ascension_level":18}