{"gold_per_floor":[113,113,188,237,93,14,14,49,49,49,65,76,76,88,88,162,162,173,223,123,135,150,150,150,150,150,150,25,25,25,25,25,99,99,119,119,119,139,150,150,165,196,223,223,242,242,242,256,256,256],"floor_reached":50,"playtime":2184,"items_purged":["Strike_G","Strike_G","Eviscerate+1"],"score":859,"play_id":"f97babb2-b4ec-4c06-91b1-afe26b2d8786","local_time":"20190116131212","is_ascension_mode":true,"campfire_choices":[{"data":"Neutralize","floor":7.0,"key":"SMITH"},{"data":"Deadly Poison","floor":10.0,"key":"SMITH"},{"data":"Noxious Fumes","floor":13.0,"key":"SMITH"},{"data":"Footwork","floor":15.0,"key":"SMITH"},{"data":"Noxious Fumes","floor":23.0,"key":"SMITH"},{"data":"Predator","floor":25.0,"key":"SMITH"},{"data":"Infinite Blades","floor":27.0,"key":"SMITH"},{"data":"Backflip","floor":29.0,"key":"SMITH"},{"data":"Survivor","floor":32.0,"key":"SMITH"},{"floor":40.0,"key":"REST"},{"data":"Cloak And Dagger","floor":44.0,"key":"SMITH"},{"data":"Tools of the Trade","floor":47.0,"key":"SMITH"},{"data":"Prepared","floor":49.0,"key":"SMITH"}],"neow_cost":"NONE","seed_source_timestamp":666771491375816,"circlet_count":0,"master_deck":["AscendersBane","Defend_G","Defend_G","Survivor+1","Neutralize+1","Deadly Poison+1","Footwork+1","Infinite Blades+1","Noxious Fumes+1","Backflip+1","Tools of the Trade+1","Finisher+1","Noxious Fumes+1","Flying Knee","Predator+1","Tools of the Trade+1","Slice","Backflip+1","Flechettes+1","Cloak And Dagger+1","Decay","Escape Plan+1","Footwork+1","Prepared+1"],"special_seed":0,"relics":["Ring of the Snake","NeowsBlessing","Centennial Puzzle","Mummified Hand","Dodecahedron","Astrolabe","Boot","Cursed Key","Frozen Egg 2","Orichalcum"],"potions_floor_usage":[50,50],"damage_taken":[{"damage":0.0,"enemies":"Small Slimes","floor":1.0,"turns":1.0},{"damage":0.0,"enemies":"Lagavulin","floor":8.0,"turns":1.0},{"damage":0.0,"enemies":"Jaw Worm","floor":11.0,"turns":1.0},{"damage":0.0,"enemies":"Cultist","floor":12.0,"turns":3.0},{"damage":0.0,"enemies":"Exordium Thugs","floor":14.0,"turns":5.0},{"damage":22.0,"enemies":"The Guardian","floor":16.0,"turns":10.0},{"damage":3.0,"enemies":"Shell Parasite","floor":18.0,"turns":5.0},{"damage":9.0,"enemies":"Spheric Guardian","floor":21.0,"turns":5.0},{"damage":5.0,"enemies":"Snake Plant","floor":22.0,"turns":5.0},{"damage":27.0,"enemies":"Automaton","floor":33.0,"turns":10.0},{"damage":1.0,"enemies":"3 Shapes","floor":35.0,"turns":4.0},{"damage":18.0,"enemies":"3 Darklings","floor":38.0,"turns":4.0},{"damage":0.0,"enemies":"Maw","floor":39.0,"turns":5.0},{"damage":9.0,"enemies":"Writhing Mass","floor":41.0,"turns":5.0},{"damage":6.0,"enemies":"Reptomancer","floor":42.0,"turns":7.0},{"damage":0.0,"enemies":"4 Shapes","floor":45.0,"turns":5.0},{"damage":7.0,"enemies":"Jaw Worm Horde","floor":48.0,"turns":5.0},{"damage":41,"enemies":"Awakened One","floor":50,"turns":10}],"seed_played":"-2760374284811618474","potions_obtained":[{"floor":1.0,"key":"GhostInAJar"},{"floor":11.0,"key":"EntropicBrew"},{"floor":18.0,"key":"PowerPotion"},{"floor":45.0,"key":"Dexterity Potion"},{"floor":48.0,"key":"Poison Potion"}],"is_trial":false,"path_per_floor":["M","?","?","T","$","$","R","E","T","R","M","M","R","M","R","B",null,"M","?","$","M","M","R","?","R","T","R","$","R","?","$","R","B",null,"M","?","$","M","M","R","M","E","T","R","M","?","R","M","R","B"],"character_chosen":"THE_SILENT","items_purchased":["Footwork","Infinite Blades"],"campfire_rested":1,"item_purchase_floors":[5,6],"current_hp_per_floor":[59,64,53,53,53,53,53,53,53,53,53,53,53,53,53,31,61,58,58,58,49,44,44,44,44,44,44,44,44,44,44,44,17,58,57,57,57,39,39,60,51,45,45,45,45,45,45,38,38,0],"gold":256,"neow_bonus":"THREE_ENEMY_KILL","is_prod":false,"is_daily":false,"chose_seed":false,"campfire_upgraded":12,"win_rate":0,"timestamp":1547640732,"path_taken":["M","?","?","?","?","$","R","E","T","R","M","?","R","M","R","BOSS","M","?","$","M","M","R","?","R","T","R","$","R","?","$","R","BOSS","M","?","?","?","M","R","M","E","T","R","M","?","R","?","R","BOSS"],"build_version":"2019-01-10","purchased_purges":3,"victory":false,"max_hp_per_floor":[66,71,71,71,71,71,71,71,71,71,71,71,71,71,71,71,71,71,71,71,71,71,71,71,71,71,71,71,71,71,71,71,71,71,71,71,71,71,71,71,71,71,71,71,71,71,71,71,71,71],"card_choices":[{"not_picked":["Masterful Stab","Tactician"],"picked":"Deadly Poison","floor":1.0},{"not_picked":["Quick Slash","Slice","Skewer"],"picked":"SKIP","floor":8.0},{"not_picked":["Dagger Spray","Sucker Punch","Bane"],"picked":"SKIP","floor":11.0},{"not_picked":["Acrobatics","Catalyst"],"picked":"Noxious Fumes","floor":12.0},{"not_picked":["Skewer","Blade Dance"],"picked":"Backflip","floor":14.0},{"not_picked":["Concentrate","Sucker Punch","Endless Agony"],"picked":"SKIP","floor":18.0},{"not_picked":["Concentrate","Sucker Punch","Endless Agony"],"picked":"SKIP","floor":18.0},{"not_picked":["Tactician","Endless Agony","Dash+1"],"picked":"SKIP","floor":21.0},{"not_picked":["Reflex","Underhanded Strike+1"],"picked":"Noxious Fumes","floor":22.0},{"not_picked":["Die Die Die","Grand Finale"],"picked":"Tools of the Trade","floor":33.0},{"not_picked":["Dagger Spray+1","Dodge and Roll"],"picked":"Slice","floor":35.0},{"not_picked":["Underhanded Strike+1","Dagger Throw+1"],"picked":"Backflip+1","floor":38.0},{"not_picked":["Accuracy","Deadly Poison"],"picked":"Flechettes+1","floor":39.0},{"not_picked":["Noxious Fumes","All Out Attack","Dash+1"],"picked":"SKIP","floor":41.0},{"not_picked":["Finisher","Dodge and Roll+1"],"picked":"Cloak And Dagger","floor":42.0},{"not_picked":["Flying Knee","Storm of Steel"],"picked":"Escape Plan+1","floor":45.0},{"not_picked":["Quick Slash+1","Terror+1"],"picked":"Prepared","floor":48.0}],"player_experience":753959,"relics_obtained":[{"floor":4.0,"key":"Centennial Puzzle"},{"floor":8.0,"key":"Mummified Hand"},{"floor":9.0,"key":"Dodecahedron"},{"floor":26.0,"key":"Boot"},{"floor":42.0,"key":"Frozen Egg 2"},{"floor":43.0,"key":"Orichalcum"}],"event_choices":[{"damage_healed":0.0,"max_hp_gain":5.0,"max_hp_loss":0.0,"gold_gain":0.0,"event_name":"Big Fish","player_choice":"Donut","floor":2.0,"gold_loss":0.0,"damage_taken":0.0},{"damage_healed":0.0,"max_hp_gain":0.0,"max_hp_loss":0.0,"gold_gain":75.0,"event_name":"World of Goop","player_choice":"Gather Gold","floor":3.0,"gold_loss":0.0,"damage_taken":11.0},{"damage_healed":0.0,"max_hp_gain":0.0,"max_hp_loss":0.0,"gold_gain":50.0,"event_name":"Nest","player_choice":"Stole From Cult","floor":19.0,"gold_loss":0.0,"damage_taken":0.0},{"damage_healed":0.0,"max_hp_gain":0.0,"max_hp_loss":0.0,"gold_gain":0.0,"cards_transformed":["Defend_G","Strike_G"],"event_name":"Drug Dealer","player_choice":"Became Test Subject","floor":24.0,"gold_loss":0.0,"damage_taken":0.0,"cards_obtained":["Flying Knee","Predator"]},{"damage_healed":0.0,"max_hp_gain":0.0,"max_hp_loss":0.0,"gold_gain":0.0,"event_name":"Match and Keep!","player_choice":"0 cards matched","floor":30.0,"gold_loss":0.0,"damage_taken":0.0,"cards_obtained":[]},{"cards_removed":["Defend_G"],"damage_healed":0.0,"max_hp_gain":0.0,"max_hp_loss":0.0,"gold_gain":0.0,"event_name":"Purifier","player_choice":"Purged","floor":36.0,"gold_loss":0.0,"damage_taken":0.0},{"damage_healed":0.0,"max_hp_gain":0.0,"max_hp_loss":0.0,"gold_gain":0.0,"event_name":"Duplicator","player_choice":"Copied","floor":46.0,"gold_loss":0.0,"damage_taken":0.0,"cards_obtained":["Footwork"]}],"is_beta":false,"boss_relics":[{"not_picked":["Runic Dome","Pandora\u0027s Box"],"picked":"Astrolabe"},{"not_picked":["Runic Pyramid","White Beast Statue"],"picked":"Cursed Key"}],"items_purged_floors":[5,20,28],"is_endless":false,"potions_floor_spawned":[1,11,18,35,45,48],"killed_by":"Awakened One","ascension_level":15}