{"gold_per_floor":[115,190,209,45,45,45,63,63,117,127,127,127,137,153,153,257,257,272,34,133,133,148,148,148,148],"floor_reached":25,"playtime":931,"items_purged":[],"score":210,"play_id":"18fc6a54-b8c2-46a8-80f1-6c6b9e87dcf6","local_time":"20190630215431","is_ascension_mode":true,"campfire_choices":[{"data":"Master of Strategy","floor":6,"key":"SMITH"},{"data":"Impervious","floor":8,"key":"SMITH"},{"data":"Bash","floor":12,"key":"SMITH"},{"data":"Demon Form","floor":15,"key":"SMITH"},{"data":"Apotheosis","floor":23,"key":"SMITH"}],"neow_cost":"NONE","seed_source_timestamp":1484429692088426,"circlet_count":0,"master_deck":["Strike_R","Strike_R","Strike_R","Strike_R+1","Strike_R","Defend_R","Defend_R","Defend_R","Defend_R+1","Bash+1","Impervious+1","Master of Strategy+1","Combust","Demon Form+1","Impervious","Apotheosis+1","Battle Trance","Combust","Thunderclap"],"relics":["Burning Blood","Blood Vial","Sozu"],"potions_floor_usage":[13,16],"damage_taken":[{"damage":18,"enemies":"2 Louse","floor":1,"turns":4},{"damage":1,"enemies":"Cultist","floor":3,"turns":4},{"damage":4,"enemies":"Small Slimes","floor":7,"turns":2},{"damage":0,"enemies":"2 Fungi Beasts","floor":10,"turns":5},{"damage":17,"enemies":"Lots of Slimes","floor":13,"turns":6},{"damage":11,"enemies":"Red Slaver","floor":14,"turns":4},{"damage":27,"enemies":"Hexaghost","floor":16,"turns":7},{"damage":6,"enemies":"Spheric Guardian","floor":18,"turns":4},{"damage":47,"enemies":"3 Byrds","floor":22,"turns":4},{"damage":41,"enemies":"Shelled Parasite and Fungi","floor":25,"turns":5}],"seed_played":"-6465326235965815342","potions_obtained":[{"floor":1,"key":"SneckoOil"},{"floor":3,"key":"SkillPotion"},{"floor":10,"key":"PowerPotion"},{"floor":16,"key":"Fire Potion"}],"is_trial":false,"path_per_floor":["M","?","M","$","?","R","M","R","T","M","?","R","M","M","R","B",null,"M","$","?","?","M","R","$","M"],"character_chosen":"IRONCLAD","items_purchased":["Master of Strategy","Apotheosis","Battle Trance"],"campfire_rested":0,"item_purchase_floors":[4,19,19],"current_hp_per_floor":[68,57,62,62,46,46,48,48,48,56,56,56,47,44,44,25,80,80,80,80,80,39,39,39,0],"gold":148,"neow_bonus":"ONE_RANDOM_RARE_CARD","is_prod":false,"is_daily":false,"chose_seed":false,"campfire_upgraded":5,"win_rate":0,"timestamp":1561946071,"path_taken":["M","?","M","$","?","R","M","R","T","M","?","R","?","M","R","BOSS","M","$","?","?","?","R","?","M"],"build_version":"2019-01-23","purchased_purges":0,"victory":false,"max_hp_per_floor":[80,80,80,80,80,80,80,80,80,80,80,80,80,80,80,80,80,80,80,80,80,80,80,80,80],"card_choices":[{"not_picked":["Sever Soul","Sword Boomerang","Hemokinesis"],"picked":"SKIP","floor":1},{"not_picked":["Shrug It Off","Second Wind","Dual Wield"],"picked":"SKIP","floor":3},{"not_picked":["Pommel Strike","Body Slam","Reckless Charge"],"picked":"SKIP","floor":7},{"not_picked":["Clash","Perfected Strike","Wild Strike"],"picked":"SKIP","floor":10},{"not_picked":["Blood for Blood","Disarm"],"picked":"Combust","floor":13},{"not_picked":["Sword Boomerang","Rampage"],"picked":"Demon Form","floor":14},{"not_picked":["Barricade","Juggernaut"],"picked":"Impervious","floor":16},{"not_picked":["Disarm+1","Uppercut","Twin Strike"],"picked":"SKIP","floor":18},{"not_picked":["Twin Strike","Body Slam","Wild Strike"],"picked":"SKIP","floor":22}],"player_experience":89467,"relics_obtained":[{"floor":9,"key":"Blood Vial"}],"event_choices":[{"damage_healed":0,"gold_gain":75,"player_choice":"Gather Gold","damage_taken":11,"max_hp_gain":0,"max_hp_loss":0,"event_name":"World of Goop","floor":2,"gold_loss":0},{"damage_healed":0,"gold_gain":0,"player_choice":"Entered Light","damage_taken":16,"max_hp_gain":0,"max_hp_loss":0,"event_name":"Shining Light","floor":5,"gold_loss":0,"cards_upgraded":["Strike_R","Defend_R"]},{"damage_healed":0,"gold_gain":0,"player_choice":"Bought 0 Potions","damage_taken":0,"max_hp_gain":0,"max_hp_loss":0,"event_name":"The Woman in Blue","floor":11,"gold_loss":0},{"damage_healed":0,"gold_gain":99,"player_choice":"Stole From Cult","damage_taken":0,"max_hp_gain":0,"max_hp_loss":0,"event_name":"Nest","floor":20,"gold_loss":0},{"damage_healed":0,"gold_gain":0,"player_choice":"2 cards matched","damage_taken":0,"max_hp_gain":0,"max_hp_loss":0,"event_name":"Match and Keep!","floor":21,"gold_loss":0,"cards_obtained":["Combust","Thunderclap"]}],"is_beta":false,"boss_relics":[{"not_picked":["Lizard Tail","Coffee Dripper"],"picked":"Sozu"}],"items_purged_floors":[],"is_endless":false,"potions_floor_spawned":[1,3,10,16],"killed_by":"Shelled Parasite and Fungi","ascension_level":2}