{"gold_per_floor":[114,114,39,56,56,56,70,99,99,114,132,132,142,142],"floor_reached":14,"playtime":473,"items_purged":[],"score":184,"play_id":"8b73d5d5-5c09-415a-9517-3a320c80ecd9","local_time":"20190308180334","is_ascension_mode":true,"campfire_choices":[{"data":"Evolve","floor":6,"key":"SMITH"},{"data":"Spot Weakness","floor":12,"key":"SMITH"}],"neow_cost":"TEN_PERCENT_HP_LOSS","seed_source_timestamp":228601622488830,"circlet_count":0,"master_deck":["AscendersBane","Strike_R","Strike_R","Strike_R","Defend_R","Defend_R","Defend_R","Defend_R","Bash+1","Evolve+1","Twin Strike","Iron Wave","Inflame","Warcry","Spot Weakness+1"],"special_seed":0,"relics":["Burning Blood","Thread and Needle","Matryoshka"],"potions_floor_usage":[11,14],"damage_taken":[{"damage":9,"enemies":"Jaw Worm","floor":1,"turns":4},{"damage":0,"enemies":"Cultist","floor":4,"turns":3},{"damage":10,"enemies":"Small Slimes","floor":7,"turns":4},{"damage":39,"enemies":"Lagavulin","floor":8,"turns":7},{"damage":14,"enemies":"Exordium Wildlife","floor":10,"turns":4},{"damage":1,"enemies":"Gremlin Gang","floor":11,"turns":5},{"damage":8,"enemies":"Large Slime","floor":13,"turns":2},{"damage":32,"enemies":"Gremlin Nob","floor":14,"turns":3}],"seed_played":"-2846639866259488446","potions_obtained":[{"floor":4,"key":"Swift Potion"},{"floor":8,"key":"Fire Potion"}],"is_trial":false,"path_per_floor":["M","?","$","M","?","R","M","E","T","M","M","R","M","E"],"character_chosen":"IRONCLAD","items_purchased":["Inflame"],"campfire_rested":0,"item_purchase_floors":[3],"current_hp_per_floor":[65,65,65,68,73,73,69,36,36,28,33,33,31,0],"gold":142,"neow_bonus":"TRANSFORM_TWO_CARDS","is_prod":false,"is_daily":false,"chose_seed":false,"campfire_upgraded":2,"win_rate":0,"timestamp":1552064614,"path_taken":["M","?","?","M","?","R","M","E","T","?","M","R","M","E"],"build_version":"2019-01-23","purchased_purges":0,"victory":false,"max_hp_per_floor":[68,68,68,68,73,73,73,73,73,73,73,73,73,73],"card_choices":[{"not_picked":["Burning Pact","Feel No Pain"],"picked":"Iron Wave","floor":1},{"not_picked":["Thunderclap","Wild Strike","Sword Boomerang"],"picked":"SKIP","floor":4},{"not_picked":["Hemokinesis","Fiend Fire","Infernal Blade"],"picked":"SKIP","floor":7},{"not_picked":["Clothesline","True Grit"],"picked":"Warcry","floor":8},{"not_picked":["Thunderclap","Warcry","Havoc"],"picked":"SKIP","floor":10},{"not_picked":["Feel No Pain","Bloodletting"],"picked":"Spot Weakness","floor":11},{"not_picked":["Havoc","Sentinel","Shockwave"],"picked":"SKIP","floor":13},{"not_picked":["Havoc","Sentinel","Shockwave"],"picked":"SKIP","floor":13}],"player_experience":955526,"relics_obtained":[{"floor":8,"key":"Thread and Needle"},{"floor":9,"key":"Matryoshka"}],"event_choices":[{"damage_healed":0,"gold_gain":0,"player_choice":"Upgraded","damage_taken":0,"max_hp_gain":0,"max_hp_loss":0,"event_name":"Upgrade Shrine","floor":2,"gold_loss":0,"cards_upgraded":["Bash"]},{"damage_healed":0,"gold_gain":0,"player_choice":"Donut","damage_taken":0,"max_hp_gain":5,"max_hp_loss":0,"event_name":"Big Fish","floor":5,"gold_loss":0}],"is_beta":false,"boss_relics":[],"items_purged_floors":[],"is_endless":false,"potions_floor_spawned":[4,8],"killed_by":"Gremlin Nob","ascension_level":20}