{"gold_per_floor":[115,135,135,185,195,195,254,254,254,254,268,112,112,12,12,12],"floor_reached":16,"playtime":390,"items_purged":["Strike_R","Strike_R"],"score":176,"play_id":"8940b64e-ec17-44b3-95e9-a0298d067846","local_time":"20190205121420","is_ascension_mode":true,"campfire_choices":[{"data":"Bash","floor":6.0,"key":"SMITH"},{"floor":8.0,"key":"REST"},{"data":"Battle Trance","floor":10.0,"key":"SMITH"},{"data":"Limit Break","floor":15,"key":"SMITH"}],"neow_cost":"TEN_PERCENT_HP_LOSS","seed_source_timestamp":337282234489510,"circlet_count":0,"master_deck":["AscendersBane","Strike_R","Strike_R","Strike_R","Defend_R","Defend_R","Defend_R","Defend_R","Bash+1","Limit Break+1","Warcry","Battle Trance+1","Thunderclap","Shrug It Off","Iron Wave"],"special_seed":0,"relics":["Burning Blood","Turnip","Tiny Chest","FossilizedHelix","Oddly Smooth Stone"],"potions_floor_usage":[16],"damage_taken":[{"damage":2.0,"enemies":"2 Louse","floor":1.0,"turns":2.0},{"damage":18.0,"enemies":"Small Slimes","floor":2.0,"turns":4.0},{"damage":10.0,"enemies":"Cultist","floor":5.0,"turns":5.0},{"damage":25.0,"enemies":"3 Sentries","floor":7.0,"turns":8.0},{"damage":20,"enemies":"Exordium Thugs","floor":11,"turns":5},{"damage":38,"enemies":"The Guardian","floor":16,"turns":7}],"seed_played":"-2422258755278298760","potions_obtained":[{"floor":2.0,"key":"Block Potion"},{"floor":5.0,"key":"AttackPotion"},{"floor":11,"key":"Fire Potion"}],"is_trial":false,"path_per_floor":["M","M","?","?","M","R","E","R","T","R","M","$","T","$","R","B"],"character_chosen":"IRONCLAD","items_purchased":["Shrug It Off","Iron Wave"],"campfire_rested":1,"item_purchase_floors":[12,12],"current_hp_per_floor":[68,56,38,32,28,28,9,29,29,29,15,15,15,15,15,0],"gold":12,"neow_bonus":"THREE_RARE_CARDS","is_prod":false,"is_daily":false,"chose_seed":false,"campfire_upgraded":3,"win_rate":0,"timestamp":1549365260,"path_taken":["M","M","?","?","?","R","E","R","T","R","M","$","?","$","R","BOSS"],"build_version":"2019-01-23","purchased_purges":2,"victory":false,"max_hp_per_floor":[68,68,68,68,68,68,68,68,68,68,68,68,68,68,68,68],"card_choices":[{"not_picked":["Brutality","Dark Embrace"],"picked":"Limit Break","floor":0.0},{"not_picked":["Wild Strike","Body Slam"],"picked":"Warcry","floor":1.0},{"not_picked":["Anger","Havoc","Armaments"],"picked":"SKIP","floor":2.0},{"not_picked":["True Grit","Havoc"],"picked":"Battle Trance","floor":5.0},{"not_picked":["Power Through","Dual Wield"],"picked":"Thunderclap","floor":7.0},{"not_picked":["Cleave","Entrench","Sentinel"],"picked":"SKIP","floor":11}],"player_experience":780106,"relics_obtained":[{"floor":7.0,"key":"Tiny Chest"},{"floor":9.0,"key":"FossilizedHelix"},{"floor":13,"key":"Oddly Smooth Stone"}],"event_choices":[{"damage_healed":0.0,"max_hp_gain":0.0,"max_hp_loss":0.0,"gold_gain":0.0,"event_name":"Scrap Ooze","player_choice":"Success","floor":3.0,"gold_loss":0.0,"damage_taken":18.0,"relics_obtained":["Turnip"]},{"damage_healed":0.0,"max_hp_gain":0.0,"max_hp_loss":0.0,"gold_gain":50.0,"event_name":"FaceTrader","player_choice":"Touch","floor":4.0,"gold_loss":0.0,"damage_taken":6.0}],"is_beta":false,"boss_relics":[],"items_purged_floors":[12,14],"is_endless":false,"potions_floor_spawned":[2,5,11],"killed_by":"The Guardian","ascension_level":16}