{"gold_per_floor":[113,113,127,52,52,83,83,101,126,138,477,489,519,562,574,663,675,698,710,647,134,147,147,166,166,214,225,259,259],"floor_reached":29,"playtime":850,"items_purged":["Strike_B","Hyperbeam"],"score":529,"play_id":"ebbe82a0-dabc-43dd-b109-50b18a029cc9","local_time":"20190118112915","is_ascension_mode":true,"campfire_choices":[{"data":"Consume","floor":7.0,"key":"SMITH"},{"data":"Coolheaded","floor":10.0,"key":"SMITH"},{"data":"Coolheaded","floor":12.0,"key":"SMITH"},{"data":"Lockon","floor":15.0,"key":"SMITH"},{"data":"Capacitor","floor":23.0,"key":"SMITH"},{"data":"Skim","floor":25.0,"key":"SMITH"}],"neow_cost":"NONE","seed_source_timestamp":777141770875928,"circlet_count":0,"master_deck":["AscendersBane","Zap+1","Dualcast","Lockon+1","Consume+1","Machine Learning","Coolheaded+1","Coolheaded+1","Reboot","Steam Power","Electrodynamics","Undo","Skim+1","Hyperbeam","Auto Shields+1","Ghostly","Ghostly","Ghostly","Capacitor+1","Melter","Steam+1","Fusion"],"special_seed":0,"relics":["Cracked Core","NeowsBlessing","Happy Flower","MawBank","Old Coin","Question Card","Pandora\u0027s Box","DataDisk","ClockworkSouvenir","Potion Belt","Unceasing Top"],"potions_floor_usage":[],"damage_taken":[{"damage":0.0,"enemies":"Small Slimes","floor":1.0,"turns":1.0},{"damage":0.0,"enemies":"Cultist","floor":3.0,"turns":1.0},{"damage":0.0,"enemies":"Gremlin Nob","floor":6.0,"turns":1.0},{"damage":0.0,"enemies":"2 Louse","floor":8.0,"turns":2.0},{"damage":18.0,"enemies":"3 Sentries","floor":11.0,"turns":7.0},{"damage":6.0,"enemies":"Looter","floor":13.0,"turns":3.0},{"damage":25.0,"enemies":"Lagavulin","floor":14.0,"turns":6.0},{"damage":7.0,"enemies":"Hexaghost","floor":16.0,"turns":9.0},{"damage":42.0,"enemies":"2 Thieves","floor":18.0,"turns":3.0},{"damage":3.0,"enemies":"Shell Parasite","floor":22.0,"turns":6.0},{"damage":0.0,"enemies":"Snake Plant","floor":24.0,"turns":4.0},{"damage":0.0,"enemies":"Snecko","floor":27.0,"turns":5.0},{"damage":9.0,"enemies":"Gremlin Leader","floor":28.0,"turns":5.0},{"damage":6,"enemies":"Chosen and Byrds","floor":29,"turns":1}],"seed_played":"-4398622338593148524","potions_obtained":[{"floor":1.0,"key":"EssenceOfSteel"},{"floor":3.0,"key":"Swift Potion"},{"floor":22.0,"key":"AttackPotion"}],"is_trial":false,"path_per_floor":["M","?","M","$","?","E","R","M","T","R","E","R","M","E","R","B",null,"M","?","?","$","M","R","M","R","T","M","E","M"],"character_chosen":"DEFECT","items_purchased":["DataDisk","Capacitor","ClockworkSouvenir"],"campfire_rested":0,"item_purchase_floors":[21,21,21],"current_hp_per_floor":[64,64,64,64,69,69,69,69,69,69,51,51,45,20,20,13,60,18,18,18,18,15,15,15,15,15,15,6,0],"gold":259,"neow_bonus":"THREE_ENEMY_KILL","is_prod":false,"is_daily":false,"chose_seed":false,"campfire_upgraded":6,"win_rate":0,"timestamp":1547807355,"path_taken":["M","?","?","?","?","E","R","M","T","R","E","R","M","E","R","BOSS","M","?","?","$","M","R","M","R","T","M","E","M"],"build_version":"2019-01-17","purchased_purges":2,"victory":false,"max_hp_per_floor":[71,71,71,71,76,76,76,76,76,76,76,76,76,76,76,76,76,76,38,38,38,38,38,38,38,38,38,38,38],"card_choices":[{"not_picked":["Turbo","Blizzard"],"picked":"Lockon","floor":1.0},{"not_picked":["Auto Shields","Hologram"],"picked":"Consume","floor":3.0},{"not_picked":["Skim","Rainbow"],"picked":"Machine Learning","floor":6.0},{"not_picked":["Streamline","Stack"],"picked":"Coolheaded","floor":8.0},{"not_picked":["Conserve Battery","Streamline"],"picked":"Coolheaded","floor":11.0},{"not_picked":["Beam Cell","Lockon","Stack"],"picked":"SKIP","floor":13.0},{"not_picked":["Go for the Eyes","Leap","Lockon"],"picked":"SKIP","floor":14.0},{"not_picked":["Rainbow","All For One","Amplify"],"picked":"Reboot","floor":16.0},{"not_picked":["Aggregate","Sweeping Beam","Gash"],"picked":"Auto Shields+1","floor":18.0},{"not_picked":["Leap","Steam Power","FTL"],"picked":"Melter","floor":22.0},{"not_picked":["Conserve Battery","Tempest","All For One","Sweeping Beam"],"picked":"SKIP","floor":24.0},{"not_picked":["Hologram","Beam Cell","Leap"],"picked":"Steam+1","floor":27.0},{"not_picked":["Steam","Storm","Darkness"],"picked":"Fusion","floor":28.0}],"player_experience":770631,"relics_obtained":[{"floor":6.0,"key":"Happy Flower"},{"floor":9.0,"key":"MawBank"},{"floor":11.0,"key":"Old Coin"},{"floor":14.0,"key":"Question Card"},{"floor":26.0,"key":"Potion Belt"},{"floor":28.0,"key":"Unceasing Top"}],"event_choices":[{"damage_healed":0.0,"max_hp_gain":0.0,"max_hp_loss":0.0,"gold_gain":0.0,"event_name":"Accursed Blacksmith","player_choice":"Forge","floor":2.0,"gold_loss":0.0,"damage_taken":0.0,"cards_upgraded":["Zap"]},{"damage_healed":0.0,"max_hp_gain":5.0,"max_hp_loss":0.0,"gold_gain":0.0,"event_name":"Big Fish","player_choice":"Donut","floor":5.0,"gold_loss":0.0,"damage_taken":0.0},{"damage_healed":0.0,"max_hp_gain":0.0,"max_hp_loss":38.0,"gold_gain":0.0,"event_name":"Ghosts","player_choice":"Became a Ghost","floor":19.0,"gold_loss":0.0,"damage_taken":0.0,"cards_obtained":["Ghostly","Ghostly","Ghostly"]},{"cards_removed":["Meteor Strike"],"damage_healed":0.0,"max_hp_gain":0.0,"max_hp_loss":0.0,"gold_gain":0.0,"event_name":"Beggar","player_choice":"Gave Gold","floor":20.0,"gold_loss":75.0,"damage_taken":0.0}],"is_beta":false,"boss_relics":[{"not_picked":["Black Star","Astrolabe"],"picked":"Pandora\u0027s Box"}],"items_purged_floors":[4,21],"is_endless":false,"potions_floor_spawned":[1,3,8,11,22],"killed_by":"Chosen and Byrds","ascension_level":17}