{"gold_per_floor":[113,113,113,113,126,152,152,28,53,53,53,84,101,117,117,214,214,230,242,152,52,68,68,79,79,104,15,15],"floor_reached":28,"playtime":900,"items_purged":["Strike_R","Strike_R","Strike_R"],"score":276,"play_id":"1660aaa9-6f6c-4b52-97f9-a9960d413f05","local_time":"20190411213459","is_ascension_mode":false,"campfire_choices":[{"floor":7,"key":"DIG"},{"floor":10,"key":"REST"},{"floor":15,"key":"DIG"},{"floor":23,"key":"RECALL"}],"neow_cost":"NONE","seed_source_timestamp":94017892661536,"circlet_count":0,"master_deck":["Strike_R","Defend_R","Defend_R","Defend_R","Defend_R","Bash","Fiend Fire","Thunderclap","Flex","Thunderclap","Cleave","Armaments","Warcry","Inflame+1","Carnage","Dark Embrace","Infernal Blade","Clothesline+1","Heavy Blade","Carnage"],"relics":["Burning Blood","Shovel","Oddly Smooth Stone","Turnip","Prayer Wheel","Bottled Lightning","Gambling Chip","Snecko Eye","Smiling Mask"],"potions_floor_usage":[6,16,16,19,24],"damage_taken":[{"damage":5,"enemies":"2 Louse","floor":1,"turns":2},{"damage":11,"enemies":"Jaw Worm","floor":5,"turns":2},{"damage":36,"enemies":"Lagavulin","floor":6,"turns":4},{"damage":20,"enemies":"Gremlin Nob","floor":12,"turns":4},{"damage":0,"enemies":"Small Slimes","floor":13,"turns":2},{"damage":14,"enemies":"Red Slaver","floor":14,"turns":4},{"damage":0,"enemies":"Slime Boss","floor":16,"turns":3},{"damage":24,"enemies":"2 Thieves","floor":18,"turns":4},{"damage":34,"enemies":"3 Byrds","floor":19,"turns":5},{"damage":19,"enemies":"Centurion and Healer","floor":22,"turns":4},{"damage":9,"enemies":"Sentry and Sphere","floor":24,"turns":4},{"damage":18,"enemies":"Shelled Parasite and Fungi","floor":28,"turns":2}],"seed_played":"5866423179618822099","potions_obtained":[{"floor":5,"key":"Ancient Potion"},{"floor":13,"key":"FearPotion"},{"floor":14,"key":"SneckoOil"},{"floor":18,"key":"Swift Potion"},{"floor":22,"key":"SteroidPotion"}],"is_trial":false,"path_per_floor":["M","?","?","?","M","E","R","$","T","R","?","E","M","M","R","B",null,"M","M","?","$","M","R","M","?","T","$","M"],"character_chosen":"IRONCLAD","items_purchased":["Cleave","Carnage"],"campfire_rested":1,"item_purchase_floors":[8,27],"current_hp_per_floor":[80,73,73,73,68,38,38,38,38,62,80,66,72,64,64,70,80,62,34,34,34,21,21,18,18,18,18,0],"gold":15,"neow_bonus":"ONE_RANDOM_RARE_CARD","is_prod":false,"is_daily":false,"chose_seed":false,"campfire_upgraded":0,"win_rate":0,"timestamp":1555036499,"path_taken":["M","?","?","?","?","E","R","$","T","R","?","E","M","M","R","BOSS","M","M","?","$","M","R","?","?","T","?","?"],"build_version":"2019-01-23","purchased_purges":3,"victory":false,"max_hp_per_floor":[80,80,80,80,80,80,80,80,80,80,80,80,80,80,80,80,80,80,80,77,77,77,77,77,77,77,77,77],"card_choices":[{"not_picked":["Twin Strike","Clash"],"picked":"Thunderclap","floor":1},{"not_picked":["Warcry","Sword Boomerang"],"picked":"Flex","floor":5},{"not_picked":["Hemokinesis","Exhume"],"picked":"Thunderclap","floor":6},{"not_picked":["Twin Strike","Anger"],"picked":"Armaments","floor":12},{"not_picked":["Armaments","Anger"],"picked":"Warcry","floor":13},{"not_picked":["Perfected Strike","True Grit","Rupture"],"picked":"SKIP","floor":13},{"not_picked":["Infernal Blade","Corruption"],"picked":"Inflame","floor":14},{"not_picked":["Exhume","Sentinel"],"picked":"Carnage","floor":14},{"not_picked":["Impervious","Feed"],"picked":"Dark Embrace","floor":16},{"not_picked":["Clothesline+1","Shockwave"],"picked":"Infernal Blade","floor":18},{"not_picked":["Iron Wave","Clothesline+1","Combust"],"picked":"SKIP","floor":18},{"not_picked":["Warcry","Rupture+1"],"picked":"Clothesline+1","floor":19},{"not_picked":["True Grit","Headbutt"],"picked":"Heavy Blade","floor":19},{"not_picked":["Iron Wave+1","Dropkick","Anger"],"picked":"SKIP","floor":22},{"not_picked":["True Grit","Flex","Warcry"],"picked":"SKIP","floor":22},{"not_picked":["Perfected Strike+1","Havoc+1","Thunderclap+1"],"picked":"SKIP","floor":24},{"not_picked":["Sword Boomerang","Clash","Hemokinesis"],"picked":"SKIP","floor":24}],"player_experience":752855,"relics_obtained":[{"floor":6,"key":"Turnip"},{"floor":7,"key":"Prayer Wheel"},{"floor":12,"key":"Bottled Lightning"},{"floor":15,"key":"Gambling Chip"},{"floor":26,"key":"Smiling Mask"}],"event_choices":[{"damage_healed":0,"gold_gain":0,"player_choice":"Success","damage_taken":7,"relics_obtained":["Shovel"],"max_hp_gain":0,"max_hp_loss":0,"event_name":"Scrap Ooze","floor":2,"gold_loss":0},{"damage_healed":0,"gold_gain":0,"player_choice":"Box","damage_taken":0,"relics_obtained":["Oddly Smooth Stone"],"max_hp_gain":0,"max_hp_loss":0,"event_name":"Big Fish","floor":3,"gold_loss":0,"cards_obtained":["Regret"]},{"cards_removed":["Regret"],"damage_healed":0,"gold_gain":0,"player_choice":"Purged","damage_taken":0,"max_hp_gain":0,"max_hp_loss":0,"event_name":"Purifier","floor":4,"gold_loss":0},{"damage_healed":20,"gold_gain":0,"player_choice":"Healed and dodged fight","damage_taken":0,"max_hp_gain":0,"max_hp_loss":0,"event_name":"Mushrooms","floor":11,"gold_loss":0,"cards_obtained":["Parasite"]},{"cards_removed":["Parasite"],"damage_healed":0,"gold_gain":0,"player_choice":"Upgrade and Remove","damage_taken":0,"max_hp_gain":0,"max_hp_loss":0,"event_name":"Designer","floor":20,"gold_loss":90,"cards_upgraded":["Inflame"]},{"cards_removed":["Strike_R"],"damage_healed":0,"gold_gain":0,"player_choice":"Purged","damage_taken":0,"max_hp_gain":0,"max_hp_loss":0,"event_name":"Purifier","floor":25,"gold_loss":0}],"is_beta":false,"boss_relics":[{"not_picked":["Runic Cube","Velvet Choker"],"picked":"Snecko Eye"}],"items_purged_floors":[8,21,27],"is_endless":false,"potions_floor_spawned":[5,13,14,18,22],"killed_by":"Shelled Parasite and Fungi","ascension_level":0}