{"path_per_floor":["M","?","M","?","M","R","M","R","T","M","R","E","R","E","R","B",null,"M","M","T","M","$","R","M","E","T","?","?","R","E","M","R","B",null,"M","$","M","?","M","E","R","E","T","M","E","?","$","?","R","B"],"character_chosen":"DEFECT","items_purchased":["Thread and Needle","Defragment"],"gold_per_floor":[117,117,130,130,143,143,163,163,186,198,198,228,228,255,255,358,358,369,381,451,470,97,97,107,139,139,139,54,54,82,93,93,198,198,214,42,52,0,17,49,49,82,82,95,127,127,2,54,54,54],"floor_reached":51,"campfire_rested":0,"playtime":3262,"current_hp_per_floor":[73,78,67,51,51,51,44,44,44,36,36,35,35,28,28,27,87,77,77,77,72,72,72,68,67,67,67,67,67,43,41,41,38,87,87,87,85,85,77,74,74,74,74,74,60,49,49,49,49,33],"items_purged":["Strike_B","Defend_B","Strike_B"],"gold":54,"score":965,"play_id":"5cdf286a-84c9-44ee-af39-a6e6950201c6","local_time":"20180506005225","is_prod":false,"is_daily":false,"chose_seed":false,"is_ascension_mode":true,"campfire_upgraded":10,"timestamp":1525560745,"path_taken":["M","?","M","?","M","R","M","R","T","?","R","E","R","E","R","BOSS","M","M","?","M","$","R","M","E","T","?","?","R","E","M","R","BOSS","M","$","M","?","M","E","R","E","T","?","E","?","$","?","R","BOSS"],"build_version":"2018-05-03","seed_source_timestamp":86716277550584,"purchased_purges":3,"victory":true,"master_deck":["Strike_B","Strike_B+1","Defend_B+1","Defend_B","Defend_B","Zap+1","Dualcast+1","Defragment+1","Cold Snap","Capacitor+1","Coolheaded","Glacier+1","Defragment+1","Prime+1","Blizzard+1","Conserve Battery+1","Capacitor+1","Ball Lightning+1","Chaos+1","Loop+1","Melter+1","Hologram+1","Amplify+1","Defragment+1","Impulse+1","Madness","Madness"],"max_hp_per_floor":[75,80,80,80,80,80,80,80,80,80,80,80,80,87,87,87,87,87,87,87,87,87,87,87,87,87,87,87,87,87,87,87,87,87,87,87,87,87,87,87,87,87,87,87,87,87,87,87,87,87],"relics":["Cracked Core","Pen Nib","Bag of Marbles","Strawberry","Orrery","Ornamental Fan","Thread and Needle","Bottled Lightning","Centennial Puzzle","War Paint","Ice Cream","Nuclear Battery","Red Mask","Bottled Tornado","Happy Flower","Calipers","Sundial","Gambling Chip"],"card_choices":[{"not_picked":["Hologram","Buffer"],"picked":"Defragment","floor":1.0},{"not_picked":["Loop","Beam Cell"],"picked":"Cold Snap","floor":5.0},{"not_picked":["Rebound","Stack"],"picked":"Capacitor","floor":7.0},{"not_picked":["Rebound","Static Discharge"],"picked":"Coolheaded","floor":10.0},{"not_picked":["Fission","Stack"],"picked":"Glacier","floor":12.0},{"not_picked":["Fusion","Loop"],"picked":"Defragment","floor":14.0},{"not_picked":["Rainbow","Creative AI"],"picked":"Prime","floor":16.0},{"not_picked":["Impulse","Capacitor"],"picked":"Blizzard","floor":17.0},{"not_picked":["Rip and Tear","Streamline"],"picked":"Conserve Battery","floor":17.0},{"not_picked":["Barrage","Axe Kick"],"picked":"Capacitor","floor":17.0},{"not_picked":["Chaos","Stack"],"picked":"Ball Lightning","floor":19.0},{"not_picked":["Coolheaded","Gash"],"picked":"Chaos","floor":21.0},{"not_picked":["Ball Lightning","Heatsinks"],"picked":"Loop","floor":25.0},{"not_picked":["Leap","Prime"],"picked":"Melter","floor":30.0},{"not_picked":["Axe Kick","Streamline"],"picked":"Hologram","floor":31.0},{"not_picked":["Rainbow","Fission"],"picked":"Amplify","floor":33.0},{"not_picked":["Reinforced Body","Hologram"],"picked":"Impulse","floor":45.0}],"player_experience":609738,"potions_floor_usage":[50,50,50],"damage_taken":[{"damage":2.0,"enemies":"Jaw Worm","floor":1.0,"turns":3.0},{"damage":11.0,"enemies":"2 Louse","floor":3.0,"turns":3.0},{"damage":0.0,"enemies":"Small Slimes","floor":5.0,"turns":3.0},{"damage":7.0,"enemies":"Red Slaver","floor":7.0,"turns":3.0},{"damage":8.0,"enemies":"Exordium Wildlife","floor":10.0,"turns":3.0},{"damage":1.0,"enemies":"Lagavulin","floor":12.0,"turns":6.0},{"damage":14.0,"enemies":"Gremlin Nob","floor":14.0,"turns":5.0},{"damage":1.0,"enemies":"Hexaghost","floor":16.0,"turns":11.0},{"damage":10.0,"enemies":"Spheric Guardian","floor":18.0,"turns":6.0},{"damage":0.0,"enemies":"3 Byrds","floor":19.0,"turns":4.0},{"damage":5.0,"enemies":"Snecko","floor":21.0,"turns":7.0},{"damage":4.0,"enemies":"Chosen and Byrds","floor":24.0,"turns":7.0},{"damage":1.0,"enemies":"Book of Stabbing","floor":25.0,"turns":6.0},{"damage":24.0,"enemies":"Slavers","floor":30.0,"turns":7.0},{"damage":2.0,"enemies":"Centurion and Healer","floor":31.0,"turns":6.0},{"damage":3.0,"enemies":"Champ","floor":33.0,"turns":11.0},{"damage":0.0,"enemies":"Flame Bruiser 1 Orb","floor":35.0,"turns":7.0},{"damage":2.0,"enemies":"3 Darklings","floor":37.0,"turns":6.0},{"damage":8.0,"enemies":"4 Shapes","floor":39.0,"turns":4.0},{"damage":3.0,"enemies":"Nemesis","floor":40.0,"turns":9.0},{"damage":0.0,"enemies":"Giant Head","floor":42.0,"turns":8.0},{"damage":0.0,"enemies":"Maw","floor":44.0,"turns":7.0},{"damage":14.0,"enemies":"2 Orb Walkers","floor":45.0,"turns":7.0},{"damage":0.0,"enemies":"Mysterious Sphere","floor":48.0,"turns":5.0},{"damage":16,"enemies":"Awakened One","floor":50,"turns":15}],"event_choices":[{"event_name":"Big Fish","player_choice":"Donut","floor":2.0,"damage_taken":0.0},{"event_name":"Shining Light","player_choice":"Entered Light","floor":4.0,"damage_taken":0.0},{"event_name":"The Woman in Blue","player_choice":"Bought 0 Potions","floor":27.0,"damage_taken":0.0},{"event_name":"Addict","player_choice":"Obtained Relic","floor":28.0,"damage_taken":0.0},{"event_name":"Tomb of Lord Red Mask","player_choice":"Paid","floor":38.0,"damage_taken":0.0},{"event_name":"Winding Halls","player_choice":"Embrace Madness","floor":46.0,"damage_taken":0.0},{"event_name":"Mysterious Sphere","player_choice":"Fight","floor":48.0,"damage_taken":0.0}],"boss_relics":[],"potions_floor_spawned":[1,5,7,18,21,31,39,44,48],"seed_played":"3156548325238438041","ascension_level":4,"is_trial":false}