{"gold_per_floor":[109,184,196,196,196,196,210,269,294,304,29,29,46,74,74,173,173,173,173,173],"floor_reached":20,"playtime":600,"items_purged":["Strike_B"],"score":276,"play_id":"de069e23-2b52-4d32-85b9-e8854d81114d","local_time":"20180717213612","is_ascension_mode":true,"campfire_choices":[{"data":"Zap","floor":6.0,"key":"SMITH"},{"floor":12.0,"key":"REST"},{"data":"Beam Cell","floor":15.0,"key":"SMITH"}],"neow_cost":"","seed_source_timestamp":441142075328069,"circlet_count":0,"master_deck":["Strike_B","Strike_B","Strike_B","Defend_B","Defend_B+1","Defend_B","Defend_B","Zap+1","Dualcast+1","AscendersBane","Steam","Gash","Sweeping Beam","Streamline","Beam Cell+1","Electrodynamics","Conserve Battery"],"special_seed":0,"relics":["Cracked Core","Tiny Chest","Omamori","Regal Pillow","Strawberry","Ectoplasm"],"potions_floor_usage":[16,20],"damage_taken":[{"damage":0.0,"enemies":"Small Slimes","floor":1.0,"turns":3.0},{"damage":3.0,"enemies":"Jaw Worm","floor":3.0,"turns":4.0},{"damage":2.0,"enemies":"2 Louse","floor":7.0,"turns":3.0},{"damage":30.0,"enemies":"Lagavulin","floor":8.0,"turns":5.0},{"damage":0.0,"enemies":"2 Fungi Beasts","floor":10.0,"turns":3.0},{"damage":3.0,"enemies":"Looter","floor":13.0,"turns":3.0},{"damage":5.0,"enemies":"3 Sentries","floor":14.0,"turns":6.0},{"damage":12,"enemies":"Hexaghost","floor":16,"turns":9},{"damage":25,"enemies":"Shell Parasite","floor":18,"turns":4},{"damage":37,"enemies":"Chosen","floor":19,"turns":5},{"damage":12,"enemies":"Snake Plant","floor":20,"turns":2}],"seed_played":"-3966719766299326809","potions_obtained":[{"floor":7.0,"key":"PowerPotion"},{"floor":8.0,"key":"SpeedPotion"},{"floor":14.0,"key":"Strength Potion"},{"floor":19,"key":"PowerPotion"}],"is_trial":false,"path_per_floor":["M","?","M","?","?","R","M","E","T","M","$","R","M","E","R","B",null,"M","M"],"character_chosen":"DEFECT","items_purchased":["Regal Pillow","Beam Cell"],"campfire_rested":1,"item_purchase_floors":[11,11],"current_hp_per_floor":[68,57,54,39,39,39,37,7,7,7,7,44,41,43,43,31,69,44,7,0],"gold":173,"neow_bonus":"","is_prod":false,"is_daily":false,"chose_seed":false,"campfire_upgraded":2,"win_rate":0,"timestamp":1531856172,"path_taken":["M","?","M","?","?","R","?","E","T","M","?","R","M","E","R","BOSS","M","M","M"],"build_version":"2018-07-12","purchased_purges":1,"victory":false,"max_hp_per_floor":[75,75,75,75,75,75,75,75,75,75,75,75,75,82,82,82,82,82,82,82],"card_choices":[{"not_picked":["Streamline","Darkness"],"picked":"Steam","floor":1.0},{"not_picked":["Cold Snap","Streamline"],"picked":"Gash","floor":3.0},{"not_picked":["Ball Lightning","Force Field","Cold Snap"],"picked":"SKIP","floor":7.0},{"not_picked":["Reprogram","Redo"],"picked":"Sweeping Beam","floor":8.0},{"not_picked":["Hyperbeam","Doom and Gloom"],"picked":"Streamline","floor":10.0},{"not_picked":["Barrage","Leap","Steam"],"picked":"SKIP","floor":13.0},{"not_picked":["Blizzard","Beam Cell","Ball Lightning"],"picked":"SKIP","floor":14.0},{"not_picked":["Seek","Meteor Strike"],"picked":"Electrodynamics","floor":16},{"not_picked":["Force Field+1","Stack","Tempest"],"picked":"SKIP","floor":18},{"not_picked":["Steam","Leap"],"picked":"Conserve Battery","floor":19}],"player_experience":582857,"relics_obtained":[{"floor":8.0,"key":"Tiny Chest"},{"floor":9.0,"key":"Omamori"},{"floor":14.0,"key":"Strawberry"}],"event_choices":[{"event_name":"World of Goop","player_choice":"Gather Gold","floor":2.0,"damage_taken":0.0},{"event_name":"Shining Light","player_choice":"Entered Light","floor":4.0,"damage_taken":0.0},{"event_name":"Golden Idol","player_choice":"Ignored","floor":5.0,"damage_taken":0.0}],"boss_relics":[{"not_picked":["Tiny House","Runic Dome"],"picked":"Ectoplasm"}],"items_purged_floors":[11],"is_endless":false,"potions_floor_spawned":[7,8,14,19],"killed_by":"Snake Plant","ascension_level":10}