{"gold_per_floor":[13,13,23,36,36,36,56,66,140,140,65,76,76,90,90,189,239,254,264,274,373,373,373,386,386,386,397,416,416],"floor_reached":29,"playtime":966,"items_purged":["Strike_B"],"score":368,"play_id":"7706c557-3db6-436d-8af4-a1c0c0b44aad","local_time":"20180805175625","is_ascension_mode":true,"campfire_choices":[{"data":"Zap","floor":6.0,"key":"SMITH"},{"data":"Redo","floor":10.0,"key":"SMITH"},{"data":"Dualcast","floor":13.0,"key":"SMITH"},{"data":"Go for the Eyes","floor":15.0,"key":"SMITH"},{"floor":23,"key":"REST"},{"floor":25,"key":"REST"}],"neow_cost":"NO_GOLD","seed_source_timestamp":298808284774070,"circlet_count":0,"master_deck":["Strike_B","Strike_B","Defend_B","Defend_B","Defend_B","Defend_B","Zap+1","Dualcast+1","AscendersBane","Melter","Compile Driver","Go for the Eyes+1","Redo+1","Compile Driver","Lockon+1","Electrodynamics+1","Coolheaded+1","Heatsinks+1","Chill","Coolheaded","Loop"],"special_seed":0,"relics":["Cracked Core","Symbiotic Virus","Tiny House","Du-Vu Doll"],"potions_floor_usage":[16,29],"damage_taken":[{"damage":5.0,"enemies":"Small Slimes","floor":1.0,"turns":3.0},{"damage":8.0,"enemies":"2 Louse","floor":3.0,"turns":3.0},{"damage":1.0,"enemies":"Cultist","floor":4.0,"turns":3.0},{"damage":28.0,"enemies":"Large Slime","floor":7.0,"turns":5.0},{"damage":6.0,"enemies":"3 Louse","floor":8.0,"turns":2.0},{"damage":0.0,"enemies":"Blue Slaver","floor":12.0,"turns":2.0},{"damage":5.0,"enemies":"Gremlin Gang","floor":14.0,"turns":3.0},{"damage":8,"enemies":"Hexaghost","floor":16,"turns":7},{"damage":31,"enemies":"2 Thieves","floor":18,"turns":3},{"damage":17,"enemies":"Shell Parasite","floor":19,"turns":4},{"damage":32,"enemies":"Snecko","floor":20,"turns":6},{"damage":22,"enemies":"Centurion and Healer","floor":24,"turns":4},{"damage":19,"enemies":"Snake Plant","floor":27,"turns":3},{"damage":11,"enemies":"Snecko","floor":28,"turns":5},{"damage":17,"enemies":"Slaver and Parasite","floor":29,"turns":1}],"seed_played":"8110610653698065259","potions_obtained":[{"floor":3.0,"key":"Strength Potion"},{"floor":8.0,"key":"Weak Potion"},{"floor":17,"key":"FairyPotion"},{"floor":27,"key":"SneckoOil"},{"floor":28,"key":"AttackPotion"}],"is_trial":false,"path_per_floor":["M","?","M","M","$","R","M","M","T","R","$","M","R","M","R","B",null,"M","M","M","?","?","R","M","R","T","M","M"],"character_chosen":"DEFECT","items_purchased":[],"campfire_rested":2,"item_purchase_floors":[],"current_hp_per_floor":[77,77,69,68,68,68,40,34,34,34,34,34,34,29,29,21,77,46,29,9,9,9,37,15,43,43,24,13,0],"gold":416,"neow_bonus":"TWENTY_PERCENT_HP_BONUS","is_prod":false,"is_daily":false,"chose_seed":false,"campfire_upgraded":4,"win_rate":0,"timestamp":1533484585,"path_taken":["M","?","M","M","$","R","M","M","T","R","$","M","R","?","R","BOSS","M","M","M","?","?","R","?","R","T","M","M","?"],"build_version":"2018-08-01","purchased_purges":1,"victory":false,"max_hp_per_floor":[89,89,89,89,89,89,89,89,89,89,89,89,89,89,89,89,94,94,94,94,94,94,94,94,94,94,94,94,94],"card_choices":[{"not_picked":["Ball Lightning","Tempest","Gash"],"picked":"SKIP","floor":1.0},{"not_picked":["Consume","Sunder"],"picked":"Melter","floor":3.0},{"not_picked":["Reinforced Body","Barrage"],"picked":"Compile Driver","floor":4.0},{"not_picked":["Ball Lightning","Recycle"],"picked":"Go for the Eyes","floor":7.0},{"not_picked":["Storm","Blizzard"],"picked":"Redo","floor":8.0},{"not_picked":["Beam Cell","Turbo"],"picked":"Compile Driver","floor":12.0},{"not_picked":["Fusion","Streamline"],"picked":"Lockon","floor":14.0},{"not_picked":["Seek","Core Surge"],"picked":"Electrodynamics","floor":16},{"not_picked":["Loop","Go for the Eyes"],"picked":"Coolheaded+1","floor":18},{"not_picked":["White Noise+1","Double Energy"],"picked":"Heatsinks+1","floor":19},{"not_picked":["Hello World","Leap","Beam Cell"],"picked":"SKIP","floor":20},{"not_picked":["Barrage","Undo"],"picked":"Chill","floor":24},{"not_picked":["Fusion","Sweeping Beam+1"],"picked":"Coolheaded","floor":27},{"not_picked":["Cold Snap+1","Beam Cell"],"picked":"Loop","floor":28}],"player_experience":752374,"relics_obtained":[{"floor":9.0,"key":"Symbiotic Virus"},{"floor":26,"key":"Du-Vu Doll"}],"event_choices":[{"event_name":"Living Wall","player_choice":"Forget","floor":2.0,"damage_taken":0.0},{"event_name":"Nest","player_choice":"Stole From Cult","floor":21,"damage_taken":0},{"event_name":"Upgrade Shrine","player_choice":"Upgraded","floor":22,"damage_taken":0}],"is_beta":true,"boss_relics":[{"not_picked":["Velvet Choker","Calling Bell"],"picked":"Tiny House"}],"items_purged_floors":[11],"is_endless":false,"potions_floor_spawned":[3,8,12,14,18,27,28],"killed_by":"Slaver and Parasite","ascension_level":11}