{"gold_per_floor":[117,117,135,135,150,186,186,7,7,7,30,30,30,30,30,30],"floor_reached":16,"playtime":394,"items_purged":["Strike_R"],"score":98,"play_id":"a395396b-7961-4776-98e6-0668bd730c31","local_time":"20190727215948","is_ascension_mode":false,"campfire_choices":[{"data":"Armaments","floor":7,"key":"SMITH"},{"data":"Entrench","floor":10,"key":"SMITH"},{"data":"Body Slam","floor":12,"key":"SMITH"},{"floor":15,"key":"REST"}],"neow_cost":"PERCENT_DAMAGE","seed_source_timestamp":1479528635115900,"circlet_count":0,"master_deck":["Strike_R","Strike_R","Strike_R","Strike_R","Defend_R","Defend_R","Defend_R","Defend_R","Bash+1","Deep Breath","The Bomb+1","Armaments+1","Body Slam+1","Body Slam","Evolve","Entrench+1","Metallicize","Body Slam"],"relics":["Burning Blood","Golden Idol","Self Forming Clay","Vajra"],"potions_floor_usage":[16],"damage_taken":[{"damage":17,"enemies":"Small Slimes","floor":1,"turns":3},{"damage":1,"enemies":"Cultist","floor":3,"turns":4},{"damage":6,"enemies":"Jaw Worm","floor":5,"turns":3},{"damage":23,"enemies":"Gremlin Nob","floor":6,"turns":4},{"damage":9,"enemies":"Blue Slaver","floor":11,"turns":4},{"damage":38,"enemies":"The Guardian","floor":16,"turns":5}],"seed_played":"-7927804242515343813","potions_obtained":[{"floor":3,"key":"SkillPotion"},{"floor":11,"key":"Ancient Potion"}],"is_trial":false,"path_per_floor":["M","?","M","?","M","E","R","$","T","R","M","R","$","?","R","B"],"character_chosen":"IRONCLAD","items_purchased":["Entrench","Metallicize"],"campfire_rested":1,"item_purchase_floors":[8,8],"current_hp_per_floor":[45,45,50,50,50,33,33,33,33,33,30,30,30,15,37,0],"gold":30,"neow_bonus":"RANDOM_COLORLESS_2","is_prod":false,"is_daily":false,"chose_seed":false,"campfire_upgraded":3,"win_rate":0,"timestamp":1564282788,"path_taken":["M","?","M","?","?","E","R","?","T","R","M","R","?","?","R","BOSS"],"build_version":"2019-07-17","purchased_purges":1,"victory":false,"max_hp_per_floor":[80,74,74,74,74,74,74,74,74,74,74,74,74,74,74,74],"card_choices":[{"not_picked":["Havoc","Warcry"],"picked":"Armaments","floor":1},{"not_picked":["Armaments","Anger"],"picked":"Body Slam","floor":3},{"not_picked":["Armaments","Shrug It Off"],"picked":"Body Slam","floor":5},{"not_picked":["Cleave","Armaments"],"picked":"Evolve","floor":6},{"not_picked":["Clothesline","Perfected Strike"],"picked":"Body Slam","floor":11}],"player_experience":816760,"relics_obtained":[{"floor":6,"key":"Vajra"}],"event_choices":[{"damage_healed":0,"gold_gain":0,"player_choice":"Lose Max HP","damage_taken":0,"relics_obtained":["Golden Idol"],"max_hp_gain":0,"max_hp_loss":6,"event_name":"Golden Idol","floor":2,"gold_loss":0},{"damage_healed":0,"gold_gain":0,"player_choice":"Gave Potion","damage_taken":0,"relics_obtained":["Self Forming Clay"],"max_hp_gain":0,"max_hp_loss":0,"event_name":"WeMeetAgain","floor":4,"gold_loss":0},{"damage_healed":0,"gold_gain":0,"player_choice":"Entered Light","damage_taken":15,"max_hp_gain":0,"max_hp_loss":0,"event_name":"Shining Light","floor":14,"gold_loss":0,"cards_upgraded":["The Bomb","Bash"]}],"is_beta":false,"boss_relics":[],"items_purged_floors":[8],"is_endless":false,"potions_floor_spawned":[3,11],"killed_by":"The Guardian","ascension_level":0}