{"gold_per_floor":[113,113,113,125,137,166,166,176,176,176,351,380,380,360,360,456,456,468,455,455,455,73,73],"floor_reached":23,"playtime":628,"items_purged":["Doubt"],"score":189,"play_id":"dcc53a0b-0743-4426-9829-a05776509964","local_time":"20190511214305","is_ascension_mode":false,"campfire_choices":[{"data":"Searing Blow","floor":7,"key":"SMITH"},{"data":"Searing Blow+1","floor":10,"key":"SMITH"},{"data":"Searing Blow+2","floor":13,"key":"SMITH"},{"data":"Searing Blow+3","floor":15,"key":"SMITH"}],"neow_cost":"NONE","seed_source_timestamp":377013213365500,"circlet_count":0,"master_deck":["Strike_R","Strike_R","Strike_R","Strike_R","Strike_R","Defend_R","Defend_R","Defend_R","Defend_R","Bash","Searing Blow+4","Flex","Combust","Shrug It Off","Seeing Red","Demon Form","Writhe"],"relics":["Burning Blood","NeowsBlessing","Anchor","Pantograph","Odd Mushroom","Philosopher\u0027s Stone","Nilry\u0027s Codex","Gremlin Horn","Unceasing Top"],"potions_floor_usage":[8,12,16,16,23],"damage_taken":[{"damage":0,"enemies":"Small Slimes","floor":1,"turns":1},{"damage":0,"enemies":"2 Louse","floor":4,"turns":1},{"damage":0,"enemies":"Cultist","floor":5,"turns":1},{"damage":35,"enemies":"Gremlin Nob","floor":6,"turns":5},{"damage":3,"enemies":"Large Slime","floor":8,"turns":5},{"damage":36,"enemies":"The Mushroom Lair","floor":12,"turns":6},{"damage":9,"enemies":"Exordium Thugs","floor":14,"turns":4},{"damage":47,"enemies":"Hexaghost","floor":16,"turns":8},{"damage":15,"enemies":"Shell Parasite","floor":18,"turns":4},{"damage":32,"enemies":"2 Thieves","floor":19,"turns":4},{"damage":37,"enemies":"Slavers","floor":23,"turns":3}],"seed_played":"-5154292186762415774","potions_obtained":[{"floor":5,"key":"Block Potion"},{"floor":6,"key":"BloodPotion"},{"floor":8,"key":"LiquidBronze"},{"floor":12,"key":"Strength Potion"},{"floor":19,"key":"PowerPotion"}],"is_trial":false,"path_per_floor":["M","?","?","M","M","E","R","M","T","R","?","?","R","M","R","B",null,"M","M","?","?","$","E"],"character_chosen":"IRONCLAD","items_purchased":["Unceasing Top"],"campfire_rested":0,"item_purchase_floors":[22],"current_hp_per_floor":[80,80,73,79,80,51,51,54,54,54,54,32,32,29,29,13,80,71,45,29,29,29,0],"gold":73,"neow_bonus":"THREE_ENEMY_KILL","is_prod":false,"is_daily":false,"chose_seed":false,"campfire_upgraded":4,"win_rate":0,"timestamp":1557628985,"path_taken":["M","?","?","M","M","E","R","M","T","R","?","?","R","M","R","BOSS","M","M","?","?","$","E"],"build_version":"2019-01-23","purchased_purges":1,"victory":false,"max_hp_per_floor":[80,80,80,80,80,80,80,80,80,80,80,80,80,80,80,80,80,80,80,80,80,80,80],"card_choices":[{"not_picked":["Clash","Armaments"],"picked":"Searing Blow","floor":1},{"not_picked":["Feel No Pain","Pommel Strike"],"picked":"Flex","floor":4},{"not_picked":["Rupture","Clothesline"],"picked":"Combust","floor":5},{"not_picked":["Power Through","Fiend Fire"],"picked":"Shrug It Off","floor":6},{"not_picked":["Headbutt","Iron Wave","Perfected Strike"],"picked":"SKIP","floor":8},{"not_picked":["Shrug It Off","Whirlwind"],"picked":"Seeing Red","floor":12},{"not_picked":["Corruption","Headbutt","Whirlwind"],"picked":"SKIP","floor":14},{"not_picked":["Juggernaut","Immolate"],"picked":"Demon Form","floor":16},{"not_picked":["Perfected Strike","Thunderclap","Rupture"],"picked":"SKIP","floor":18},{"not_picked":["Shrug It Off","Headbutt","Warcry"],"picked":"SKIP","floor":19}],"player_experience":808757,"relics_obtained":[{"floor":6,"key":"Pantograph"},{"floor":12,"key":"Odd Mushroom"},{"floor":20,"key":"Nilry\u0027s Codex"}],"event_choices":[{"damage_healed":0,"gold_gain":0,"player_choice":"Box","damage_taken":0,"relics_obtained":["Anchor"],"max_hp_gain":0,"max_hp_loss":0,"event_name":"Big Fish","floor":2,"gold_loss":0,"cards_obtained":["Regret"]},{"cards_removed":["Regret"],"damage_healed":0,"gold_gain":0,"player_choice":"Card Removal","damage_taken":7,"max_hp_gain":0,"max_hp_loss":0,"event_name":"Golden Wing","floor":3,"gold_loss":0},{"damage_healed":0,"gold_gain":175,"player_choice":"AGREE","damage_taken":0,"max_hp_gain":0,"max_hp_loss":0,"event_name":"Liars Game","floor":11,"gold_loss":0,"cards_obtained":["Doubt"]},{"damage_healed":0,"gold_gain":0,"player_choice":"Fought Mushrooms","damage_taken":0,"max_hp_gain":0,"max_hp_loss":0,"event_name":"Mushrooms","floor":12,"gold_loss":0},{"damage_healed":0,"gold_gain":0,"player_choice":"Obtained Book","damage_taken":16,"max_hp_gain":0,"max_hp_loss":0,"event_name":"Cursed Tome","floor":20,"gold_loss":0},{"damage_healed":0,"gold_gain":0,"player_choice":"Opened","damage_taken":0,"relics_obtained":["Gremlin Horn"],"max_hp_gain":0,"max_hp_loss":0,"event_name":"The Mausoleum","floor":21,"gold_loss":0,"cards_obtained":["Writhe"]}],"is_beta":false,"boss_relics":[{"not_picked":["Cursed Key","Fusion Hammer"],"picked":"Philosopher\u0027s Stone"}],"items_purged_floors":[22],"is_endless":false,"potions_floor_spawned":[5,6,8,12,19],"killed_by":"Slavers","ascension_level":0}