{"gold_per_floor":[362,177,187,187,146,146,146,146,146,203,276,288,310,322],"floor_reached":14,"playtime":649,"items_purged":[],"score":90,"play_id":"6af1ce19-3b9a-40c3-9531-ed35d8b40aab","local_time":"20190630123556","is_ascension_mode":true,"campfire_choices":[{"data":"Accuracy","floor":6,"key":"SMITH"},{"floor":8,"key":"DIG"},{"data":"Envenom","floor":12,"key":"SMITH"}],"neow_cost":"CURSE","seed_source_timestamp":1451197339408018,"circlet_count":0,"master_deck":["Defend_G","Defend_G","Defend_G","Defend_G+1","Defend_G","Strike_G","Strike_G","Strike_G+1","Strike_G","Strike_G","Survivor","Neutralize","Injury","Noxious Fumes","Venomology","Backstab","Accuracy+1","Envenom+1"],"relics":["Ring of the Snake","Shovel","Dream Catcher","MawBank","Tiny Chest"],"potions_floor_usage":[10,10,10,11,13,14,14],"damage_taken":[{"damage":0,"enemies":"Small Slimes","floor":1,"turns":6},{"damage":3,"enemies":"Jaw Worm","floor":3,"turns":5},{"damage":6,"enemies":"3 Sentries","floor":10,"turns":6},{"damage":39,"enemies":"Gremlin Nob","floor":11,"turns":6},{"damage":0,"enemies":"2 Louse","floor":13,"turns":7},{"damage":22,"enemies":"3 Sentries","floor":14,"turns":6}],"seed_played":"282781154655049213","potions_obtained":[{"floor":3,"key":"Explosive Potion"},{"floor":13,"key":"EssenceOfSteel"}],"is_trial":false,"path_per_floor":["M","$","M","?","$","R","?","R","T","?","E","R","M","E"],"character_chosen":"THE_SILENT","items_purchased":["Noxious Fumes","Venomology","Accuracy"],"campfire_rested":0,"item_purchase_floors":[2,2,5],"current_hp_per_floor":[70,70,67,53,53,53,50,50,50,44,5,5,20,0],"gold":322,"neow_bonus":"TWO_FIFTY_GOLD","is_prod":false,"is_daily":false,"chose_seed":false,"campfire_upgraded":2,"win_rate":0,"timestamp":1561912556,"path_taken":["M","$","M","?","$","R","?","R","T","?","E","R","M","E"],"build_version":"2019-01-23","purchased_purges":0,"victory":false,"max_hp_per_floor":[70,70,70,70,70,70,70,70,70,70,70,70,70,70],"card_choices":[{"not_picked":["Backflip","Poisoned Stab","Deflect"],"picked":"SKIP","floor":1},{"not_picked":["Reflex","Crippling Poison"],"picked":"Backstab","floor":3},{"not_picked":["Poisoned Stab","Flying Knee"],"picked":"Envenom","floor":11},{"not_picked":["Dodge and Roll","Outmaneuver","Terror"],"picked":"SKIP","floor":13}],"player_experience":57535,"relics_obtained":[{"floor":8,"key":"Dream Catcher"},{"floor":10,"key":"MawBank"},{"floor":11,"key":"Tiny Chest"}],"event_choices":[{"damage_healed":0,"gold_gain":0,"player_choice":"Entered Light","damage_taken":14,"max_hp_gain":0,"max_hp_loss":0,"event_name":"Shining Light","floor":4,"gold_loss":0,"cards_upgraded":["Defend_G","Strike_G"]},{"damage_healed":0,"gold_gain":0,"player_choice":"Success","damage_taken":3,"relics_obtained":["Shovel"],"max_hp_gain":0,"max_hp_loss":0,"event_name":"Scrap Ooze","floor":7,"gold_loss":0},{"damage_healed":0,"gold_gain":0,"player_choice":"Searched \u00271\u0027 times","damage_taken":0,"max_hp_gain":0,"max_hp_loss":0,"event_name":"Dead Adventurer","floor":10,"gold_loss":0}],"is_beta":false,"boss_relics":[],"items_purged_floors":[],"is_endless":false,"potions_floor_spawned":[3,13],"killed_by":"3 Sentries","ascension_level":1}