{"path_per_floor":["M","?","?","$","M","R","M","E","T","R","?","?","R","E","R"],"character_chosen":"DEFECT","items_purchased":[],"gold_per_floor":[109,109,109,34,47,47,59,87,132,132,132,207,207,237,237,237],"floor_reached":16,"campfire_rested":1,"playtime":471,"current_hp_per_floor":[66,63,68,68,63,63,63,21,21,45,45,34,34,16,16,0],"items_purged":["Defend_B"],"gold":237,"score":154,"play_id":"ec069607-390b-4579-8889-22e5c60c9e34","local_time":"20180517222606","is_prod":false,"is_daily":false,"chose_seed":false,"is_ascension_mode":true,"campfire_upgraded":3,"timestamp":1526588766,"campfire_choices":[{"data":"Zap","floor":6.0,"key":"SMITH"},{"floor":10,"key":"REST"},{"data":"Coolheaded","floor":13,"key":"SMITH"},{"data":"Dualcast","floor":15,"key":"SMITH"}],"path_taken":["M","?","?","$","?","R","M","E","T","R","?","?","R","E","R","BOSS"],"build_version":"2018-05-17","seed_source_timestamp":311103831175157,"purchased_purges":1,"victory":false,"master_deck":["Strike_B","Strike_B","Strike_B","Strike_B","Defend_B","Defend_B","Defend_B","Zap+1","Dualcast+1","Coolheaded+1","Coolheaded","Go for the Eyes","Hologram"],"max_hp_per_floor":[75,75,80,80,80,80,80,80,80,80,80,80,80,80,80,80],"relics":["Cracked Core","Bronze Scales","Mummified Hand","Blood Vial","Bottled Flame"],"card_choices":[{"not_picked":["Darkness","Axe Kick"],"picked":"Coolheaded","floor":0.0},{"not_picked":["Go for the Eyes","Cold Snap"],"picked":"Coolheaded","floor":1.0},{"not_picked":["Streamline","Turbo"],"picked":"Go for the Eyes","floor":5.0},{"not_picked":["Fusion","Turbo","Coolheaded"],"picked":"SKIP","floor":7.0},{"not_picked":["Skim","Amplify","Fusion"],"picked":"SKIP","floor":8},{"not_picked":["Steam","Conserve Battery"],"picked":"Hologram","floor":14}],"player_experience":681167,"potions_floor_usage":[],"damage_taken":[{"damage":2.0,"enemies":"Jaw Worm","floor":1.0,"turns":3.0},{"damage":5.0,"enemies":"Small Slimes","floor":5.0,"turns":3.0},{"damage":0.0,"enemies":"2 Louse","floor":7.0,"turns":3.0},{"damage":42,"enemies":"Gremlin Nob","floor":8,"turns":5},{"damage":20,"enemies":"3 Sentries","floor":14,"turns":6},{"damage":22,"enemies":"Hexaghost","floor":16,"turns":10}],"relics_obtained":[{"floor":8,"key":"Mummified Hand"},{"floor":9,"key":"Blood Vial"},{"floor":14,"key":"Bottled Flame"}],"event_choices":[{"event_name":"Scrap Ooze","player_choice":"success","floor":2.0,"damage_taken":3.0},{"event_name":"Big Fish","player_choice":"Donut","floor":3.0,"damage_taken":0.0},{"event_name":"Golden Idol","player_choice":"Ignored","floor":11,"damage_taken":0},{"event_name":"World of Goop","player_choice":"Gather Gold","floor":12,"damage_taken":0}],"boss_relics":[],"potions_floor_spawned":[8],"seed_played":"3821475381511609242","killed_by":"Hexaghost","ascension_level":9,"potions_obtained":[{"floor":8,"key":"SpeedPotion"}],"is_trial":false}