{"gold_per_floor":[114,189,47,67,80,80,98,130,130,130,144,164,176,204,204,204],"floor_reached":16,"playtime":495,"items_purged":[],"score":178,"play_id":"7d2627b9-180c-410d-a05d-9ed7409c44b3","local_time":"20190630202826","is_ascension_mode":true,"campfire_choices":[{"data":"Flex","floor":6,"key":"SMITH"},{"data":"Dual Wield","floor":15,"key":"SMITH"}],"neow_cost":"NONE","seed_source_timestamp":1479701901707680,"circlet_count":0,"master_deck":["Strike_R","Strike_R","Strike_R","Strike_R","Strike_R","Defend_R","Defend_R","Defend_R","Bash","Immolate","Anger","Feed","Flex+1","Dual Wield+1","Impervious"],"relics":["Burning Blood","Ornamental Fan","Pear","Toxic Egg 2"],"potions_floor_usage":[14,14,16],"damage_taken":[{"damage":1,"enemies":"Cultist","floor":1,"turns":3},{"damage":12,"enemies":"Jaw Worm","floor":4,"turns":2},{"damage":7,"enemies":"Small Slimes","floor":5,"turns":2},{"damage":12,"enemies":"Exordium Thugs","floor":7,"turns":4},{"damage":18,"enemies":"Lagavulin","floor":8,"turns":5},{"damage":2,"enemies":"3 Louse","floor":11,"turns":2},{"damage":11,"enemies":"Looter","floor":12,"turns":2},{"damage":12,"enemies":"Exordium Thugs","floor":13,"turns":4},{"damage":0,"enemies":"Gremlin Nob","floor":14,"turns":2},{"damage":63,"enemies":"Hexaghost","floor":16,"turns":9}],"seed_played":"3672685931372916469","potions_obtained":[{"floor":1,"key":"Energy Potion"},{"floor":5,"key":"AttackPotion"},{"floor":11,"key":"AttackPotion"},{"floor":14,"key":"LiquidBronze"}],"is_trial":false,"path_per_floor":["M","?","$","M","M","R","M","E","T","?","M","M","M","E","R","B"],"character_chosen":"IRONCLAD","items_purchased":["Feed"],"campfire_rested":0,"item_purchase_floors":[3],"current_hp_per_floor":[80,69,69,63,65,65,59,47,57,57,64,59,56,62,62,0],"gold":204,"neow_bonus":"ONE_RANDOM_RARE_CARD","is_prod":false,"is_daily":false,"chose_seed":false,"campfire_upgraded":2,"win_rate":0,"timestamp":1561940906,"path_taken":["M","?","?","M","M","R","M","E","T","?","M","M","?","E","R","BOSS"],"build_version":"2019-01-23","purchased_purges":0,"victory":false,"max_hp_per_floor":[80,80,80,80,83,83,83,83,93,93,96,96,99,99,99,99],"card_choices":[{"not_picked":["Flame Barrier","Clash"],"picked":"Anger","floor":1},{"not_picked":["Anger","Clothesline"],"picked":"Flex","floor":4},{"not_picked":["Intimidate","Ghostly Armor"],"picked":"Dual Wield","floor":5},{"not_picked":["Shrug It Off","Sword Boomerang","Iron Wave"],"picked":"SKIP","floor":7},{"not_picked":["Searing Blow","Dark Embrace"],"picked":"Impervious","floor":8},{"not_picked":["Thunderclap","Headbutt","Sentinel"],"picked":"SKIP","floor":11},{"not_picked":["Corruption","Sentinel","Warcry"],"picked":"SKIP","floor":12},{"not_picked":["Intimidate","Warcry","Twin Strike"],"picked":"SKIP","floor":13},{"not_picked":["Clash","Iron Wave","Blood for Blood"],"picked":"SKIP","floor":14}],"player_experience":84919,"relics_obtained":[{"floor":8,"key":"Ornamental Fan"},{"floor":9,"key":"Pear"},{"floor":14,"key":"Toxic Egg 2"}],"event_choices":[{"damage_healed":0,"gold_gain":75,"player_choice":"Gather Gold","damage_taken":11,"max_hp_gain":0,"max_hp_loss":0,"event_name":"World of Goop","floor":2,"gold_loss":0},{"cards_removed":["Defend_R"],"damage_healed":0,"gold_gain":0,"player_choice":"Purged","damage_taken":0,"max_hp_gain":0,"max_hp_loss":0,"event_name":"Purifier","floor":10,"gold_loss":0}],"is_beta":false,"boss_relics":[],"items_purged_floors":[],"is_endless":false,"potions_floor_spawned":[1,5,11,12,14],"killed_by":"Hexaghost","ascension_level":2}