{"gold_per_floor":[216,232,1,20,36,36,63,76,121,121,121,121,46,72,72,72],"floor_reached":16,"playtime":339,"items_purged":["Parasite"],"score":110,"play_id":"8938ae52-b5c5-484b-a8d1-262beab24766","local_time":"20190730202024","is_ascension_mode":false,"campfire_choices":[{"data":"Limit Break","floor":6,"key":"SMITH"},{"data":"Flex","floor":10,"key":"SMITH"},{"data":"Flex","floor":15,"key":"SMITH"}],"neow_cost":"NONE","seed_source_timestamp":1648727562058874,"circlet_count":0,"master_deck":["Strike_R","Strike_R","Strike_R","Strike_R","Strike_R","Defend_R","Defend_R","Defend_R","Defend_R","Bash","Inflame","Twin Strike","Limit Break+1","Flex+1","Cleave","Rampage","Flex+1"],"relics":["Burning Blood","Art of War","Juzu Bracelet","Kunai","Smiling Mask"],"potions_floor_usage":[7,7],"damage_taken":[{"damage":4,"enemies":"2 Louse","floor":1,"turns":3},{"damage":13,"enemies":"Jaw Worm","floor":2,"turns":3},{"damage":5,"enemies":"Small Slimes","floor":4,"turns":2},{"damage":19,"enemies":"Gremlin Gang","floor":5,"turns":4},{"damage":36,"enemies":"Lagavulin","floor":7,"turns":4},{"damage":16,"enemies":"Lots of Slimes","floor":8,"turns":4},{"damage":13,"enemies":"3 Sentries","floor":14,"turns":4},{"damage":32,"enemies":"Slime Boss","floor":16,"turns":4}],"seed_played":"-5230905077450153025","potions_obtained":[{"floor":1,"key":"AttackPotion"},{"floor":2,"key":"Swift Potion"}],"is_trial":false,"path_per_floor":["M","M","$","M","M","R","E","M","T","R","?","?","$","E","R","B"],"character_chosen":"IRONCLAD","items_purchased":["Limit Break","Flex","Cleave"],"campfire_rested":0,"item_purchase_floors":[3,3,3],"current_hp_per_floor":[80,73,73,74,61,61,31,21,21,21,18,38,38,31,31,0],"gold":72,"neow_bonus":"HUNDRED_GOLD","is_prod":false,"is_daily":false,"chose_seed":false,"campfire_upgraded":3,"win_rate":0,"timestamp":1564532424,"path_taken":["M","M","$","M","M","R","E","M","T","R","?","?","$","E","R","BOSS"],"build_version":"2019-07-17","purchased_purges":1,"victory":false,"max_hp_per_floor":[80,80,80,80,80,80,80,80,80,80,80,80,77,77,77,77],"card_choices":[{"not_picked":["Uppercut","Searing Blow"],"picked":"Inflame","floor":1},{"not_picked":["Disarm","Clash"],"picked":"Twin Strike","floor":2},{"not_picked":["Flame Barrier","Second Wind"],"picked":"Rampage","floor":4},{"not_picked":["Anger","Clash","Wild Strike"],"picked":"SKIP","floor":5},{"not_picked":["Wild Strike","Body Slam","Juggernaut"],"picked":"SKIP","floor":7},{"not_picked":["Reckless Charge","Sword Boomerang"],"picked":"Flex","floor":8},{"not_picked":["Heavy Blade","Shockwave","Exhume"],"picked":"SKIP","floor":14}],"player_experience":238677,"relics_obtained":[{"floor":7,"key":"Art of War"},{"floor":9,"key":"Juzu Bracelet"},{"floor":14,"key":"Smiling Mask"}],"event_choices":[{"damage_healed":0,"gold_gain":0,"player_choice":"Success","damage_taken":3,"relics_obtained":["Kunai"],"max_hp_gain":0,"max_hp_loss":0,"event_name":"Scrap Ooze","floor":11,"gold_loss":0},{"damage_healed":20,"gold_gain":0,"player_choice":"Healed and dodged fight","damage_taken":0,"max_hp_gain":0,"max_hp_loss":0,"event_name":"Mushrooms","floor":12,"gold_loss":0,"cards_obtained":["Parasite"]}],"is_beta":false,"boss_relics":[],"items_purged_floors":[13],"is_endless":false,"potions_floor_spawned":[1,2],"killed_by":"Slime Boss","ascension_level":0}