{"gold_per_floor":[114,124,143,161,175,175,207,219,231,272,284,296,308,340,352,463,475,507,519,551,563,575,587,629,641,653,685,709,738,750],"floor_reached":30,"playtime":3024,"items_purged":[],"score":300,"play_id":"65692469-74df-4d60-85cc-49c272cf1d18","local_time":"20190724010826","is_ascension_mode":true,"campfire_choices":[{"data":"Bash","floor":6.0,"key":"SMITH"},{"data":"Shrug It Off","floor":8.0,"key":"SMITH"},{"data":"Armaments","floor":11.0,"key":"SMITH"},{"floor":13.0,"key":"REST"},{"data":"Sword Boomerang","floor":15.0,"key":"SMITH"},{"floor":23.0,"key":"REST"},{"floor":25.0,"key":"REST"}],"neow_cost":"NONE","seed_source_timestamp":1116397858209300,"circlet_count":0,"master_deck":["Strike_R","Strike_R","Strike_R","Strike_R","Defend_R","Defend_R","Defend_R","Defend_R","Bash+1","Armaments+1","Offering","Shrug It Off+1","Battle Trance","Power Through","Seeing Red","Sword Boomerang+1","Barricade+1","Second Wind","Clothesline+1","Shockwave+1","Cleave"],"special_seed":0,"relics":["Burning Blood","Omamori","MawBank","Frozen Egg 2","Mango","Black Star","Enchiridion","Nloth\u0027s Gift","Thread and Needle","Happy Flower","Matryoshka"],"potions_floor_usage":[],"damage_taken":[{"damage":2.0,"enemies":"Small Slimes","floor":1.0,"turns":4.0},{"damage":6.0,"enemies":"Cultist","floor":2.0,"turns":3.0},{"damage":6.0,"enemies":"Jaw Worm","floor":3.0,"turns":3.0},{"damage":10.0,"enemies":"Red Slaver","floor":4.0,"turns":4.0},{"damage":12.0,"enemies":"2 Fungi Beasts","floor":5.0,"turns":4.0},{"damage":40.0,"enemies":"3 Sentries","floor":7.0,"turns":10.0},{"damage":20.0,"enemies":"Lagavulin","floor":10.0,"turns":6.0},{"damage":3.0,"enemies":"Blue Slaver","floor":14.0,"turns":4.0},{"damage":20.0,"enemies":"The Guardian","floor":16.0,"turns":13.0},{"damage":16.0,"enemies":"Shell Parasite","floor":18.0,"turns":6.0},{"damage":32.0,"enemies":"Spheric Guardian","floor":20.0,"turns":8.0},{"damage":32.0,"enemies":"Book of Stabbing","floor":24.0,"turns":7.0},{"damage":6.0,"enemies":"Centurion and Healer","floor":27.0,"turns":8.0},{"damage":41.0,"enemies":"Sentry and Sphere","floor":28.0,"turns":10.0},{"damage":0.0,"enemies":"Snecko","floor":29.0,"turns":5.0}],"seed_played":"7104685209158750334","potions_obtained":[{"floor":2.0,"key":"LiquidBronze"},{"floor":3.0,"key":"Ancient Potion"},{"floor":4.0,"key":"Poison Potion"},{"floor":7.0,"key":"AttackPotion"},{"floor":10.0,"key":"Poison Potion"},{"floor":18.0,"key":"PowerPotion"},{"floor":28.0,"key":"Weak Potion"},{"floor":29.0,"key":"Weak Potion"}],"is_trial":false,"path_per_floor":["M","M","M","M","M","R","E","R","T","E","R","?","R","M","R","B",null,"M","?","M","?","?","R","E","R","T","M","M","M","?"],"character_chosen":"IRONCLAD","items_purchased":[],"campfire_rested":3,"item_purchase_floors":[],"current_hp_per_floor":[80,80,80,76,70,70,36,36,36,22,22,29,57,60,60,46,94,84,68,42,23,23,52,26,55,55,55,20,26,26],"gold":750,"neow_bonus":"RANDOM_COMMON_RELIC","is_prod":false,"is_daily":false,"chose_seed":false,"campfire_upgraded":4,"win_rate":0,"timestamp":1563955706,"path_taken":["M","M","M","M","M","R","E","R","T","E","R","?","R","M","R","BOSS","M","?","M","?","?","R","E","R","T","M","M","?","?"],"build_version":"2019-07-18","purchased_purges":0,"victory":false,"max_hp_per_floor":[80,80,80,80,80,80,80,80,80,80,80,94,94,94,94,94,94,94,94,94,99,99,99,99,99,99,99,99,99,99],"card_choices":[{"not_picked":["Cleave","Flex"],"picked":"Armaments","floor":1.0},{"not_picked":["Shrug It Off","Thunderclap"],"picked":"Offering","floor":2.0},{"not_picked":["Flex","Iron Wave"],"picked":"Shrug It Off","floor":3.0},{"not_picked":["Searing Blow","Metallicize"],"picked":"Battle Trance","floor":4.0},{"not_picked":["Heavy Blade","Flex","Dual Wield"],"picked":"SKIP","floor":5.0},{"not_picked":["Warcry","Bloodletting"],"picked":"Power Through","floor":7.0},{"not_picked":["Body Slam","Pommel Strike"],"picked":"Seeing Red","floor":10.0},{"not_picked":["Wild Strike","Impervious"],"picked":"Sword Boomerang","floor":14.0},{"not_picked":["Impervious","Offering"],"picked":"Barricade+1","floor":16.0},{"not_picked":["Battle Trance","Heavy Blade+1"],"picked":"Second Wind","floor":18.0},{"not_picked":["Heavy Blade","Sword Boomerang+1"],"picked":"Clothesline+1","floor":20.0},{"not_picked":["Fire Breathing+1","Dark Embrace+1","Warcry"],"picked":"SKIP","floor":24.0},{"not_picked":["Flex","Clothesline","Armaments+1"],"picked":"SKIP","floor":27.0},{"not_picked":["Hemokinesis","Barricade+1","Havoc"],"picked":"SKIP","floor":28.0},{"not_picked":["Warcry","Dropkick"],"picked":"Shockwave+1","floor":29.0}],"player_experience":162043,"relics_obtained":[{"floor":7.0,"key":"MawBank"},{"floor":9.0,"key":"Frozen Egg 2"},{"floor":10.0,"key":"Art of War"},{"floor":19.0,"key":"Enchiridion"},{"floor":24.0,"key":"Thread and Needle"},{"floor":24.0,"key":"Happy Flower"},{"floor":26.0,"key":"Matryoshka"}],"event_choices":[{"damage_healed":0.0,"max_hp_gain":0.0,"max_hp_loss":0.0,"gold_gain":0.0,"event_name":"Scrap Ooze","player_choice":"Success","floor":12.0,"gold_loss":0.0,"damage_taken":7.0,"relics_obtained":["Mango"]},{"damage_healed":0.0,"max_hp_gain":0.0,"max_hp_loss":0.0,"gold_gain":0.0,"event_name":"Cursed Tome","player_choice":"Obtained Book","floor":19.0,"gold_loss":0.0,"damage_taken":16.0},{"damage_healed":0.0,"max_hp_gain":5.0,"max_hp_loss":0.0,"gold_gain":0.0,"event_name":"Forgotten Altar","player_choice":"Shed Blood","floor":21.0,"gold_loss":0.0,"damage_taken":24.0},{"damage_healed":0.0,"max_hp_gain":0.0,"max_hp_loss":0.0,"gold_gain":0.0,"event_name":"N\u0027loth","player_choice":"Traded Relic","floor":22.0,"relics_lost":["Art of War"],"gold_loss":0.0,"damage_taken":0.0,"relics_obtained":["Nloth\u0027s Gift"]},{"damage_healed":0,"gold_gain":0,"cards_transformed":["Strike_R"],"player_choice":"Transformed","damage_taken":0,"max_hp_gain":0,"max_hp_loss":0,"event_name":"Transmorgrifier","floor":30,"gold_loss":0,"cards_obtained":["Cleave"]}],"is_beta":true,"boss_relics":[{"not_picked":["Runic Cube","Black Blood"],"picked":"Black Star"}],"items_purged_floors":[],"is_endless":false,"potions_floor_spawned":[2,3,4,7,10,18,28,29],"ascension_level":1}