{"gold_per_floor":[115,115,115,126,48,80,5,5,5,25,25,59,59,2,2,2],"floor_reached":16,"playtime":340,"items_purged":["Strike_R"],"score":312,"play_id":"4cd43711-896f-4d91-ad5a-b36a7a6b9952","local_time":"20190307114927","is_ascension_mode":true,"campfire_choices":[{"data":"Bash","floor":8,"key":"SMITH"},{"data":"Inflame","floor":11,"key":"SMITH"},{"data":"Pommel Strike","floor":13,"key":"SMITH"},{"data":"True Grit","floor":15,"key":"SMITH"}],"neow_cost":"NONE","seed_source_timestamp":154068928671064,"circlet_count":0,"master_deck":["AscendersBane","Strike_R","Strike_R","Strike_R","Strike_R","Defend_R","Defend_R","Defend_R","Defend_R","Bash+1","Ghostly Armor","Pommel Strike+1","Inflame+1","Evolve","Cleave","True Grit+1"],"relics":["Burning Blood","NeowsBlessing","Paper Frog","Anchor","Mummified Hand","Blood Vial"],"potions_floor_usage":[12,12],"damage_taken":[{"damage":0,"enemies":"Jaw Worm","floor":1,"turns":1},{"damage":0,"enemies":"Cultist","floor":4,"turns":1},{"damage":0,"enemies":"Lagavulin","floor":6,"turns":2},{"damage":10,"enemies":"Small Slimes","floor":10,"turns":4},{"damage":0,"enemies":"3 Sentries","floor":12,"turns":6},{"damage":65,"enemies":"Hexaghost","floor":16,"turns":9}],"seed_played":"6592547483084955168","potions_obtained":[{"floor":1,"key":"SteroidPotion"},{"floor":4,"key":"LiquidBronze"},{"floor":10,"key":"Explosive Potion"}],"is_trial":false,"path_per_floor":["M","?","?","M","$","E","$","R","T","M","R","E","R","$","R","B"],"character_chosen":"IRONCLAD","items_purchased":["Inflame","True Grit"],"campfire_rested":0,"item_purchase_floors":[5,14],"current_hp_per_floor":[74,74,48,54,54,60,60,60,60,56,56,62,62,62,62,0],"gold":2,"neow_bonus":"THREE_ENEMY_KILL","is_prod":false,"is_daily":false,"chose_seed":false,"campfire_upgraded":4,"win_rate":0,"timestamp":1551955767,"path_taken":["M","?","?","M","$","E","?","R","T","?","R","E","R","$","R","BOSS"],"build_version":"2019-01-23","purchased_purges":1,"victory":false,"max_hp_per_floor":[75,75,75,75,75,75,75,75,75,75,75,75,75,75,75,75],"card_choices":[{"not_picked":["Havoc","Warcry"],"picked":"Ghostly Armor","floor":1},{"not_picked":["Havoc","Body Slam"],"picked":"Pommel Strike","floor":4},{"not_picked":["Spot Weakness","Flex"],"picked":"Evolve","floor":6},{"not_picked":["True Grit","Rage"],"picked":"Cleave","floor":10},{"not_picked":["Intimidate","Combust","Flex"],"picked":"SKIP","floor":12}],"player_experience":950890,"relics_obtained":[{"floor":6,"key":"Anchor"},{"floor":9,"key":"Mummified Hand"},{"floor":12,"key":"Blood Vial"}],"event_choices":[{"damage_healed":0,"gold_gain":0,"player_choice":"Ignored","damage_taken":0,"max_hp_gain":0,"max_hp_loss":0,"event_name":"Liars Game","floor":2,"gold_loss":0},{"damage_healed":0,"gold_gain":0,"player_choice":"Success","damage_taken":26,"relics_obtained":["Paper Frog"],"max_hp_gain":0,"max_hp_loss":0,"event_name":"Scrap Ooze","floor":3,"gold_loss":0}],"is_beta":false,"boss_relics":[],"items_purged_floors":[7],"is_endless":false,"potions_floor_spawned":[1,4,10],"killed_by":"Hexaghost","ascension_level":20}