{"gold_per_floor":[114,114,129,129,148,148,34,34,34,50,64,76,76,111,111,111],"floor_reached":16,"playtime":387,"items_purged":["Strike_G"],"score":184,"play_id":"9ff61656-34b7-4cc9-88a5-d8136221bad9","local_time":"20190201223229","is_ascension_mode":true,"campfire_choices":[{"data":"Neutralize","floor":6.0,"key":"SMITH"},{"data":"Terror","floor":8.0,"key":"SMITH"},{"data":"Deadly Poison","floor":15,"key":"SMITH"}],"neow_cost":"NONE","seed_source_timestamp":147415858927370,"circlet_count":0,"master_deck":["AscendersBane","Defend_G","Defend_G","Defend_G","Defend_G","Defend_G","Strike_G","Strike_G","Strike_G","Strike_G","Survivor","Neutralize+1","Dagger Spray","PiercingWail","Deflect","Terror+1","Infinite Blades","Slice","Footwork","Deadly Poison+1"],"special_seed":0,"relics":["Ring of the Snake","NeowsBlessing","Strawberry","Letter Opener","Frozen Egg 2"],"potions_floor_usage":[14,16],"damage_taken":[{"damage":0.0,"enemies":"2 Louse","floor":1.0,"turns":1.0},{"damage":0.0,"enemies":"Cultist","floor":3.0,"turns":1.0},{"damage":0.0,"enemies":"Jaw Worm","floor":5.0,"turns":1.0},{"damage":0.0,"enemies":"Blue Slaver","floor":10.0,"turns":5.0},{"damage":4.0,"enemies":"Lots of Slimes","floor":11.0,"turns":2.0},{"damage":3.0,"enemies":"Exordium Thugs","floor":12.0,"turns":4.0},{"damage":23,"enemies":"Gremlin Nob","floor":14,"turns":4},{"damage":43,"enemies":"Slime Boss","floor":16,"turns":7}],"seed_played":"2996465874723157890","potions_obtained":[{"floor":3.0,"key":"Energy Potion"},{"floor":11.0,"key":"AttackPotion"},{"floor":14,"key":"PowerPotion"}],"is_trial":false,"path_per_floor":["M","?","M","T","M","R","$","R","T","M","M","M","?","E","R","B"],"character_chosen":"THE_SILENT","items_purchased":["Terror"],"campfire_rested":0,"item_purchase_floors":[7],"current_hp_per_floor":[59,55,55,62,62,62,62,62,62,62,58,55,55,32,32,0],"gold":111,"neow_bonus":"THREE_ENEMY_KILL","is_prod":false,"is_daily":false,"chose_seed":false,"campfire_upgraded":3,"win_rate":0,"timestamp":1549056749,"path_taken":["M","?","?","?","M","R","?","R","T","M","M","M","?","E","R","BOSS"],"build_version":"2019-01-23","purchased_purges":1,"victory":false,"max_hp_per_floor":[66,66,66,73,73,73,73,73,73,73,73,73,73,73,73,73],"card_choices":[{"not_picked":["Sucker Punch","Calculated Gamble"],"picked":"Dagger Spray","floor":1.0},{"not_picked":["Dagger Spray","Tactician"],"picked":"PiercingWail","floor":3.0},{"not_picked":["Acrobatics","Dagger Throw"],"picked":"Deflect","floor":5.0},{"not_picked":["Flechettes","Escape Plan"],"picked":"Infinite Blades","floor":10.0},{"not_picked":["Envenom","Dagger Spray"],"picked":"Slice","floor":11.0},{"not_picked":["PiercingWail","Finisher"],"picked":"Footwork","floor":12.0},{"not_picked":["Deadly Poison","Blade Dance","Dagger Spray"],"picked":"SKIP","floor":14}],"player_experience":772550,"relics_obtained":[{"floor":4.0,"key":"Strawberry"},{"floor":9.0,"key":"Letter Opener"},{"floor":14,"key":"Frozen Egg 2"}],"event_choices":[{"damage_healed":0.0,"max_hp_gain":0.0,"max_hp_loss":0.0,"gold_gain":0.0,"event_name":"The Woman in Blue","player_choice":"Bought 0 Potions","floor":2.0,"gold_loss":0.0,"damage_taken":0.0},{"damage_healed":0,"gold_gain":0,"player_choice":"1 cards matched","damage_taken":0,"max_hp_gain":0,"max_hp_loss":0,"event_name":"Match and Keep!","floor":13,"gold_loss":0,"cards_obtained":["Deadly Poison"]}],"is_beta":false,"boss_relics":[],"items_purged_floors":[7],"is_endless":false,"potions_floor_spawned":[3,11,14],"killed_by":"Slime Boss","ascension_level":16}