{"path_per_floor":["M","?","?","$","M","E","M","?","T","M","R","M","$","?","R","B",null,"M","?","?","T","M","R","E","M","T","R","$","M","M"],"character_chosen":"IRONCLAD","items_purchased":["Mummified Hand","Toxic Egg 2","Sadistic Nature"],"gold_per_floor":[217,217,217,142,155,199,217,217,217,242,242,260,18,18,18,147,147,166,166,91,91,110,110,454,473,473,473,41,57,76],"floor_reached":31,"campfire_rested":4,"playtime":1968,"current_hp_per_floor":[78,78,58,58,53,12,17,17,17,10,34,30,30,30,54,43,80,64,64,64,64,45,73,18,23,23,53,53,47,26],"items_purged":["Strike_R"],"gold":76,"score":306,"play_id":"b826ff44-ea9e-42cf-9ec8-43e67bb45e47","is_prod":false,"is_daily":false,"is_ascension_mode":true,"campfire_upgraded":0,"path_taken":["M","?","?","$","M","E","?","?","T","M","R","M","?","?","R","BOSS","M","?","?","?","?","R","E","M","T","R","$","?","M","M"],"build_version":"2018-02-08-PROD1","purchased_purges":3,"victory":false,"master_deck":["Strike_R","Strike_R","Strike_R","Defend_R","Defend_R","Defend_R","Bash","Trip","Pummel","Heavy Blade","Demon Form","Headbutt","Metallicize","Berserk","Shrug It Off","Sadistic Nature"],"max_hp_per_floor":[80,80,80,80,80,80,80,80,80,80,80,80,80,80,80,80,80,80,80,80,80,80,80,80,80,80,80,80,80,80],"relics":["Burning Blood","Golden Idol","Matryoshka","Gambling Chip","Ancient Tea Set","Mummified Hand","Eternal Feather","Omamori","Ice Cream","Old Coin","Darkstone Periapt","Toxic Egg 2"],"card_choices":[{"not_picked":["Twin Strike","Perfected Strike"],"picked":"Heavy Blade"},{"not_picked":["Burning Pact","Blood for Blood"],"picked":"Demon Form"},{"not_picked":["Heavy Blade","Anger"],"picked":"Headbutt"},{"not_picked":["True Grit","Carnage"],"picked":"Metallicize"},{"not_picked":["Demon Form","Barricade"],"picked":"Berserk"},{"not_picked":["Havoc","Burning Pact"],"picked":"Shrug It Off"}],"player_experience":204743,"potions_floor_usage":[18,22,24,24,25,30],"damage_taken":[{"damage":8,"enemies":"2 Louse","floor":1,"turns":3},{"damage":11,"enemies":"Blue Slaver","floor":5,"turns":4},{"damage":47,"enemies":"3 Sentries","floor":6,"turns":9},{"damage":1,"enemies":"Jaw Worm","floor":7,"turns":4},{"damage":13,"enemies":"Large Slime","floor":10,"turns":4},{"damage":10,"enemies":"Exordium Wildlife","floor":12,"turns":5},{"damage":17,"enemies":"The Guardian","floor":16,"turns":5},{"damage":22,"enemies":"2 Thieves","floor":18,"turns":3},{"damage":25,"enemies":"3 Byrds","floor":22,"turns":6},{"damage":70,"enemies":"Slavers","floor":24,"turns":7},{"damage":1,"enemies":"Centurion and Healer","floor":25,"turns":5},{"damage":12,"enemies":"Snake Plant","floor":29,"turns":4},{"damage":27,"enemies":"3 Cultists","floor":30,"turns":4},{"damage":26,"enemies":"Slaver and Parasite","floor":31,"turns":4}],"event_choices":[{"event_name":"Match and Keep!","player_choice":"2 cards matched","floor":2,"damage_taken":0},{"event_name":"Golden Idol","player_choice":"Take Damage","floor":3,"damage_taken":0},{"event_name":"Purifier","player_choice":"One Purge","floor":8,"damage_taken":0},{"event_name":"Shining Light","player_choice":"Ignored","floor":14,"damage_taken":0},{"event_name":"Accursed Blacksmith","player_choice":"Ignore","floor":19,"damage_taken":0},{"event_name":"Beggar","player_choice":"Gave Gold","floor":20,"damage_taken":0}],"boss_relics":[{"not_picked":["Ectoplasm","Runic Pyramid"],"picked":"Eternal Feather"}],"potions_floor_spawned":[6,10,12,16,18,24,25],"seed_played":"-2262035995625247983","killed_by":"Slaver and Parasite","ascension_level":4,"is_trial":false}