{"gold_per_floor":[113,13,13,13,24,50,50,50,50,66,66,80,90,101,101,101],"floor_reached":16,"playtime":503,"items_purged":["Bash"],"score":102,"play_id":"e3184ac3-0d47-45ec-9742-8dcd0918d82a","local_time":"20190730234623","is_ascension_mode":false,"campfire_choices":[{"data":"Thunderclap","floor":8,"key":"SMITH"},{"data":"Whirlwind","floor":11,"key":"SMITH"},{"data":"Flex","floor":15,"key":"SMITH"}],"neow_cost":"NONE","seed_source_timestamp":1660921248025378,"circlet_count":0,"master_deck":["Strike_R","Strike_R","Strike_R","Strike_R","Strike_R","Defend_R","Defend_R","Defend_R","Twin Strike","Thunderclap+1","Thunderclap","Whirlwind+1","Flex+1"],"relics":["Mark of Pain"],"potions_floor_usage":[6,16],"damage_taken":[{"damage":7,"enemies":"2 Louse","floor":1,"turns":3},{"damage":1,"enemies":"Jaw Worm","floor":5,"turns":3},{"damage":17,"enemies":"3 Sentries","floor":6,"turns":6},{"damage":0,"enemies":"Cultist","floor":10,"turns":2},{"damage":18,"enemies":"Exordium Thugs","floor":12,"turns":3},{"damage":6,"enemies":"Red Slaver","floor":13,"turns":3},{"damage":2,"enemies":"Blue Slaver","floor":14,"turns":2},{"damage":23,"enemies":"The Guardian","floor":16,"turns":4}],"seed_played":"-4503534735378531480","potions_obtained":[{"floor":5,"key":"Strength Potion"},{"floor":6,"key":"SneckoOil"},{"floor":10,"key":"Poison Potion"}],"is_trial":false,"path_per_floor":["M","$","?","?","M","E","T","R","T","M","R","M","M","M","R","B"],"character_chosen":"IRONCLAD","items_purchased":["Thunderclap"],"campfire_rested":0,"item_purchase_floors":[2],"current_hp_per_floor":[73,73,78,78,77,60,60,60,60,60,60,42,36,34,34,11],"gold":101,"neow_bonus":"BOSS_RELIC","is_prod":false,"is_daily":false,"chose_seed":false,"campfire_upgraded":3,"win_rate":0,"timestamp":1564544783,"path_taken":["M","$","?","?","?","E","?","R","T","M","R","M","M","M","R","BOSS"],"build_version":"2019-07-17","purchased_purges":1,"victory":false,"max_hp_per_floor":[80,80,85,85,85,85,85,85,85,85,85,85,85,85,85,85],"card_choices":[{"not_picked":["Clothesline","Iron Wave"],"picked":"Twin Strike","floor":1},{"not_picked":["Sword Boomerang","True Grit","Reckless Charge"],"picked":"SKIP","floor":5},{"not_picked":["Wild Strike","Clash"],"picked":"Thunderclap","floor":6},{"not_picked":["Body Slam","Clothesline"],"picked":"Whirlwind","floor":10},{"not_picked":["Burning Pact","Uppercut","Iron Wave"],"picked":"SKIP","floor":12},{"not_picked":["Clothesline","Anger","Evolve"],"picked":"SKIP","floor":13},{"not_picked":["Havoc","Juggernaut"],"picked":"Flex","floor":14}],"player_experience":249962,"relics_obtained":[],"event_choices":[{"damage_healed":0,"gold_gain":0,"player_choice":"Donut","damage_taken":0,"max_hp_gain":5,"max_hp_loss":0,"event_name":"Big Fish","floor":3,"gold_loss":0},{"cards_removed":["Defend_R"],"damage_healed":0,"gold_gain":0,"player_choice":"Purged","damage_taken":0,"max_hp_gain":0,"max_hp_loss":0,"event_name":"Purifier","floor":4,"gold_loss":0}],"is_beta":false,"boss_relics":[],"items_purged_floors":[2],"is_endless":false,"potions_floor_spawned":[5,6,10],"killed_by":"The Guardian","ascension_level":0}