{"gold_per_floor":[116,191,77,90,106,106,138,138,138,138,154,154,180,190,190,190],"floor_reached":16,"playtime":1001,"items_purged":["Strike_R"],"score":149,"play_id":"52456da6-05f7-4888-8fde-0d4ac3eb1cde","local_time":"20190721235407","is_ascension_mode":true,"campfire_choices":[{"data":"Uppercut","floor":6,"key":"SMITH"},{"data":"Flame Barrier","floor":8,"key":"SMITH"},{"floor":10,"key":"REST"},{"floor":15,"key":"REST"}],"neow_cost":"NONE","seed_source_timestamp":359926097601340,"circlet_count":0,"master_deck":["Strike_R","Strike_R","Strike_R","Strike_R","Defend_R","Defend_R","Defend_R+1","Defend_R","Bash","Ghostly Armor+1","Armaments","Uppercut+1","Flame Barrier+1","Ghostly Armor"],"relics":["Burning Blood","Bag of Marbles","Molten Egg 2","Pantograph","Question Card"],"potions_floor_usage":[7,13,14],"damage_taken":[{"damage":6,"enemies":"Cultist","floor":1,"turns":3},{"damage":8,"enemies":"Jaw Worm","floor":4,"turns":4},{"damage":7,"enemies":"Small Slimes","floor":5,"turns":4},{"damage":30,"enemies":"3 Sentries","floor":7,"turns":10},{"damage":4,"enemies":"2 Fungi Beasts","floor":11,"turns":4},{"damage":27,"enemies":"Lagavulin","floor":13,"turns":8},{"damage":11,"enemies":"Lots of Slimes","floor":14,"turns":9},{"damage":84,"enemies":"Slime Boss","floor":16,"turns":12}],"seed_played":"-286445918949181400","potions_obtained":[{"floor":5,"key":"EssenceOfSteel"},{"floor":7,"key":"SteroidPotion"},{"floor":13,"key":"SkillPotion"}],"is_trial":false,"path_per_floor":["M","?","$","M","M","R","E","R","T","R","M","?","E","M","R","B"],"character_chosen":"IRONCLAD","items_purchased":["Ghostly Armor"],"campfire_rested":2,"item_purchase_floors":[3],"current_hp_per_floor":[72,61,61,59,58,58,34,34,34,58,60,44,23,18,42,0],"gold":190,"neow_bonus":"RANDOM_COMMON_RELIC","is_prod":false,"is_daily":false,"chose_seed":false,"campfire_upgraded":2,"win_rate":0,"timestamp":1563778447,"path_taken":["M","?","$","M","M","R","E","R","T","R","M","?","E","M","R","BOSS"],"build_version":"2019-07-05","purchased_purges":1,"victory":false,"max_hp_per_floor":[80,80,80,80,80,80,80,80,80,80,80,80,80,80,80,80],"card_choices":[{"not_picked":["True Grit","Thunderclap","Wild Strike"],"picked":"SKIP","floor":1},{"not_picked":["Pummel","Havoc"],"picked":"Armaments","floor":4},{"not_picked":["Clash","Evolve"],"picked":"Uppercut","floor":5},{"not_picked":["Infernal Blade","Pommel Strike"],"picked":"Flame Barrier","floor":7},{"not_picked":["Second Wind","Havoc","Disarm"],"picked":"SKIP","floor":11},{"not_picked":["Armaments","Second Wind"],"picked":"Ghostly Armor","floor":13}],"player_experience":99314,"relics_obtained":[{"floor":7,"key":"Molten Egg 2"},{"floor":9,"key":"Pantograph"},{"floor":13,"key":"Question Card"}],"event_choices":[{"damage_healed":0,"gold_gain":75,"player_choice":"Gather Gold","damage_taken":11,"max_hp_gain":0,"max_hp_loss":0,"event_name":"World of Goop","floor":2,"gold_loss":0},{"damage_healed":0,"gold_gain":0,"player_choice":"Entered Light","damage_taken":16,"max_hp_gain":0,"max_hp_loss":0,"event_name":"Shining Light","floor":12,"gold_loss":0,"cards_upgraded":["Ghostly Armor","Defend_R"]}],"is_beta":false,"boss_relics":[],"items_purged_floors":[3],"is_endless":false,"potions_floor_spawned":[5,7,13],"killed_by":"Slime Boss","ascension_level":7}