{"gold_per_floor":[119,137,137,137,156,156,156,176,201,263,277,327,327,354,354,456,456,476,162,137,147,25,55,105,155,206,206,271,271,282,299,299,402,402,414,464,93,109,0,0,50,100,100,100,135,150,150,216,216,216,216,216,65,92,92],"floor_reached":55,"playtime":5033,"items_purged":["Defend_G+1","Defend_G+1"],"score":765,"play_id":"08fe972b-1698-4d08-8da2-5ab4556417f8","local_time":"20190712215214","is_ascension_mode":false,"campfire_choices":[{"data":"Neutralize","floor":6,"key":"SMITH"},{"data":"Glass Knife","floor":13,"key":"SMITH"},{"data":"Die Die Die","floor":15,"key":"SMITH"},{"data":"Accuracy","floor":27,"key":"SMITH"},{"data":"Cloak And Dagger","floor":29,"key":"SMITH"},{"data":"Adrenaline","floor":32,"key":"SMITH"},{"floor":40,"key":"RECALL"},{"floor":44,"key":"REST"},{"floor":47,"key":"REST"},{"data":"Cloak And Dagger","floor":49,"key":"SMITH"},{"floor":52,"key":"REST"}],"neow_cost":"NONE","seed_source_timestamp":94320283587093,"circlet_count":0,"master_deck":["Strike_G+1","Strike_G+1","Survivor+1","Neutralize+1","Dash+1","Masterful Stab+1","Noxious Fumes+1","Backflip+1","Glass Knife+1","Die Die Die+1","After Image+1","Blade Dance+1","Infinite Blades+1","Accuracy+1","Acrobatics+1","Finisher+1","Cloak And Dagger+1","Adrenaline+1","Glass Knife+1","Adrenaline+1","Envenom+1","Deflect+1","Decay","Dagger Spray+1","Cloak And Dagger+1","Accuracy+1"],"relics":["Ring of the Snake","PreservedInsect","SsserpentHead","Whetstone","Potion Belt","War Paint","WristBlade","Ninja Scroll","Calipers","MutagenicStrength","Astrolabe","Mark of the Bloom","Nunchaku","Red Mask","Blue Candle","Anchor","Bronze Scales"],"potions_floor_usage":[16,50,55,55,55,55,55],"damage_taken":[{"damage":3,"enemies":"2 Louse","floor":1,"turns":3},{"damage":0,"enemies":"Small Slimes","floor":2,"turns":3},{"damage":0,"enemies":"Cultist","floor":5,"turns":3},{"damage":3,"enemies":"3 Louse","floor":8,"turns":4},{"damage":8,"enemies":"Lots of Slimes","floor":10,"turns":4},{"damage":0,"enemies":"Exordium Wildlife","floor":11,"turns":3},{"damage":3,"enemies":"Lagavulin","floor":14,"turns":5},{"damage":18,"enemies":"The Guardian","floor":16,"turns":10},{"damage":0,"enemies":"Shell Parasite","floor":18,"turns":5},{"damage":0,"enemies":"Spheric Guardian","floor":21,"turns":3},{"damage":8,"enemies":"Gremlin Leader","floor":23,"turns":3},{"damage":1,"enemies":"Centurion and Healer","floor":28,"turns":5},{"damage":0,"enemies":"Chosen and Byrds","floor":30,"turns":1},{"damage":6,"enemies":"Shelled Parasite and Fungi","floor":31,"turns":2},{"damage":42,"enemies":"Collector","floor":33,"turns":8},{"damage":3,"enemies":"3 Darklings","floor":35,"turns":3},{"damage":0,"enemies":"3 Shapes","floor":38,"turns":1},{"damage":1,"enemies":"Nemesis","floor":45,"turns":3},{"damage":1,"enemies":"Transient","floor":46,"turns":5},{"damage":5,"enemies":"4 Shapes","floor":48,"turns":1},{"damage":18,"enemies":"Donu and Deca","floor":50,"turns":8},{"damage":1,"enemies":"Shield and Spear","floor":54,"turns":2},{"damage":81,"enemies":"The Heart","floor":55,"turns":5}],"seed_played":"-5504921333611309988","potions_obtained":[{"floor":1,"key":"Weak Potion"},{"floor":5,"key":"FearPotion"},{"floor":10,"key":"SkillPotion"},{"floor":11,"key":"Block Potion"},{"floor":28,"key":"EssenceOfSteel"},{"floor":30,"key":"EssenceOfSteel"},{"floor":33,"key":"GhostInAJar"},{"floor":38,"key":"Block Potion"}],"is_trial":false,"path_per_floor":["M","M","?","?","M","R","?","M","T","M","M","T","R","E","R","B",null,"M","$","?","M","$","E","?","?","T","R","M","R","M","M","R","B",null,"M","?","$","M","?","R","?","?","T","R","E","M","R","M","R","B",null,"R","$","E","B"],"character_chosen":"THE_SILENT","items_purchased":["Infinite Blades","Ninja Scroll","Accuracy","Acrobatics","Nunchaku","SteroidPotion"],"campfire_rested":3,"item_purchase_floors":[19,19,22,22,37,53],"current_hp_per_floor":[74,74,62,62,62,62,62,59,59,51,51,51,51,48,48,30,77,77,77,77,77,77,69,69,69,69,69,68,68,68,62,62,20,77,74,74,74,74,74,74,74,74,74,74,73,72,72,67,67,49,49,49,49,48,0],"gold":92,"neow_bonus":"TEN_PERCENT_HP_BONUS","is_prod":false,"is_daily":false,"chose_seed":false,"campfire_upgraded":7,"win_rate":0,"timestamp":1562982734,"path_taken":["M","M","?","?","?","R","?","M","T","?","M","?","R","E","R","BOSS","M","$","?","M","$","E","?","?","T","R","?","R","M","M","R","BOSS","M","?","$","M","?","R","?","?","T","R","E","M","R","?","R","BOSS","R","$","E","BOSS"],"build_version":"2019-07-05","purchased_purges":2,"victory":false,"max_hp_per_floor":[77,77,77,77,77,77,77,77,77,77,77,77,77,77,77,77,77,77,77,77,77,77,77,77,77,77,77,77,77,77,77,77,77,77,77,77,77,77,77,77,77,77,77,77,77,77,77,77,77,77,77,77,77,77,77],"card_choices":[{"not_picked":["Flying Knee","Eviscerate"],"picked":"Dash","floor":1},{"not_picked":["Dagger Spray","Backflip"],"picked":"Masterful Stab","floor":2},{"not_picked":["PiercingWail","Acrobatics"],"picked":"Noxious Fumes","floor":5},{"not_picked":["Dodge and Roll","Deadly Poison","Heel Hook"],"picked":"SKIP","floor":8},{"not_picked":["Dodge and Roll","Deadly Poison","Heel Hook"],"picked":"SKIP","floor":8},{"not_picked":["Escape Plan","Dash"],"picked":"Backflip","floor":10},{"not_picked":["Dagger Spray","Quick Slash"],"picked":"Glass Knife","floor":11},{"not_picked":["Backflip","Dash"],"picked":"Die Die Die","floor":14},{"not_picked":["Burst","Envenom"],"picked":"After Image","floor":16},{"not_picked":["Bane+1","Tactician"],"picked":"Blade Dance","floor":18},{"not_picked":["Escape Plan","All Out Attack+1","Distraction"],"picked":"SKIP","floor":21},{"not_picked":["Poisoned Stab+1","Skewer"],"picked":"Finisher+1","floor":23},{"not_picked":["Dodge and Roll","Acrobatics"],"picked":"Cloak And Dagger","floor":28},{"not_picked":["Flying Knee","Underhanded Strike","Poisoned Stab"],"picked":"SKIP","floor":30},{"not_picked":["Reflex","Flying Knee+1"],"picked":"Adrenaline","floor":31},{"not_picked":["Envenom","Bullet Time"],"picked":"Glass Knife","floor":33},{"not_picked":["Quick Slash","Outmaneuver+1","Crippling Poison+1"],"picked":"SKIP","floor":35},{"not_picked":["Deadly Poison+1","Tactician+1","Endless Agony"],"picked":"SKIP","floor":38},{"not_picked":["Prepared+1","Bane+1"],"picked":"Dagger Spray+1","floor":45},{"not_picked":["Poisoned Stab+1","Eviscerate","Dagger Spray"],"picked":"SKIP","floor":46},{"not_picked":["Deadly Poison+1","Corpse Explosion"],"picked":"Cloak And Dagger","floor":48},{"not_picked":["Bullet Time","Crippling Poison"],"picked":"Accuracy+1","floor":54}],"player_experience":145654,"relics_obtained":[{"floor":9,"key":"Whetstone"},{"floor":12,"key":"Potion Belt"},{"floor":14,"key":"War Paint"},{"floor":23,"key":"Calipers"},{"floor":43,"key":"Blue Candle"},{"floor":45,"key":"Anchor"},{"floor":54,"key":"Bronze Scales"}],"event_choices":[{"damage_healed":0,"gold_gain":0,"player_choice":"Success","damage_taken":12,"relics_obtained":["PreservedInsect"],"max_hp_gain":0,"max_hp_loss":0,"event_name":"Scrap Ooze","floor":3,"gold_loss":0},{"cards_removed":["Defend_G"],"damage_healed":0,"gold_gain":0,"player_choice":"Offered Basic","damage_taken":0,"max_hp_gain":0,"max_hp_loss":0,"event_name":"Bonfire Elementals","floor":4,"gold_loss":0},{"damage_healed":0,"gold_gain":0,"player_choice":"Trade","damage_taken":0,"relics_obtained":["SsserpentHead"],"max_hp_gain":0,"max_hp_loss":0,"event_name":"FaceTrader","floor":7,"gold_loss":0},{"cards_removed":["Defend_G"],"damage_healed":0,"gold_gain":0,"player_choice":"Gave Gold","damage_taken":0,"max_hp_gain":0,"max_hp_loss":0,"event_name":"Beggar","floor":20,"gold_loss":75},{"damage_healed":0,"gold_gain":0,"player_choice":"Inject Mutagens","damage_taken":0,"relics_obtained":["MutagenicStrength"],"max_hp_gain":0,"max_hp_loss":0,"event_name":"Drug Dealer","floor":24,"gold_loss":0},{"cards_removed":["Strike_G"],"damage_healed":0,"gold_gain":0,"player_choice":"Elegance","damage_taken":0,"max_hp_gain":0,"max_hp_loss":0,"event_name":"Back to Basics","floor":25,"gold_loss":0},{"damage_healed":0,"gold_gain":0,"player_choice":"Upgrade","damage_taken":0,"relics_obtained":["Mark of the Bloom"],"max_hp_gain":0,"max_hp_loss":0,"event_name":"MindBloom","floor":36,"gold_loss":0,"cards_upgraded":["Defend_G","Dash","Masterful Stab","Noxious Fumes","Backflip","After Image","Blade Dance","Infinite Blades","Acrobatics","Glass Knife"]},{"damage_healed":0,"gold_gain":0,"player_choice":"Paid","damage_taken":0,"relics_obtained":["Red Mask"],"max_hp_gain":0,"max_hp_loss":0,"event_name":"Tomb of Lord Red Mask","floor":39,"gold_loss":159},{"damage_healed":0,"gold_gain":0,"player_choice":"Ignored","damage_taken":0,"max_hp_gain":0,"max_hp_loss":0,"event_name":"Mysterious Sphere","floor":41,"gold_loss":0},{"damage_healed":0,"gold_gain":0,"player_choice":"Cursed","damage_taken":0,"max_hp_gain":0,"max_hp_loss":0,"event_name":"Wheel of Change","floor":42,"gold_loss":0,"cards_obtained":["Decay"]}],"is_beta":false,"boss_relics":[{"not_picked":["Snecko Eye","Pandora\u0027s Box"],"picked":"WristBlade"},{"not_picked":["Black Star","Eternal Feather"],"picked":"Astrolabe"}],"items_purged_floors":[37,53],"is_endless":false,"potions_floor_spawned":[1,5,10,11,28,30,33,38,45,46,48],"killed_by":"The Heart","ascension_level":0}