{"gold_per_floor":[116,135,135,135,8,8,46,46,46,61,84,159,159,175,175,175],"floor_reached":16,"playtime":445,"items_purged":["Strike_R"],"score":190,"play_id":"fd7098c2-2220-42f4-b288-b0bbe93bd77b","local_time":"20190221114932","is_ascension_mode":true,"campfire_choices":[{"data":"Iron Wave","floor":6.0,"key":"SMITH"},{"data":"Rupture","floor":13,"key":"SMITH"},{"data":"Metallicize","floor":15,"key":"SMITH"}],"neow_cost":"NONE","seed_source_timestamp":1262515603448466,"circlet_count":0,"master_deck":["AscendersBane","Strike_R","Strike_R","Strike_R","Strike_R","Defend_R","Defend_R","Defend_R","Defend_R","Bash+1","Rupture+1","Pommel Strike","Iron Wave+1","Metallicize+1","Combust","Brutality","Iron Wave"],"special_seed":0,"relics":["Burning Blood","Ancient Tea Set","Golden Idol","Mango","Frozen Egg 2"],"potions_floor_usage":[],"damage_taken":[{"damage":6.0,"enemies":"Cultist","floor":1.0,"turns":3.0},{"damage":9.0,"enemies":"Jaw Worm","floor":2.0,"turns":4.0},{"damage":30.0,"enemies":"Lagavulin","floor":7.0,"turns":5.0},{"damage":3.0,"enemies":"2 Louse","floor":10.0,"turns":3.0},{"damage":9,"enemies":"Exordium Thugs","floor":11,"turns":4},{"damage":16,"enemies":"3 Louse","floor":14,"turns":4},{"damage":45,"enemies":"The Guardian","floor":16,"turns":6}],"seed_played":"3436349444511442910","potions_obtained":[{"floor":1.0,"key":"FearPotion"},{"floor":7.0,"key":"Fire Potion"},{"floor":10.0,"key":"FairyPotion"}],"is_trial":false,"path_per_floor":["M","M","?","?","$","R","E","?","T","M","M","?","R","M","R","B"],"character_chosen":"IRONCLAD","items_purchased":["Iron Wave"],"campfire_rested":0,"item_purchase_floors":[5],"current_hp_per_floor":[68,65,65,65,65,65,55,55,55,58,55,44,44,34,34,0],"gold":175,"neow_bonus":"RANDOM_COMMON_RELIC","is_prod":false,"is_daily":false,"chose_seed":false,"campfire_upgraded":3,"win_rate":0,"timestamp":1550746172,"path_taken":["M","M","?","?","$","R","E","?","T","?","M","?","R","M","R","BOSS"],"build_version":"2019-01-23","purchased_purges":1,"victory":false,"max_hp_per_floor":[75,75,75,68,68,68,82,82,82,82,82,82,82,82,82,82],"card_choices":[{"not_picked":["Uppercut","Sword Boomerang"],"picked":"Rupture","floor":1.0},{"not_picked":["Headbutt","Thunderclap"],"picked":"Pommel Strike","floor":2.0},{"not_picked":["Sword Boomerang","Iron Wave"],"picked":"Metallicize","floor":7.0},{"not_picked":["Clothesline","Corruption+1","Bloodletting"],"picked":"SKIP","floor":10.0},{"not_picked":["Intimidate","Clash"],"picked":"Iron Wave","floor":11},{"not_picked":["Anger","True Grit","Body Slam"],"picked":"SKIP","floor":14}],"player_experience":843921,"relics_obtained":[{"floor":7.0,"key":"Mango"},{"floor":9.0,"key":"Frozen Egg 2"}],"event_choices":[{"damage_healed":0.0,"max_hp_gain":0.0,"max_hp_loss":0.0,"gold_gain":0.0,"event_name":"Living Wall","player_choice":"Grow","floor":3.0,"gold_loss":0.0,"damage_taken":0.0,"cards_upgraded":["Bash"]},{"damage_healed":0.0,"max_hp_gain":0.0,"max_hp_loss":7.0,"gold_gain":0.0,"event_name":"Golden Idol","player_choice":"Lose Max HP","floor":4.0,"gold_loss":0.0,"damage_taken":0.0,"relics_obtained":["Golden Idol"]},{"damage_healed":0.0,"max_hp_gain":0.0,"max_hp_loss":0.0,"gold_gain":0.0,"event_name":"Match and Keep!","player_choice":"2 cards matched","floor":8.0,"gold_loss":0.0,"damage_taken":0.0,"cards_obtained":["Combust","Brutality"]},{"damage_healed":0,"gold_gain":75,"player_choice":"Gather Gold","damage_taken":11,"max_hp_gain":0,"max_hp_loss":0,"event_name":"World of Goop","floor":12,"gold_loss":0}],"is_beta":false,"boss_relics":[],"items_purged_floors":[5],"is_endless":false,"potions_floor_spawned":[1,7,10],"killed_by":"The Guardian","ascension_level":18}