{"gold_per_floor":[117,133,144,154,172,172,187,187,233,265,36,52,38,38,38,114,164,175,195,46,62,77,77],"floor_reached":23,"playtime":2258,"items_purged":[],"score":348,"play_id":"4bedc77e-51b4-4a33-85d3-bc4125fbb66c","local_time":"20190721222639","is_ascension_mode":true,"campfire_choices":[{"data":"Cold Snap","floor":6,"key":"SMITH"},{"floor":8,"key":"REST"},{"data":"Streamline","floor":15,"key":"SMITH"}],"neow_cost":"NONE","seed_source_timestamp":178449321924000,"circlet_count":0,"master_deck":["AscendersBane","Strike_B","Strike_B","Strike_B","Defend_B+1","Defend_B","Defend_B","Defend_B","Zap","Dualcast","Cold Snap+1","Leap+1","Undo","Chill","Self Repair","Steam","Blind","Rebound","Streamline+1","Coolheaded","All For One+1","Go for the Eyes","Streamline","Stack","Conserve Battery"],"relics":["Cracked Core","Strawberry","Gremlin Horn","Orichalcum","Tiny House","War Paint"],"potions_floor_usage":[10,10,21,21],"damage_taken":[{"damage":0,"enemies":"Cultist","floor":1,"turns":4},{"damage":5,"enemies":"2 Louse","floor":2,"turns":3},{"damage":5,"enemies":"Jaw Worm","floor":3,"turns":3},{"damage":25,"enemies":"Lots of Slimes","floor":4,"turns":4},{"damage":12,"enemies":"Exordium Thugs","floor":5,"turns":6},{"damage":0,"enemies":"Red Slaver","floor":7,"turns":4},{"damage":10,"enemies":"Lagavulin","floor":10,"turns":10},{"damage":0,"enemies":"3 Louse","floor":12,"turns":4},{"damage":4,"enemies":"Exordium Thugs","floor":13,"turns":4},{"damage":6,"enemies":"The Guardian","floor":16,"turns":14},{"damage":1,"enemies":"Shell Parasite","floor":18,"turns":9},{"damage":9,"enemies":"Spheric Guardian","floor":19,"turns":5},{"damage":10,"enemies":"Cultist and Chosen","floor":21,"turns":9},{"damage":26,"enemies":"Snake Plant","floor":22,"turns":7},{"damage":64,"enemies":"Book of Stabbing","floor":23,"turns":8}],"seed_played":"-7205834209248027790","potions_obtained":[{"floor":3,"key":"Ancient Potion"},{"floor":7,"key":"FearPotion"},{"floor":10,"key":"Explosive Potion"},{"floor":13,"key":"Swift Potion"},{"floor":19,"key":"Explosive Potion"}],"is_trial":false,"path_per_floor":["M","M","M","M","M","R","M","R","T","E","$","M","M","?","R","B",null,"M","M","$","M","M","E"],"character_chosen":"DEFECT","items_purchased":["Orichalcum","Blind","War Paint"],"campfire_rested":1,"item_purchase_floors":[11,11,20],"current_hp_per_floor":[64,59,54,29,17,17,17,38,45,42,42,49,52,52,52,53,77,83,81,81,78,59,0],"gold":77,"neow_bonus":"REMOVE_CARD","is_prod":false,"is_daily":false,"chose_seed":false,"campfire_upgraded":2,"win_rate":0,"timestamp":1563740799,"path_taken":["M","M","M","M","M","R","M","R","T","E","$","?","M","?","R","BOSS","M","M","$","M","M","E"],"build_version":"2019-07-17","purchased_purges":0,"victory":false,"max_hp_per_floor":[71,71,71,71,71,71,71,71,78,78,78,78,78,78,78,78,83,83,83,83,83,83,83],"card_choices":[{"not_picked":["Storm","Compile Driver"],"picked":"Cold Snap","floor":1},{"not_picked":["Streamline","Beam Cell"],"picked":"Leap","floor":2},{"not_picked":["Blizzard","Heatsinks","Darkness"],"picked":"SKIP","floor":3},{"not_picked":["Tempest","Leap"],"picked":"Undo","floor":4},{"not_picked":["Go for the Eyes","Biased Cognition"],"picked":"Chill","floor":5},{"not_picked":["Chill","Barrage"],"picked":"Self Repair","floor":7},{"not_picked":["Chaos","Amplify"],"picked":"Steam","floor":10},{"not_picked":["Loop","Lockon"],"picked":"Rebound","floor":12},{"not_picked":["Consume","Leap"],"picked":"Streamline","floor":13},{"not_picked":["Amplify","Rainbow"],"picked":"All For One","floor":16},{"not_picked":["Auto Shields","Turbo"],"picked":"Go for the Eyes","floor":17},{"not_picked":["Sweeping Beam","Heatsinks"],"picked":"Streamline","floor":18},{"not_picked":["Coolheaded","Go for the Eyes"],"picked":"Stack","floor":19},{"not_picked":["Cold Snap","Static Discharge"],"picked":"Conserve Battery","floor":21},{"not_picked":["Skim","Go for the Eyes","Self Repair"],"picked":"SKIP","floor":22}],"player_experience":866876,"relics_obtained":[{"floor":9,"key":"Strawberry"},{"floor":10,"key":"Gremlin Horn"}],"event_choices":[{"damage_healed":0,"gold_gain":0,"player_choice":"1 cards matched","damage_taken":0,"max_hp_gain":0,"max_hp_loss":0,"event_name":"Match and Keep!","floor":14,"gold_loss":0,"cards_obtained":["Coolheaded"]}],"is_beta":false,"boss_relics":[{"not_picked":["Runic Pyramid","Ectoplasm"],"picked":"Tiny House"}],"items_purged_floors":[],"is_endless":false,"potions_floor_spawned":[3,7,10,13,16,19],"killed_by":"Book of Stabbing","ascension_level":15}