{"path_per_floor":["M","?","M","M","M","R","E","R","T","$","M","?","R","M","R","B",null,"M","$","M","$","?","R","M"],"character_chosen":"IRONCLAD","items_purchased":["Paper Frog","Singing Bowl"],"gold_per_floor":[119,119,132,148,162,162,221,221,268,6,21,121,121,138,138,240,240,252,24,34,34,34,34,46],"floor_reached":25,"campfire_rested":2,"playtime":1197,"current_hp_per_floor":[80,73,67,73,65,65,28,52,52,52,46,46,46,52,52,17,80,63,63,17,17,17,42,17],"items_purged":["Strike_R"],"gold":46,"score":244,"play_id":"392cff70-c5d7-4871-b4aa-b825d990fc05","is_prod":false,"is_daily":false,"is_ascension_mode":true,"campfire_upgraded":3,"path_taken":["M","?","?","M","M","R","E","R","T","$","M","?","R","M","R","BOSS","M","$","?","?","?","R","M","?"],"build_version":"2018-02-08-PROD1","purchased_purges":2,"victory":false,"master_deck":["Strike_R","Strike_R","Strike_R","Strike_R","Defend_R","Defend_R","Defend_R","Bash+1","Havoc","Seeing Red","Bloodletting+1","Headbutt","Dropkick","Infernal Blade+1","Reaper"],"max_hp_per_floor":[80,80,80,80,80,80,80,80,80,80,80,80,80,80,80,80,80,80,80,85,85,85,85,87],"relics":["Black Blood","Tiny Chest","Pen Nib","Paper Frog","Singing Bowl"],"card_choices":[{"not_picked":["Burning Pact","Metallicize"],"picked":"Havoc"},{"not_picked":["Wild Strike","Heavy Blade"],"picked":"Seeing Red"},{"not_picked":["True Grit","Armaments"],"picked":"Bloodletting"},{"not_picked":["Heavy Blade","Demon Form"],"picked":"Headbutt"},{"not_picked":["Wild Strike","Clothesline"],"picked":"Dropkick"},{"not_picked":["Twin Strike","Second Wind"],"picked":"Infernal Blade"},{"not_picked":["Demon Form","Offering"],"picked":"Reaper"}],"player_experience":160468,"potions_floor_usage":[7,14,16,16],"damage_taken":[{"damage":1,"enemies":"Cultist","floor":1,"turns":3},{"damage":12,"enemies":"Jaw Worm","floor":3,"turns":3},{"damage":0,"enemies":"Small Slimes","floor":4,"turns":2},{"damage":14,"enemies":"Red Slaver","floor":5,"turns":2},{"damage":43,"enemies":"Lagavulin","floor":7,"turns":6},{"damage":12,"enemies":"Looter","floor":11,"turns":3},{"damage":0,"enemies":"Gremlin Gang","floor":14,"turns":2},{"damage":41,"enemies":"Hexaghost","floor":16,"turns":7},{"damage":33,"enemies":"3 Byrds","floor":18,"turns":6},{"damage":61,"enemies":"Spheric Guardian","floor":20,"turns":6},{"damage":41,"enemies":"Snecko","floor":24,"turns":5},{"damage":37,"enemies":"Centurion and Healer","floor":25,"turns":5}],"event_choices":[{"event_name":"Golden Wing","player_choice":"Card Removal","floor":2,"damage_taken":0},{"event_name":"Golden Shrine","player_choice":"Pray","floor":12,"damage_taken":0},{"event_name":"Addict","player_choice":"Ignored","floor":22,"damage_taken":0}],"boss_relics":[{"not_picked":["Velvet Choker","Tiny House"],"picked":"Black Blood"}],"potions_floor_spawned":[3,5,7,14,20],"seed_played":"235504028764386730","killed_by":"Centurion and Healer","ascension_level":4,"is_trial":false}