{"gold_per_floor":[213,229,241,241,254,254,283,283,283,295,322,98,98,98,98,173,173,187,187,203,218,232,232,232],"floor_reached":24,"playtime":1420,"items_purged":["Strike_R"],"score":343,"play_id":"f0f081e4-5bd6-4ffa-ba63-c91e0500d2ea","local_time":"20190726230012","is_ascension_mode":true,"campfire_choices":[{"data":"Bash","floor":6,"key":"SMITH"},{"data":"Anger","floor":8,"key":"SMITH"},{"data":"Pommel Strike","floor":15,"key":"SMITH"},{"floor":23,"key":"REST"}],"neow_cost":"NONE","seed_source_timestamp":788278078897706,"circlet_count":0,"master_deck":["AscendersBane","Strike_R","Strike_R","Defend_R","Defend_R","Defend_R","Defend_R","Bash+1","Pommel Strike+1","Power Through","Anger+1","Cleave","Second Wind","Offering","Disarm","Barricade","Shrug It Off","Shrug It Off","True Grit","Metallicize"],"relics":["Burning Blood","Oddly Smooth Stone","Pantograph","Juzu Bracelet","Centennial Puzzle","Pen Nib","Black Star","Meat on the Bone"],"potions_floor_usage":[16,24],"damage_taken":[{"damage":3,"enemies":"Jaw Worm","floor":1,"turns":5},{"damage":6,"enemies":"Cultist","floor":2,"turns":3},{"damage":0,"enemies":"2 Louse","floor":3,"turns":3},{"damage":10,"enemies":"Red Slaver","floor":5,"turns":5},{"damage":32,"enemies":"Gremlin Nob","floor":7,"turns":5},{"damage":6,"enemies":"2 Fungi Beasts","floor":10,"turns":3},{"damage":18,"enemies":"3 Sentries","floor":11,"turns":6},{"damage":22,"enemies":"The Guardian","floor":16,"turns":10},{"damage":18,"enemies":"Chosen","floor":18,"turns":4},{"damage":28,"enemies":"Spheric Guardian","floor":20,"turns":6},{"damage":33,"enemies":"Centurion and Healer","floor":21,"turns":8},{"damage":20,"enemies":"Snecko","floor":22,"turns":9},{"damage":76,"enemies":"Gremlin Leader","floor":24,"turns":8}],"seed_played":"4121888325601635549","potions_obtained":[{"floor":2,"key":"FearPotion"},{"floor":5,"key":"BloodPotion"},{"floor":11,"key":"Strength Potion"},{"floor":21,"key":"Poison Potion"}],"is_trial":false,"path_per_floor":["M","M","M","?","M","R","E","R","T","M","E","$","?","?","R","B",null,"M","T","M","M","M","R","E"],"character_chosen":"IRONCLAD","items_purchased":["Pen Nib"],"campfire_rested":1,"item_purchase_floors":[12],"current_hp_per_floor":[75,75,80,80,76,76,50,50,50,50,38,38,31,31,31,40,70,58,58,48,33,31,55,0],"gold":232,"neow_bonus":"HUNDRED_GOLD","is_prod":false,"is_daily":false,"chose_seed":false,"campfire_upgraded":3,"win_rate":0,"timestamp":1564207212,"path_taken":["M","M","M","?","?","R","E","R","T","M","E","$","?","?","R","BOSS","M","?","M","M","M","R","E"],"build_version":"2019-07-18","purchased_purges":1,"victory":false,"max_hp_per_floor":[80,80,80,80,80,80,80,80,80,80,80,80,80,80,80,80,80,80,80,80,80,80,80,80],"card_choices":[{"not_picked":["Sword Boomerang","True Grit"],"picked":"Pommel Strike","floor":1},{"not_picked":["Disarm","Armaments"],"picked":"Power Through","floor":2},{"not_picked":["Reckless Charge","Heavy Blade"],"picked":"Anger","floor":3},{"not_picked":["Clash","Body Slam"],"picked":"Cleave","floor":5},{"not_picked":["Clothesline","Infernal Blade"],"picked":"Second Wind","floor":7},{"not_picked":["Sever Soul","Intimidate"],"picked":"Offering","floor":10},{"not_picked":["Havoc","Headbutt"],"picked":"Disarm","floor":11},{"not_picked":["Brutality","Dark Embrace"],"picked":"Barricade","floor":16},{"not_picked":["Hemokinesis","Rage"],"picked":"Shrug It Off","floor":18},{"not_picked":["Havoc","Second Wind"],"picked":"Shrug It Off","floor":20},{"not_picked":["Warcry","Rampage"],"picked":"True Grit","floor":21},{"not_picked":["Flex+1","Cleave"],"picked":"Metallicize","floor":22}],"player_experience":207439,"relics_obtained":[{"floor":4,"key":"Oddly Smooth Stone"},{"floor":7,"key":"Pantograph"},{"floor":9,"key":"Juzu Bracelet"},{"floor":11,"key":"Centennial Puzzle"},{"floor":19,"key":"Meat on the Bone"}],"event_choices":[{"damage_healed":0,"gold_gain":0,"player_choice":"Relic","damage_taken":0,"max_hp_gain":0,"max_hp_loss":0,"event_name":"Wheel of Change","floor":4,"gold_loss":0},{"cards_removed":["Strike_R"],"damage_healed":0,"gold_gain":0,"player_choice":"Card Removal","damage_taken":7,"max_hp_gain":0,"max_hp_loss":0,"event_name":"Golden Wing","floor":13,"gold_loss":0},{"cards_removed":["Strike_R"],"damage_healed":0,"gold_gain":0,"player_choice":"Purged","damage_taken":0,"max_hp_gain":0,"max_hp_loss":0,"event_name":"Purifier","floor":14,"gold_loss":0}],"is_beta":true,"boss_relics":[{"not_picked":["Lizard Tail","Coffee Dripper"],"picked":"Black Star"}],"items_purged_floors":[12],"is_endless":false,"potions_floor_spawned":[2,5,7,11,21],"killed_by":"Gremlin Leader","ascension_level":13}