{"path_per_floor":["M","$","?","?","?","R","?","M","T","M","M","M","$","M","R","B",null,"M","?","?","M","M","R","E","R","T","$","R","$","E","?","R"],"character_chosen":"THE_SILENT","items_purchased":["Apotheosis","Noxious Fumes","Medical Kit"],"gold_per_floor":[209,14,14,14,14,14,52,72,125,149,165,135,66,87,87,213,213,231,231,231,251,269,269,302,302,302,26,26,26,60,60,60],"floor_reached":33,"campfire_rested":3,"playtime":1665,"current_hp_per_floor":[62,62,62,45,27,27,18,18,18,18,18,15,15,15,38,10,60,59,59,59,56,48,71,42,65,65,65,65,65,49,49,49],"items_purged":["Defend_G"],"gold":60,"score":366,"play_id":"8d6648d7-07cc-4c7d-a0be-14e64c1cee0c","is_prod":false,"is_daily":false,"is_ascension_mode":true,"campfire_upgraded":3,"path_taken":["M","$","?","?","?","R","?","?","T","M","M","?","?","?","R","BOSS","M","?","?","M","?","R","E","R","T","?","R","$","E","?","R","BOSS"],"build_version":"2018-02-15-PROD1","purchased_purges":2,"victory":false,"master_deck":["Defend_G","Defend_G","Defend_G","Defend_G","Strike_G","Strike_G","Strike_G","Strike_G","Strike_G","Survivor","Neutralize","Apotheosis+1","Backflip","Burst","Deadly Poison","Noxious Fumes+1","Die Die Die","Writhe","Noxious Fumes+1","Bane+1","Writhe"],"max_hp_per_floor":[70,70,70,70,77,77,77,77,77,77,77,77,77,77,77,77,77,77,77,77,77,77,77,77,77,77,77,77,77,77,77,77],"relics":["Ring of the Snake","Golden Idol","Strawberry","Odd Mushroom","Anchor","Cursed Key","Unceasing Top","Frozen Egg 2","Du-Vu Doll","Medical Kit","Bag of Preparation"],"card_choices":[{"not_picked":["Quick Slash","Distraction"],"picked":"Backflip"},{"not_picked":["Slice","Cloak And Dagger"],"picked":"Burst"},{"not_picked":["PiercingWail","Eviscerate"],"picked":"Deadly Poison"},{"not_picked":["Tools of the Trade","Venomology"],"picked":"Die Die Die"},{"not_picked":["Outmaneuver","PiercingWail"],"picked":"Bane"}],"player_experience":302648,"potions_floor_usage":[18,21,22,30],"damage_taken":[{"damage":1,"enemies":"Small Slimes","floor":1,"turns":4},{"damage":9,"enemies":"The Mushroom Lair","floor":7,"turns":6},{"damage":0,"enemies":"Jaw Worm","floor":8,"turns":5},{"damage":0,"enemies":"2 Louse","floor":10,"turns":2},{"damage":0,"enemies":"Exordium Wildlife","floor":11,"turns":3},{"damage":3,"enemies":"Looter","floor":12,"turns":4},{"damage":0,"enemies":"3 Louse","floor":14,"turns":3},{"damage":28,"enemies":"Slime Boss","floor":16,"turns":10},{"damage":1,"enemies":"Chosen","floor":18,"turns":5},{"damage":3,"enemies":"3 Byrds","floor":21,"turns":4},{"damage":8,"enemies":"3 Cultists","floor":22,"turns":6},{"damage":29,"enemies":"Gremlin Leader","floor":24,"turns":7},{"damage":16,"enemies":"Book of Stabbing","floor":30,"turns":5},{"damage":49,"enemies":"Champ","floor":33,"turns":11}],"event_choices":[{"event_name":"Liars Game","player_choice":"disagreed","floor":3,"damage_taken":0},{"event_name":"Golden Idol","player_choice":"Take Damage","floor":4,"damage_taken":0},{"event_name":"Scrap Ooze","player_choice":"success","floor":5,"damage_taken":25},{"event_name":"Mushrooms","player_choice":"Fought Mushrooms","floor":7,"damage_taken":0},{"event_name":"The Mausoleum","player_choice":"Yes","floor":19,"damage_taken":0},{"event_name":"Duplicator","player_choice":"One dupe","floor":20,"damage_taken":0},{"event_name":"Beggar","player_choice":"Ignored","floor":31,"damage_taken":0}],"boss_relics":[{"not_picked":["Lizard Tail","Ectoplasm"],"picked":"Cursed Key"}],"potions_floor_spawned":[7,11,16,18,24],"seed_played":"-8906980842077479907","killed_by":"Champ","ascension_level":7,"is_trial":false}