{"gold_per_floor":[114,134,134,134,145,145,172,172,199,199,213,246,256,267,267,365,365,382,481,481,481,453,453,453],"floor_reached":24,"playtime":670,"items_purged":[],"score":227,"play_id":"b9e3b8f0-4e56-4ede-9002-544b56e484eb","local_time":"20190727192701","is_ascension_mode":true,"campfire_choices":[{"data":"Bash","floor":6,"key":"SMITH"},{"data":"Demon Form","floor":8,"key":"SMITH"},{"data":"Heavy Blade","floor":10,"key":"SMITH"},{"data":"Pummel","floor":15,"key":"SMITH"},{"floor":23,"key":"REST"}],"neow_cost":"NONE","seed_source_timestamp":277363623865686,"circlet_count":0,"master_deck":["Strike_R","Strike_R","Strike_R","Strike_R","Defend_R+1","Defend_R","Defend_R","Defend_R","Bash+1","Power Through+1","Cleave","Heavy Blade+1","Headbutt","Demon Form+1","Iron Wave","Shrug It Off","Pummel+1","Exhume","Iron Wave+1","Armaments"],"relics":["Black Blood","NeowsBlessing","War Paint","Bag of Marbles","Pantograph","Paper Frog"],"potions_floor_usage":[12,12,18],"damage_taken":[{"damage":0,"enemies":"Cultist","floor":1,"turns":1},{"damage":0,"enemies":"Small Slimes","floor":2,"turns":1},{"damage":0,"enemies":"2 Louse","floor":5,"turns":1},{"damage":25,"enemies":"Lagavulin","floor":7,"turns":8},{"damage":0,"enemies":"2 Fungi Beasts","floor":11,"turns":2},{"damage":12,"enemies":"Gremlin Nob","floor":12,"turns":4},{"damage":7,"enemies":"3 Louse","floor":13,"turns":3},{"damage":0,"enemies":"Looter","floor":14,"turns":3},{"damage":18,"enemies":"The Guardian","floor":16,"turns":7},{"damage":71,"enemies":"3 Byrds","floor":18,"turns":9},{"damage":17,"enemies":"2 Thieves","floor":22,"turns":5},{"damage":38,"enemies":"3 Cultists","floor":24,"turns":4}],"seed_played":"-1456281641755019629","potions_obtained":[{"floor":1,"key":"EssenceOfSteel"},{"floor":5,"key":"FearPotion"},{"floor":7,"key":"EssenceOfSteel"},{"floor":16,"key":"Ancient Potion"},{"floor":22,"key":"Explosive Potion"}],"is_trial":false,"path_per_floor":["M","M","?","?","M","R","E","R","T","R","M","E","M","M","R","B",null,"M","?","?","?","M","R","M"],"character_chosen":"IRONCLAD","items_purchased":[],"campfire_rested":1,"item_purchase_floors":[],"current_hp_per_floor":[80,80,80,80,80,80,61,61,61,61,67,61,60,66,66,68,80,19,19,19,19,12,36,0],"gold":453,"neow_bonus":"THREE_ENEMY_KILL","is_prod":false,"is_daily":false,"chose_seed":false,"campfire_upgraded":4,"win_rate":0,"timestamp":1564273621,"path_taken":["M","M","?","?","M","R","E","R","T","R","?","E","M","M","R","BOSS","M","?","?","?","M","R","M"],"build_version":"2019-07-17","purchased_purges":0,"victory":false,"max_hp_per_floor":[80,80,80,80,80,80,80,80,80,80,80,80,80,80,80,80,80,80,80,80,80,80,80,80],"card_choices":[{"not_picked":["Clothesline","Feel No Pain"],"picked":"Power Through","floor":1},{"not_picked":["Wild Strike","Sword Boomerang"],"picked":"Cleave","floor":2},{"not_picked":["Heavy Blade","Clash"],"picked":"Headbutt","floor":5},{"not_picked":["Carnage","Clash"],"picked":"Demon Form","floor":7},{"not_picked":["Wild Strike","Thunderclap"],"picked":"Iron Wave","floor":11},{"not_picked":["Pommel Strike","Perfected Strike","Demon Form"],"picked":"SKIP","floor":12},{"not_picked":["Pommel Strike","Perfected Strike"],"picked":"Shrug It Off","floor":13},{"not_picked":["Shrug It Off","Ghostly Armor"],"picked":"Pummel","floor":14},{"not_picked":["Berserk","Demon Form"],"picked":"Exhume","floor":16},{"not_picked":["Clothesline","Shrug It Off"],"picked":"Iron Wave+1","floor":18},{"not_picked":["Wild Strike","Corruption"],"picked":"Armaments","floor":22}],"player_experience":137482,"relics_obtained":[{"floor":7,"key":"War Paint"},{"floor":9,"key":"Bag of Marbles"},{"floor":12,"key":"Pantograph"}],"event_choices":[{"cards_removed":["Strike_R"],"damage_healed":0,"gold_gain":0,"player_choice":"Forget","damage_taken":0,"max_hp_gain":0,"max_hp_loss":0,"event_name":"Living Wall","floor":3,"gold_loss":0},{"damage_healed":0,"gold_gain":0,"player_choice":"1 cards matched","damage_taken":0,"max_hp_gain":0,"max_hp_loss":0,"event_name":"Match and Keep!","floor":4,"gold_loss":0,"cards_obtained":["Heavy Blade"]},{"damage_healed":0,"gold_gain":99,"player_choice":"Stole From Cult","damage_taken":0,"max_hp_gain":0,"max_hp_loss":0,"event_name":"Nest","floor":19,"gold_loss":0},{"damage_healed":0,"gold_gain":0,"player_choice":"Ignored","damage_taken":0,"max_hp_gain":0,"max_hp_loss":0,"event_name":"Ghosts","floor":20,"gold_loss":0},{"damage_healed":0,"gold_gain":0,"player_choice":"Opened","damage_taken":0,"relics_obtained":["Paper Frog"],"max_hp_gain":0,"max_hp_loss":0,"event_name":"The Mausoleum","floor":21,"gold_loss":0}],"is_beta":false,"boss_relics":[{"not_picked":["Runic Dome","Pandora\u0027s Box"],"picked":"Black Blood"}],"items_purged_floors":[],"is_endless":false,"potions_floor_spawned":[1,5,7,16,22],"killed_by":"3 Cultists","ascension_level":2}