{"gold_per_floor":[118,136,149,160,64,64,89,109,109,120,120,132,132,143,143,239,239,256,176,189,201,201,236,236,263,263,280,93,113,126,126],"floor_reached":31,"playtime":3349,"items_purged":[],"score":283,"play_id":"473de558-2006-4495-a5c3-90bfa4245a51","local_time":"20190629180821","is_ascension_mode":false,"campfire_choices":[{"data":"Infinite Blades","floor":6,"key":"SMITH"},{"floor":11,"key":"REST"},{"data":"Poisoned Stab","floor":15,"key":"SMITH"}],"neow_cost":"NONE","seed_source_timestamp":1382038365833054,"circlet_count":0,"master_deck":["Defend_G","Defend_G","Defend_G","Defend_G","Strike_G","Strike_G","Strike_G","Strike_G","Strike_G","Survivor+1","Neutralize","Infinite Blades+1","Terror+1","Backflip","Predator","Footwork","Slice","Calculated Gamble","Dash","Die Die Die","Poisoned Stab+1","Tactician","After Image+1","Infinite Blades+1","Night Terror","Flechettes+1","Backflip+1","Predator+1","Dagger Spray","Leg Sweep+1","Apotheosis","Phantasmal Killer","Well Laid Plans"],"relics":["Ring of the Snake","Ornamental Fan","War Paint","Fusion Hammer","MutagenicStrength","Bag of Marbles","Kunai","Mercury Hourglass"],"potions_floor_usage":[],"damage_taken":[{"damage":0,"enemies":"Cultist","floor":1,"turns":4},{"damage":2,"enemies":"Small Slimes","floor":2,"turns":5},{"damage":9,"enemies":"Jaw Worm","floor":3,"turns":4},{"damage":13,"enemies":"Exordium Wildlife","floor":4,"turns":4},{"damage":15,"enemies":"3 Sentries","floor":7,"turns":10},{"damage":0,"enemies":"Red Slaver","floor":8,"turns":4},{"damage":5,"enemies":"2 Fungi Beasts","floor":10,"turns":4},{"damage":4,"enemies":"Gremlin Gang","floor":12,"turns":3},{"damage":0,"enemies":"3 Louse","floor":14,"turns":2},{"damage":33,"enemies":"Hexaghost","floor":16,"turns":9},{"damage":4,"enemies":"Spheric Guardian","floor":18,"turns":4},{"damage":8,"enemies":"3 Byrds","floor":20,"turns":5},{"damage":18,"enemies":"Centurion and Healer","floor":21,"turns":5},{"damage":23,"enemies":"Book of Stabbing","floor":23,"turns":6},{"damage":11,"enemies":"Gremlin Leader","floor":25,"turns":5},{"damage":4,"enemies":"Snake Plant","floor":27,"turns":5},{"damage":0,"enemies":"Shelled Parasite and Fungi","floor":29,"turns":5},{"damage":0,"enemies":"Sentry and Sphere","floor":30,"turns":4},{"damage":16,"enemies":"Slavers","floor":31,"turns":1}],"seed_played":"-8865001145168457203","potions_obtained":[{"floor":3,"key":"Energy Potion"},{"floor":10,"key":"PowerPotion"},{"floor":14,"key":"SteroidPotion"},{"floor":30,"key":"Poison Potion"}],"is_trial":false,"path_per_floor":["M","M","M","M","$","R","E","M","T","M","R","M","?","M","R","B",null,"M","$","M","M","?","E","?","E","T","M","$","M","M","E"],"character_chosen":"THE_SILENT","items_purchased":["Footwork","Slice","Night Terror","Apotheosis"],"campfire_rested":1,"item_purchase_floors":[5,5,19,28],"current_hp_per_floor":[77,75,66,53,53,53,38,38,38,33,56,52,52,52,52,19,77,73,73,65,47,47,24,24,13,13,9,9,9,9,0],"gold":126,"neow_bonus":"TEN_PERCENT_HP_BONUS","is_prod":false,"is_daily":false,"chose_seed":false,"campfire_upgraded":2,"win_rate":0.0,"timestamp":1561846101,"path_taken":["M","?","M","?","$","R","E","M","T","M","R","M","?","?","R","BOSS","M","$","M","M","?","E","?","E","T","?","$","M","M","E"],"build_version":"2019-01-23","purchased_purges":0,"victory":false,"max_hp_per_floor":[77,77,77,77,77,77,77,77,77,77,77,77,77,77,77,77,77,77,77,77,77,77,77,77,77,77,77,77,77,77,77],"card_choices":[{"not_picked":["Underhanded Strike","Footwork"],"picked":"Infinite Blades","floor":1},{"not_picked":["Dagger Spray","Outmaneuver"],"picked":"Terror","floor":2},{"not_picked":["Dodge and Roll","Dagger Throw"],"picked":"Backflip","floor":3},{"not_picked":["Riddle With Holes","Deadly Poison"],"picked":"Predator","floor":4},{"not_picked":["Infinite Blades","Eviscerate"],"picked":"Calculated Gamble","floor":7},{"not_picked":["Dodge and Roll","Quick Slash"],"picked":"Dash","floor":8},{"not_picked":["Deflect","Slice"],"picked":"Die Die Die","floor":10},{"not_picked":["Underhanded Strike","Deflect"],"picked":"Poisoned Stab","floor":12},{"not_picked":["Footwork","Backflip"],"picked":"Tactician","floor":14},{"not_picked":["Adrenaline","Night Terror"],"picked":"After Image","floor":16},{"not_picked":["Dodge and Roll","Acrobatics+1"],"picked":"Infinite Blades+1","floor":18},{"not_picked":["Outmaneuver","Masterful Stab+1"],"picked":"Flechettes+1","floor":20},{"not_picked":["PiercingWail","Finisher"],"picked":"Backflip+1","floor":21},{"not_picked":["Riddle With Holes","Sucker Punch+1"],"picked":"Predator+1","floor":23},{"not_picked":["Backflip","Eviscerate"],"picked":"Dagger Spray","floor":25},{"not_picked":["Tactician+1","Choke"],"picked":"Leg Sweep+1","floor":27},{"not_picked":["Blade Dance+1","Distraction"],"picked":"Phantasmal Killer","floor":29},{"not_picked":["Dodge and Roll","Quick Slash"],"picked":"Well Laid Plans","floor":30}],"player_experience":6034,"relics_obtained":[{"floor":7,"key":"Ornamental Fan"},{"floor":9,"key":"War Paint"},{"floor":23,"key":"Bag of Marbles"},{"floor":25,"key":"Kunai"},{"floor":26,"key":"Mercury Hourglass"}],"event_choices":[{"cards_removed":["Defend_G"],"damage_healed":0,"gold_gain":0,"player_choice":"Purged","damage_taken":0,"max_hp_gain":0,"max_hp_loss":0,"event_name":"Purifier","floor":13,"gold_loss":0},{"damage_healed":0,"gold_gain":0,"player_choice":"Inject Mutagens","damage_taken":0,"relics_obtained":["MutagenicStrength"],"max_hp_gain":0,"max_hp_loss":0,"event_name":"Drug Dealer","floor":22,"gold_loss":0},{"damage_healed":0,"gold_gain":0,"player_choice":"Forge","damage_taken":0,"max_hp_gain":0,"max_hp_loss":0,"event_name":"Accursed Blacksmith","floor":24,"gold_loss":0,"cards_upgraded":["After Image"]}],"is_beta":false,"boss_relics":[{"not_picked":["Coffee Dripper","Runic Pyramid"],"picked":"Fusion Hammer"}],"items_purged_floors":[],"is_endless":false,"potions_floor_spawned":[3,10,14,16,23,27,29,30],"killed_by":"Slavers","ascension_level":0}