{"path_per_floor":["M","?","$","?","M","E","R","E","T","R","E","M","?","M","R","B",null,"M","$","M","M"],"character_chosen":"DEFECT","items_purchased":["Defragment","Tiny Chest"],"gold_per_floor":[110,110,35,35,54,80,80,113,113,113,143,163,163,180,180,285,315,330,118,138,150,150],"floor_reached":22,"campfire_rested":0,"playtime":1018,"item_purchase_floors":[19,19],"current_hp_per_floor":[75,57,57,57,57,57,57,31,31,31,28,28,28,28,28,1,80,85,85,75,55,50],"items_purged":["Strike_B","Defend_B"],"gold":150,"score":275,"play_id":"8cb96be9-0b6c-4d65-881f-5b43c303e2ac","local_time":"20180607122613","is_prod":false,"is_daily":false,"chose_seed":false,"is_ascension_mode":true,"campfire_upgraded":3,"win_rate":0,"timestamp":1528367173,"campfire_choices":[{"data":"Zap","floor":7.0,"key":"SMITH"},{"data":"Zap","floor":10.0,"key":"SMITH"},{"data":"Coolheaded","floor":15,"key":"SMITH"}],"path_taken":["M","?","$","?","M","E","R","E","T","R","E","M","?","?","R","BOSS","M","$","M","M","M"],"build_version":"2018-05-31","seed_source_timestamp":107434743345804,"purchased_purges":2,"victory":false,"master_deck":["Strike_B","Strike_B","Strike_B","Defend_B","Defend_B+1","Defend_B","Zap+1","Dualcast","Coolheaded+1","Zap+1","Chill","Turbo","Conserve Battery","Cold Snap","Machine Learning","Hologram+1","Defragment"],"max_hp_per_floor":[75,75,75,75,75,75,75,75,75,75,75,75,75,75,75,75,80,85,85,85,85,85],"relics":["Cracked Core","NeowsBlessing","Bird Faced Urn","Calipers","Smiling Mask","Unceasing Top","Boot","Tiny House","Tiny Chest"],"card_choices":[{"not_picked":["Rebound","Steam"],"picked":"Coolheaded","floor":1.0},{"not_picked":["Ball Lightning","Compile Driver"],"picked":"Chill","floor":5.0},{"not_picked":["Darkness","Static Discharge","Redo"],"picked":"SKIP","floor":6.0},{"not_picked":["Streamline","All For One","Compile Driver"],"picked":"SKIP","floor":8.0},{"not_picked":["Stack","Rip and Tear"],"picked":"Turbo","floor":11.0},{"not_picked":["Streamline","Undo"],"picked":"Conserve Battery","floor":12.0},{"not_picked":["Genetic Algorithm","Chaos"],"picked":"Cold Snap","floor":14},{"not_picked":["Meteor Strike","Multi-Cast"],"picked":"Machine Learning","floor":16},{"not_picked":["Go for the Eyes","Beam Cell"],"picked":"Hologram+1","floor":18},{"not_picked":["Conserve Battery+1","Ball Lightning","Turbo+1"],"picked":"SKIP","floor":20},{"not_picked":["Turbo+1","Genetic Algorithm","Undo"],"picked":"SKIP","floor":21}],"player_experience":551008,"potions_floor_usage":[18,22],"damage_taken":[{"damage":0.0,"enemies":"2 Louse","floor":1.0,"turns":1.0},{"damage":0.0,"enemies":"Jaw Worm","floor":5.0,"turns":1.0},{"damage":0.0,"enemies":"Gremlin Nob","floor":6.0,"turns":1.0},{"damage":26.0,"enemies":"Lagavulin","floor":8.0,"turns":6.0},{"damage":3.0,"enemies":"3 Sentries","floor":11.0,"turns":8.0},{"damage":0.0,"enemies":"Cultist","floor":12.0,"turns":2.0},{"damage":0,"enemies":"Looter","floor":14,"turns":3},{"damage":27,"enemies":"The Guardian","floor":16,"turns":13},{"damage":2,"enemies":"Shell Parasite","floor":18,"turns":7},{"damage":10,"enemies":"Spheric Guardian","floor":20,"turns":6},{"damage":24,"enemies":"Snake Plant","floor":21,"turns":5},{"damage":24,"enemies":"Centurion and Healer","floor":22,"turns":9}],"relics_obtained":[{"floor":6.0,"key":"Calipers"},{"floor":8.0,"key":"Smiling Mask"},{"floor":9.0,"key":"Unceasing Top"},{"floor":11.0,"key":"Boot"}],"event_choices":[{"event_name":"Scrap Ooze","player_choice":"success","floor":2.0,"damage_taken":18.0},{"event_name":"Match and Keep!","player_choice":"1 cards matched","floor":4.0,"damage_taken":0.0},{"event_name":"Dead Adventurer","player_choice":"Searched \u00270\u0027 times","floor":13,"damage_taken":0}],"boss_relics":[{"not_picked":["Lizard Tail","Runic Dome"],"picked":"Tiny House"}],"items_purged_floors":[],"potions_floor_spawned":[5,12,14,18,21],"seed_played":"-2022847251869276181","killed_by":"Centurion and Healer","ascension_level":4,"potions_obtained":[{"floor":5.0,"key":"SpeedPotion"},{"floor":12.0,"key":"EntropicBrew"},{"floor":14,"key":"Regen Potion"},{"floor":17,"key":"Fruit Juice"},{"floor":18,"key":"EntropicBrew"},{"floor":21,"key":"FocusPotion"}],"is_trial":false}