{"gold_per_floor":[109,109,123,88,49,83,83,100,126,126,126],"floor_reached":11,"playtime":232,"items_purged":[],"score":142,"play_id":"6f55e78a-4ed6-4a89-9711-2304f0b71a90","local_time":"20190301164221","is_ascension_mode":true,"campfire_choices":[{"data":"Zap","floor":7,"key":"SMITH"},{"data":"Buffer","floor":10,"key":"SMITH"}],"neow_cost":"TEN_PERCENT_HP_LOSS","seed_source_timestamp":90280094471845,"circlet_count":0,"master_deck":["AscendersBane","Strike_B","Strike_B","Strike_B","Defend_B","Defend_B","Defend_B","Zap+1","Dualcast","Seek","Buffer+1","Heatsinks","Loop","Conserve Battery"],"relics":["Cracked Core","Juzu Bracelet","WingedGreaves","Boot"],"potions_floor_usage":[],"damage_taken":[{"damage":14,"enemies":"2 Louse","floor":1,"turns":3},{"damage":7,"enemies":"Jaw Worm","floor":3,"turns":3},{"damage":30,"enemies":"Lagavulin","floor":6,"turns":7},{"damage":0,"enemies":"Cultist","floor":8,"turns":4},{"damage":12,"enemies":"3 Louse","floor":11,"turns":1}],"seed_played":"-7313759802684567711","potions_obtained":[{"floor":6,"key":"SkillPotion"}],"is_trial":false,"path_per_floor":["M","?","M","?","$","E","R","M","T","R","M"],"character_chosen":"DEFECT","items_purchased":["Loop"],"campfire_rested":0,"item_purchase_floors":[5],"current_hp_per_floor":[50,32,25,41,41,11,11,11,11,11,0],"gold":126,"neow_bonus":"TRANSFORM_TWO_CARDS","is_prod":false,"is_daily":false,"chose_seed":false,"campfire_upgraded":2,"win_rate":0,"timestamp":1551454941,"path_taken":["M","?","M","?","?","E","R","M","T","R","M"],"build_version":"2019-01-23","purchased_purges":0,"victory":false,"max_hp_per_floor":[64,64,64,64,64,64,64,64,64,64,64],"card_choices":[{"not_picked":["Steam","Barrage"],"picked":"Heatsinks","floor":1},{"not_picked":["Rebound","Compile Driver","Beam Cell"],"picked":"SKIP","floor":3},{"not_picked":["Blizzard","Beam Cell","Turbo"],"picked":"SKIP","floor":6},{"not_picked":["Sunder","Reinforced Body"],"picked":"Conserve Battery","floor":8}],"player_experience":923664,"relics_obtained":[{"floor":6,"key":"WingedGreaves"},{"floor":9,"key":"Boot"}],"event_choices":[{"damage_healed":0,"gold_gain":0,"player_choice":"Success","damage_taken":18,"relics_obtained":["Juzu Bracelet"],"max_hp_gain":0,"max_hp_loss":0,"event_name":"Scrap Ooze","floor":2,"gold_loss":0},{"damage_healed":16,"gold_gain":0,"player_choice":"Healed","damage_taken":0,"max_hp_gain":0,"max_hp_loss":0,"event_name":"The Cleric","floor":4,"gold_loss":35}],"is_beta":false,"boss_relics":[],"items_purged_floors":[],"is_endless":false,"potions_floor_spawned":[6],"killed_by":"3 Louse","ascension_level":20}