{"gold_per_floor":[114,4,4,4,15,15,27,27,27,39,39,72,90,120,120,222,222,232,242,242,256,256],"floor_reached":22,"playtime":813,"items_purged":["Strike_G"],"score":225,"play_id":"302ccb20-b124-49c4-bccd-b6b87b080b18","local_time":"20190729152335","is_ascension_mode":true,"campfire_choices":[{"data":"A Thousand Cuts","floor":6,"key":"SMITH"},{"data":"Accuracy","floor":8,"key":"SMITH"},{"data":"Blade Dance","floor":11,"key":"SMITH"},{"data":"Cloak And Dagger","floor":15,"key":"SMITH"}],"neow_cost":"NONE","seed_source_timestamp":1544041071903186,"circlet_count":0,"master_deck":["Strike_G","Strike_G","Strike_G","Defend_G","Defend_G","Defend_G","Defend_G","Defend_G","Survivor","Neutralize","Accuracy+1","A Thousand Cuts+1","Blade Dance+1","Backstab","Cloak And Dagger+1","PiercingWail","After Image","Regret","Pain","Writhe","Backstab","Adrenaline"],"relics":["Ring of the Snake","NeowsBlessing","Ornamental Fan","Mango","Bag of Marbles","Calling Bell","Centennial Puzzle","Dodecahedron","Nloth\u0027s Gift"],"potions_floor_usage":[10,14,22],"damage_taken":[{"damage":0,"enemies":"Cultist","floor":1,"turns":1},{"damage":0,"enemies":"2 Louse","floor":5,"turns":1},{"damage":0,"enemies":"Jaw Worm","floor":7,"turns":1},{"damage":0,"enemies":"Looter","floor":10,"turns":1},{"damage":5,"enemies":"Lagavulin","floor":12,"turns":5},{"damage":6,"enemies":"Exordium Wildlife","floor":13,"turns":2},{"damage":9,"enemies":"Gremlin Nob","floor":14,"turns":3},{"damage":45,"enemies":"Slime Boss","floor":16,"turns":9},{"damage":6,"enemies":"Shell Parasite","floor":18,"turns":4},{"damage":17,"enemies":"Spheric Guardian","floor":19,"turns":3},{"damage":49,"enemies":"Cultist and Chosen","floor":21,"turns":6},{"damage":20,"enemies":"Chosen and Byrds","floor":22,"turns":4}],"seed_played":"-1263570663888392186","potions_obtained":[{"floor":1,"key":"Fire Potion"},{"floor":12,"key":"SkillPotion"},{"floor":13,"key":"PowerPotion"},{"floor":18,"key":"Weak Potion"}],"is_trial":false,"path_per_floor":["M","$","?","$","M","R","M","R","T","M","R","E","M","E","R","B",null,"M","M","?","M","M"],"character_chosen":"THE_SILENT","items_purchased":["Accuracy"],"campfire_rested":0,"item_purchase_floors":[2],"current_hp_per_floor":[70,70,70,70,70,70,70,70,70,70,70,79,73,64,64,19,84,78,61,61,12,0],"gold":256,"neow_bonus":"THREE_ENEMY_KILL","is_prod":false,"is_daily":false,"chose_seed":false,"campfire_upgraded":4,"win_rate":0,"timestamp":1564428215,"path_taken":["M","$","?","$","M","R","M","R","T","M","R","E","?","E","R","BOSS","M","?","?","M","M"],"build_version":"2019-07-17","purchased_purges":1,"victory":false,"max_hp_per_floor":[70,70,70,70,70,70,70,70,70,70,70,84,84,84,84,84,84,84,84,84,84,84],"card_choices":[{"not_picked":["Calculated Gamble","Deadly Poison","Underhanded Strike"],"picked":"SKIP","floor":1},{"not_picked":["Concentrate","Outmaneuver","All Out Attack"],"picked":"SKIP","floor":5},{"not_picked":["Underhanded Strike","Acrobatics"],"picked":"Blade Dance","floor":7},{"not_picked":["Flying Knee","Acrobatics"],"picked":"Backstab","floor":10},{"not_picked":["Choke","Acrobatics"],"picked":"Cloak And Dagger","floor":12},{"not_picked":["Prepared","Slice"],"picked":"PiercingWail","floor":13},{"not_picked":["Expertise","Backflip","PiercingWail"],"picked":"SKIP","floor":14},{"not_picked":["Envenom","Doppelganger"],"picked":"After Image","floor":16},{"not_picked":["Backflip","Prepared"],"picked":"Backstab","floor":18},{"not_picked":["Quick Slash+1","Dagger Throw"],"picked":"Adrenaline","floor":19},{"not_picked":["Well Laid Plans","Tactician","Choke"],"picked":"SKIP","floor":21}],"player_experience":201201,"relics_obtained":[{"floor":9,"key":"Ornamental Fan"},{"floor":12,"key":"Mango"},{"floor":14,"key":"Bag of Marbles"},{"floor":17,"key":"Centennial Puzzle"},{"floor":17,"key":"Dodecahedron"},{"floor":17,"key":"Girya"}],"event_choices":[{"damage_healed":0,"gold_gain":0,"cards_transformed":["Strike_G"],"player_choice":"Transformed","damage_taken":0,"max_hp_gain":0,"max_hp_loss":0,"event_name":"Transmorgrifier","floor":3,"gold_loss":0,"cards_obtained":["A Thousand Cuts"]},{"damage_healed":0,"gold_gain":0,"player_choice":"Traded Relic","damage_taken":0,"relics_obtained":["Nloth\u0027s Gift"],"max_hp_gain":0,"max_hp_loss":0,"event_name":"N\u0027loth","floor":20,"relics_lost":["Girya"],"gold_loss":0}],"is_beta":false,"boss_relics":[{"not_picked":["Philosopher\u0027s Stone","Fusion Hammer"],"picked":"Calling Bell"}],"items_purged_floors":[2],"is_endless":false,"potions_floor_spawned":[1,12,13,18],"killed_by":"Chosen and Byrds","ascension_level":3}