{"gold_per_floor":[110,110,35,52,127,155,168,168,168,168,194,207,221,234,234,313,313,324,324,338,338,349,349,349],"floor_reached":24,"playtime":726,"items_purged":["Strike_R"],"score":419,"play_id":"5bc1cded-28cf-4518-9c36-abd05c0cd117","local_time":"20190205172816","is_ascension_mode":true,"campfire_choices":[{"data":"Bash","floor":8.0,"key":"SMITH"},{"data":"Inflame","floor":15.0,"key":"SMITH"},{"data":"Limit Break","floor":23,"key":"SMITH"}],"neow_cost":"NONE","seed_source_timestamp":351294260738941,"circlet_count":0,"master_deck":["AscendersBane","Strike_R","Defend_R","Defend_R","Defend_R","Bash+1","Inflame+1","Shrug It Off","Heavy Blade+1","Berserk","Twin Strike+1","Metallicize","Limit Break+1","Flame Barrier","Headbutt+1"],"special_seed":0,"relics":["Burning Blood","NeowsBlessing","Molten Egg 2","Anchor","Juzu Bracelet","Happy Flower","Empty Cage"],"potions_floor_usage":[24],"damage_taken":[{"damage":0.0,"enemies":"Small Slimes","floor":1.0,"turns":1.0},{"damage":0.0,"enemies":"2 Louse","floor":4.0,"turns":1.0},{"damage":0.0,"enemies":"3 Sentries","floor":6.0,"turns":2.0},{"damage":0.0,"enemies":"Jaw Worm","floor":7.0,"turns":3.0},{"damage":34.0,"enemies":"Lagavulin","floor":11.0,"turns":6.0},{"damage":6.0,"enemies":"2 Fungi Beasts","floor":12.0,"turns":4.0},{"damage":2.0,"enemies":"3 Louse","floor":13.0,"turns":3.0},{"damage":5.0,"enemies":"Lots of Slimes","floor":14.0,"turns":4.0},{"damage":46.0,"enemies":"The Guardian","floor":16.0,"turns":11.0},{"damage":1.0,"enemies":"2 Thieves","floor":18.0,"turns":2.0},{"damage":35.0,"enemies":"Chosen","floor":20.0,"turns":6.0},{"damage":24,"enemies":"3 Cultists","floor":22,"turns":4},{"damage":44,"enemies":"Book of Stabbing","floor":24,"turns":5}],"seed_played":"5027863076993359924","potions_obtained":[{"floor":1.0,"key":"GamblersBrew"},{"floor":7.0,"key":"Dexterity Potion"},{"floor":12.0,"key":"SteroidPotion"},{"floor":13.0,"key":"Regen Potion"},{"floor":16.0,"key":"BloodPotion"},{"floor":22,"key":"GamblersBrew"}],"is_trial":false,"path_per_floor":["M","?","$","M","?","E","M","R","T","?","E","M","M","M","R","B",null,"M","?","M","?","M","R","E"],"character_chosen":"IRONCLAD","items_purchased":[],"campfire_rested":0,"item_purchase_floors":[],"current_hp_per_floor":[74,63,63,69,58,64,70,70,70,63,35,35,39,40,40,15,60,65,65,36,51,33,33,0],"gold":349,"neow_bonus":"THREE_ENEMY_KILL","is_prod":false,"is_daily":false,"chose_seed":false,"campfire_upgraded":3,"win_rate":0,"timestamp":1549384096,"path_taken":["M","?","$","M","?","E","M","R","T","?","E","M","M","M","R","BOSS","M","?","M","?","M","R","E"],"build_version":"2019-01-23","purchased_purges":1,"victory":false,"max_hp_per_floor":[75,75,75,75,75,75,75,75,75,75,75,75,75,75,75,75,75,75,75,75,75,75,75,75],"card_choices":[{"not_picked":["Anger","Intimidate"],"picked":"Inflame","floor":1.0},{"not_picked":["Spot Weakness","Warcry","Sentinel"],"picked":"SKIP","floor":4.0},{"not_picked":["Clothesline+1","Perfected Strike+1"],"picked":"Shrug It Off","floor":6.0},{"not_picked":["Power Through","Havoc","Fire Breathing"],"picked":"SKIP","floor":7.0},{"not_picked":["Carnage+1","Pommel Strike+1"],"picked":"Heavy Blade+1","floor":11.0},{"not_picked":["Berserk","Armaments","Sever Soul+1"],"picked":"SKIP","floor":12.0},{"not_picked":["Armaments","Sever Soul+1"],"picked":"Berserk","floor":12.0},{"not_picked":["Shrug It Off","Reckless Charge+1"],"picked":"Twin Strike+1","floor":13.0},{"not_picked":["Wild Strike+1","Body Slam+1"],"picked":"Metallicize","floor":14.0},{"not_picked":["Berserk","Immolate+1"],"picked":"Limit Break","floor":16.0},{"not_picked":["Twin Strike+1","Wild Strike+1"],"picked":"Flame Barrier","floor":18.0},{"not_picked":["True Grit+1","Cleave+1"],"picked":"Headbutt+1","floor":20.0},{"not_picked":["Warcry","Sword Boomerang+1","Seeing Red"],"picked":"SKIP","floor":22}],"player_experience":785287,"relics_obtained":[{"floor":6.0,"key":"Anchor"},{"floor":9.0,"key":"Juzu Bracelet"},{"floor":11.0,"key":"Happy Flower"}],"event_choices":[{"damage_healed":0.0,"max_hp_gain":0.0,"max_hp_loss":0.0,"gold_gain":0.0,"event_name":"Scrap Ooze","player_choice":"Success","floor":2.0,"gold_loss":0.0,"damage_taken":11.0,"relics_obtained":["Molten Egg 2"]},{"damage_healed":0.0,"max_hp_gain":0.0,"max_hp_loss":0.0,"gold_gain":75.0,"event_name":"World of Goop","player_choice":"Gather Gold","floor":5.0,"gold_loss":0.0,"damage_taken":11.0},{"cards_removed":["Defend_R"],"damage_healed":0.0,"max_hp_gain":0.0,"max_hp_loss":0.0,"gold_gain":0.0,"event_name":"Golden Wing","player_choice":"Card Removal","floor":10.0,"gold_loss":0.0,"damage_taken":7.0},{"cards_removed":["Strike_R"],"damage_healed":0.0,"max_hp_gain":0.0,"max_hp_loss":0.0,"gold_gain":0.0,"event_name":"Back to Basics","player_choice":"Elegance","floor":19.0,"gold_loss":0.0,"damage_taken":0.0},{"damage_healed":15,"gold_gain":0,"player_choice":"Heal","damage_taken":0,"max_hp_gain":0,"max_hp_loss":0,"event_name":"The Library","floor":21,"gold_loss":0}],"is_beta":false,"boss_relics":[{"not_picked":["Runic Cube","Eternal Feather"],"picked":"Empty Cage"}],"items_purged_floors":[3],"is_endless":false,"potions_floor_spawned":[1,7,12,13,16,22],"killed_by":"Book of Stabbing","ascension_level":16}