{"gold_per_floor":[210,229,229,229,247,247,265,265,288,306,158,168,179,214,214,319,319,339,350,360,360,360,360,378,378,402,412,430,448,448,466,466,566,566,577,926,1026,686,404,404,98,128,204,214,230,230,265,265,265,265],"floor_reached":51,"playtime":2694,"items_purged":["Defend_B","Strike_B","Strike_B","Strike_B"],"score":795,"play_id":"400dce00-9c79-494b-a312-150169fc1507","local_time":"20190109105352","is_ascension_mode":true,"campfire_choices":[{"data":"Zap","floor":6.0,"key":"SMITH"},{"data":"Dualcast","floor":8.0,"key":"SMITH"},{"data":"Redo","floor":15.0,"key":"SMITH"},{"data":"Coolheaded","floor":23.0,"key":"SMITH"},{"floor":25.0,"key":"REST"},{"data":"Loop","floor":30,"key":"SMITH"},{"floor":32,"key":"REST"},{"data":"Seek","floor":40,"key":"SMITH"},{"data":"Capacitor","floor":46,"key":"SMITH"},{"data":"Capacitor","floor":49,"key":"SMITH"}],"neow_cost":"NONE","seed_source_timestamp":218971862664125,"circlet_count":0,"master_deck":["Strike_B","Defend_B","Defend_B","Defend_B","Zap+1","Dualcast+1","Capacitor+1","Coolheaded+1","Steam","Sweeping Beam","Steam","FTL","Coolheaded+1","Ball Lightning","Redo+1","Seek+1","Electrodynamics","Loop+1","Coolheaded+1","Conserve Battery+1","Consume+1","Redo","Blizzard+1","Static Discharge","Compile Driver+1","Capacitor+1"],"special_seed":0,"relics":["FrozenCore","Happy Flower","Bag of Marbles","Bird Faced Urn","Bag of Preparation","Coffee Dripper","Old Coin","Thread and Needle","Medical Kit","DataDisk","Omamori","Vajra","Sundial","Pear"],"potions_floor_usage":[31,33,33,33,35,50],"damage_taken":[{"damage":1.0,"enemies":"Jaw Worm","floor":1.0,"turns":4.0},{"damage":1.0,"enemies":"Cultist","floor":2.0,"turns":3.0},{"damage":2.0,"enemies":"2 Louse","floor":5.0,"turns":3.0},{"damage":14.0,"enemies":"Lots of Slimes","floor":7.0,"turns":4.0},{"damage":0.0,"enemies":"Blue Slaver","floor":10.0,"turns":4.0},{"damage":0.0,"enemies":"3 Louse","floor":12.0,"turns":2.0},{"damage":6.0,"enemies":"Exordium Wildlife","floor":13.0,"turns":3.0},{"damage":3.0,"enemies":"3 Sentries","floor":14.0,"turns":5.0},{"damage":28.0,"enemies":"Hexaghost","floor":16.0,"turns":9.0},{"damage":0.0,"enemies":"2 Thieves","floor":18.0,"turns":3.0},{"damage":0.0,"enemies":"3 Byrds","floor":19.0,"turns":5.0},{"damage":33.0,"enemies":"Snecko","floor":20.0,"turns":10.0},{"damage":19.0,"enemies":"Snake Plant","floor":24.0,"turns":5.0},{"damage":6.0,"enemies":"Sentry and Sphere","floor":27.0,"turns":4.0},{"damage":5,"enemies":"Centurion and Healer","floor":28,"turns":6},{"damage":13,"enemies":"Snecko","floor":29,"turns":5},{"damage":6,"enemies":"Cultist and Chosen","floor":31,"turns":4},{"damage":53,"enemies":"Collector","floor":33,"turns":13},{"damage":1,"enemies":"3 Shapes","floor":35,"turns":5},{"damage":30,"enemies":"2 Orb Walkers","floor":36,"turns":3},{"damage":15,"enemies":"Mind Bloom Boss Battle","floor":37,"turns":8},{"damage":0,"enemies":"Giant Head","floor":42,"turns":10},{"damage":0,"enemies":"Orb Walker","floor":44,"turns":4},{"damage":1,"enemies":"Sphere and 2 Shapes","floor":45,"turns":4},{"damage":8,"enemies":"Reptomancer","floor":47,"turns":5},{"damage":20,"enemies":"Time Eater","floor":50,"turns":11}],"seed_played":"3571099447824875371","potions_obtained":[{"floor":5.0,"key":"Poison Potion"},{"floor":7.0,"key":"LiquidBronze"},{"floor":13.0,"key":"SneckoOil"},{"floor":14.0,"key":"Fire Potion"},{"floor":16.0,"key":"Fire Potion"},{"floor":20.0,"key":"GamblersBrew"},{"floor":28,"key":"Dexterity Potion"},{"floor":31,"key":"Explosive Potion"},{"floor":33,"key":"Fire Potion"},{"floor":44,"key":"GamblersBrew"}],"is_trial":false,"path_per_floor":["M","M","?","?","M","R","M","R","T","M","$","M","M","E","R","B",null,"M","M","M","?","?","R","M","R","T","M","M","M","R","M","R","B",null,"M","?","?","$","$","R","$","E","T","M","M","R","E","?","R","B",null],"character_chosen":"DEFECT","items_purchased":["FTL","Static Discharge","Medical Kit","DataDisk","Omamori"],"campfire_rested":2,"item_purchase_floors":[11,38,38,39,41],"current_hp_per_floor":[74,73,70,70,68,68,54,54,54,54,54,54,48,45,45,19,75,75,75,44,44,37,37,20,42,42,40,41,34,34,34,56,9,75,75,47,38,38,38,38,38,46,46,54,61,61,71,71,71,61],"gold":265,"neow_bonus":"HUNDRED_GOLD","is_prod":false,"is_daily":false,"chose_seed":false,"campfire_upgraded":8,"win_rate":0,"timestamp":1547027632,"path_taken":["M","M","?","?","?","R","M","R","T","M","$","M","M","E","R","BOSS","M","M","M","?","?","R","M","R","T","M","?","M","R","?","R","BOSS","M","?","?","?","$","R","$","E","T","M","?","R","E","?","R","BOSS"],"build_version":"2019-01-03v4","purchased_purges":4,"victory":true,"max_hp_per_floor":[75,75,75,75,75,75,75,75,75,75,75,75,75,75,75,75,75,75,75,75,75,75,75,75,75,75,75,75,75,75,75,75,75,75,75,75,75,75,75,75,75,75,75,75,75,75,85,85,85,85],"card_choices":[{"not_picked":["Rebound","Chaos"],"picked":"Capacitor","floor":1.0},{"not_picked":["Lockon","Skim"],"picked":"Coolheaded","floor":2.0},{"not_picked":["Scrape","Rebound"],"picked":"Steam","floor":5.0},{"not_picked":["Go for the Eyes","BootSequence"],"picked":"Sweeping Beam","floor":7.0},{"not_picked":["Rebound","Self Repair"],"picked":"Steam","floor":10.0},{"not_picked":["Stack","Compile Driver"],"picked":"Coolheaded","floor":12.0},{"not_picked":["Sweeping Beam","Hologram"],"picked":"Ball Lightning","floor":13.0},{"not_picked":["Force Field","Beam Cell"],"picked":"Redo","floor":14.0},{"not_picked":["Creative AI","Amplify"],"picked":"Seek","floor":16.0},{"not_picked":["Leap","Hologram","Sweeping Beam"],"picked":"SKIP","floor":18.0},{"not_picked":["Leap","Hologram","Sweeping Beam"],"picked":"SKIP","floor":18.0},{"not_picked":["Hello World","Darkness","Leap"],"picked":"SKIP","floor":19.0},{"not_picked":["Beam Cell","Streamline","Cold Snap"],"picked":"SKIP","floor":20.0},{"not_picked":["Coolheaded","Chaos+1"],"picked":"Electrodynamics","floor":24.0},{"not_picked":["Gash+1","Aggregate"],"picked":"Loop","floor":27.0},{"not_picked":["Streamline","Gash","Sweeping Beam"],"picked":"SKIP","floor":28},{"not_picked":["Electrodynamics","Leap+1"],"picked":"Coolheaded+1","floor":29},{"not_picked":["Go for the Eyes","Stack"],"picked":"Conserve Battery+1","floor":31},{"not_picked":["Multi-Cast","Reboot"],"picked":"Core Surge","floor":33},{"not_picked":["Tempest+1","Fusion"],"picked":"Consume+1","floor":35},{"not_picked":["Cold Snap","Rebound"],"picked":"Redo","floor":36},{"not_picked":["Streamline","Steam"],"picked":"Blizzard+1","floor":37},{"not_picked":["Steam+1","Melter","Force Field+1"],"picked":"SKIP","floor":42},{"not_picked":["Force Field","Reboot","Leap+1"],"picked":"SKIP","floor":44},{"not_picked":["Redo+1","Ball Lightning"],"picked":"Compile Driver+1","floor":45},{"not_picked":["Self Repair","Sunder+1"],"picked":"Capacitor","floor":47}],"player_experience":635025,"relics_obtained":[{"floor":9.0,"key":"Bag of Marbles"},{"floor":14.0,"key":"Bird Faced Urn"},{"floor":26.0,"key":"Bag of Preparation"},{"floor":36,"key":"Old Coin"},{"floor":37,"key":"Thread and Needle"},{"floor":42,"key":"Vajra"},{"floor":43,"key":"Sundial"},{"floor":47,"key":"Pear"}],"event_choices":[{"damage_healed":0.0,"max_hp_gain":0.0,"max_hp_loss":0.0,"gold_gain":0.0,"event_name":"Scrap Ooze","player_choice":"Success","floor":3.0,"gold_loss":0.0,"damage_taken":3.0,"relics_obtained":["Happy Flower"]},{"damage_healed":0.0,"max_hp_gain":0.0,"max_hp_loss":0.0,"gold_gain":0.0,"event_name":"Accursed Blacksmith","player_choice":"Forge","floor":4.0,"gold_loss":0.0,"damage_taken":0.0,"cards_upgraded":["Coolheaded"]},{"damage_healed":0.0,"max_hp_gain":0.0,"max_hp_loss":0.0,"gold_gain":0.0,"event_name":"Vampires","player_choice":"Ignored","floor":21.0,"gold_loss":0.0,"damage_taken":0.0},{"damage_healed":0.0,"max_hp_gain":0.0,"max_hp_loss":0.0,"gold_gain":0.0,"event_name":"Knowing Skull","player_choice":"","floor":22.0,"potions_obtained":[],"gold_loss":0.0,"damage_taken":7.0,"cards_obtained":[]},{"damage_healed":0,"gold_gain":0,"player_choice":"Fight","damage_taken":0,"max_hp_gain":0,"max_hp_loss":0,"event_name":"Mysterious Sphere","floor":36,"gold_loss":0},{"damage_healed":0,"gold_gain":0,"player_choice":"Fight","damage_taken":0,"max_hp_gain":0,"max_hp_loss":0,"event_name":"MindBloom","floor":37,"gold_loss":0},{"cards_removed":["Core Surge"],"damage_healed":0,"gold_gain":0,"player_choice":"Removed Attack","damage_taken":0,"max_hp_gain":0,"max_hp_loss":0,"event_name":"Falling","floor":48,"gold_loss":0}],"is_beta":false,"boss_relics":[{"not_picked":["Runic Dome","Ectoplasm"],"picked":"FrozenCore"},{"not_picked":["Velvet Choker","Orrery"],"picked":"Coffee Dripper"}],"items_purged_floors":[11,38,39,41],"is_endless":false,"potions_floor_spawned":[5,7,13,14,16,20,28,29,31,33,44],"ascension_level":1}