{"gold_per_floor":[118,193,90,109,109,109,134,134,134,50,61,72,72],"floor_reached":13,"playtime":301,"items_purged":["Strike_G"],"score":216,"play_id":"085174f5-2e1f-4b82-b10c-62fc1ea940e5","local_time":"20190713183409","is_ascension_mode":true,"campfire_choices":[{"data":"Neutralize","floor":6.0,"key":"SMITH"}],"neow_cost":"NONE","seed_source_timestamp":434799679013321,"circlet_count":0,"master_deck":["AscendersBane","Strike_G","Strike_G","Strike_G","Strike_G","Defend_G","Defend_G","Defend_G","Defend_G","Defend_G","Survivor","Neutralize+1","Dagger Spray","Leg Sweep","Slice","Blur","Cloak And Dagger","After Image"],"special_seed":0,"relics":["Ring of the Snake","NeowsBlessing","Art of War","SsserpentHead","Bag of Preparation"],"potions_floor_usage":[12,12],"damage_taken":[{"damage":0.0,"enemies":"Cultist","floor":1.0,"turns":1.0},{"damage":0.0,"enemies":"2 Louse","floor":4.0,"turns":1.0},{"damage":0.0,"enemies":"Gremlin Nob","floor":7.0,"turns":1.0},{"damage":0.0,"enemies":"Small Slimes","floor":11.0,"turns":3.0},{"damage":4,"enemies":"Exordium Wildlife","floor":12,"turns":5},{"damage":10,"enemies":"Lagavulin","floor":13,"turns":10}],"seed_played":"-1994947762866884488","potions_obtained":[{"floor":1.0,"key":"FearPotion"},{"floor":4.0,"key":"SteroidPotion"},{"floor":11.0,"key":"PowerPotion"}],"is_trial":false,"path_per_floor":["M","?","$","M","?","R","E","?","T","$","M","M","E"],"character_chosen":"THE_SILENT","items_purchased":["Dagger Spray","Blur"],"campfire_rested":0,"item_purchase_floors":[3,10],"current_hp_per_floor":[59,48,48,48,48,48,48,48,48,48,48,44,34],"gold":72,"neow_bonus":"THREE_ENEMY_KILL","is_prod":false,"is_daily":false,"chose_seed":false,"campfire_upgraded":1,"win_rate":0,"timestamp":1563010449,"path_taken":["M","?","$","M","?","R","E","?","T","$","M","M","E"],"build_version":"2019-07-05","purchased_purges":1,"victory":false,"max_hp_per_floor":[66,66,66,66,66,66,66,66,66,66,66,66,66],"card_choices":[{"not_picked":["Underhanded Strike","Bane","Outmaneuver"],"picked":"SKIP","floor":1.0},{"not_picked":["Backflip","Calculated Gamble"],"picked":"Leg Sweep","floor":4.0},{"not_picked":["Backstab","Bane"],"picked":"Slice","floor":7.0},{"not_picked":["Distraction","Riddle With Holes"],"picked":"Cloak And Dagger","floor":11.0},{"not_picked":["Dagger Throw","Deadly Poison"],"picked":"After Image","floor":12}],"player_experience":980204,"relics_obtained":[{"floor":7.0,"key":"Art of War"},{"floor":9.0,"key":"Bag of Preparation"}],"event_choices":[{"damage_healed":0.0,"max_hp_gain":0.0,"max_hp_loss":0.0,"gold_gain":75.0,"event_name":"World of Goop","player_choice":"Gather Gold","floor":2.0,"gold_loss":0.0,"damage_taken":11.0},{"damage_healed":0.0,"max_hp_gain":0.0,"max_hp_loss":0.0,"gold_gain":0.0,"event_name":"Shining Light","player_choice":"Ignored","floor":5.0,"gold_loss":0.0,"damage_taken":0.0},{"damage_healed":0.0,"max_hp_gain":0.0,"max_hp_loss":0.0,"gold_gain":0.0,"event_name":"FaceTrader","player_choice":"Trade","floor":8.0,"gold_loss":0.0,"damage_taken":0.0,"relics_obtained":["SsserpentHead"]}],"is_beta":false,"boss_relics":[],"items_purged_floors":[3],"is_endless":false,"potions_floor_spawned":[1,4,11],"killed_by":"Lagavulin","ascension_level":20}