{"gold_per_floor":[109,129,129,129,129,129,157,175,201,201,231,250,263,188,188,267,267,279,179,190,203,203,203,203,230,255,255,155,155],"floor_reached":29,"playtime":1117,"items_purged":["Strike_R","Strike_R","Strike_R"],"score":538,"play_id":"df8b2935-e7ab-4f98-9be9-d3d01f37dd4d","local_time":"20190728202324","is_ascension_mode":true,"campfire_choices":[{"data":"Bash","floor":6.0,"key":"SMITH"},{"data":"Whirlwind","floor":10.0,"key":"SMITH"},{"floor":15.0,"key":"REST"},{"floor":24,"key":"REST"}],"neow_cost":"NONE","seed_source_timestamp":80953690587358,"circlet_count":0,"master_deck":["AscendersBane","Strike_R","Defend_R","Defend_R","Defend_R","Defend_R","Bash+1","Whirlwind+1","Pummel","Offering","Limit Break","Infernal Blade","Fiend Fire","Ghostly Armor","Battle Trance","Uppercut","Ghostly","Ghostly","Ghostly","Spot Weakness","Flex"],"special_seed":0,"relics":["Burning Blood","NeowsBlessing","Sundial","Self Forming Clay","Bronze Scales","Blood Vial","Dream Catcher","Mark of Pain","Mercury Hourglass","Smiling Mask"],"potions_floor_usage":[16,25,25,29],"damage_taken":[{"damage":0.0,"enemies":"Small Slimes","floor":1.0,"turns":1.0},{"damage":0.0,"enemies":"Jaw Worm","floor":2.0,"turns":1.0},{"damage":0.0,"enemies":"3 Sentries","floor":7.0,"turns":2.0},{"damage":6.0,"enemies":"Cultist","floor":8.0,"turns":2.0},{"damage":17.0,"enemies":"Gremlin Nob","floor":11.0,"turns":3.0},{"damage":21.0,"enemies":"Gremlin Gang","floor":12.0,"turns":3.0},{"damage":9.0,"enemies":"Exordium Wildlife","floor":13.0,"turns":3.0},{"damage":42,"enemies":"Slime Boss","floor":16,"turns":9},{"damage":8,"enemies":"3 Byrds","floor":18,"turns":2},{"damage":26,"enemies":"2 Thieves","floor":20,"turns":3},{"damage":13,"enemies":"Chosen and Byrds","floor":21,"turns":3},{"damage":29,"enemies":"Book of Stabbing","floor":25,"turns":4},{"damage":30,"enemies":"Snake Plant","floor":29,"turns":3}],"seed_played":"-6411670945200822061","potions_obtained":[{"floor":1.0,"key":"Weak Potion"},{"floor":11.0,"key":"Dexterity Potion"},{"floor":12.0,"key":"LiquidBronze"},{"floor":16,"key":"Weak Potion"},{"floor":25,"key":"Regen Potion"}],"is_trial":false,"path_per_floor":["M","M","?","T","?","R","E","M","T","R","E","M","M","$","R","B",null,"M","$","M","M","?","?","R","E","T","?","$","M"],"character_chosen":"IRONCLAD","items_purchased":["Flex"],"campfire_rested":2,"item_purchase_floors":[28],"current_hp_per_floor":[74,75,75,75,64,64,70,70,70,70,61,48,47,47,69,35,65,65,65,47,42,37,29,41,19,19,19,19,0],"gold":155,"neow_bonus":"THREE_ENEMY_KILL","is_prod":false,"is_daily":false,"chose_seed":false,"campfire_upgraded":2,"win_rate":0,"timestamp":1564370604,"path_taken":["M","M","?","?","?","R","E","M","T","R","E","?","?","$","R","BOSS","M","$","?","M","?","?","R","E","T","?","$","?"],"build_version":"2019-07-18","purchased_purges":3,"victory":false,"max_hp_per_floor":[75,75,75,75,75,75,75,75,75,75,75,75,75,75,75,75,75,75,75,75,75,37,42,42,42,42,42,42,42],"card_choices":[{"not_picked":["Combust","Heavy Blade"],"picked":"Whirlwind","floor":1.0},{"not_picked":["Entrench","Evolve"],"picked":"Pummel","floor":2.0},{"not_picked":["Thunderclap","Rampage"],"picked":"Offering","floor":7.0},{"not_picked":["Body Slam","Havoc","Cleave"],"picked":"SKIP","floor":8.0},{"not_picked":["Cleave","Iron Wave"],"picked":"Limit Break","floor":11.0},{"not_picked":["Heavy Blade","Iron Wave","Dropkick"],"picked":"SKIP","floor":12.0},{"not_picked":["Body Slam","Intimidate","Warcry"],"picked":"SKIP","floor":13.0},{"not_picked":["Clash","Warcry"],"picked":"Infernal Blade","floor":15.0},{"not_picked":["Limit Break","Bludgeon"],"picked":"Fiend Fire","floor":16},{"not_picked":["Armaments","Perfected Strike"],"picked":"Ghostly Armor","floor":18},{"not_picked":["Shrug It Off","Warcry"],"picked":"Battle Trance","floor":20},{"not_picked":["Intimidate","Clothesline"],"picked":"Uppercut","floor":21},{"not_picked":["Pommel Strike","Twin Strike"],"picked":"Spot Weakness","floor":24},{"not_picked":["Rupture","Reckless Charge+1","Armaments"],"picked":"SKIP","floor":25}],"player_experience":251612,"relics_obtained":[{"floor":4.0,"key":"Sundial"},{"floor":7.0,"key":"Bronze Scales"},{"floor":9.0,"key":"Blood Vial"},{"floor":11.0,"key":"Dream Catcher"},{"floor":25,"key":"Mercury Hourglass"},{"floor":26,"key":"Smiling Mask"}],"event_choices":[{"damage_healed":0.0,"max_hp_gain":0.0,"max_hp_loss":0.0,"gold_gain":0.0,"event_name":"Liars Game","player_choice":"Ignored","floor":3.0,"gold_loss":0.0,"damage_taken":0.0},{"damage_healed":0.0,"max_hp_gain":0.0,"max_hp_loss":0.0,"gold_gain":0.0,"event_name":"Scrap Ooze","player_choice":"Success","floor":5.0,"gold_loss":0.0,"damage_taken":11.0,"relics_obtained":["Self Forming Clay"]},{"damage_healed":0,"gold_gain":0,"player_choice":"Became a Ghost","damage_taken":0,"max_hp_gain":0,"max_hp_loss":38,"event_name":"Ghosts","floor":22,"gold_loss":0,"cards_obtained":["Ghostly","Ghostly","Ghostly"]},{"damage_healed":0,"gold_gain":0,"player_choice":"Shed Blood","damage_taken":13,"max_hp_gain":5,"max_hp_loss":0,"event_name":"Forgotten Altar","floor":23,"gold_loss":0},{"cards_removed":["Strike_R"],"damage_healed":0,"gold_gain":0,"player_choice":"Offered Basic","damage_taken":0,"max_hp_gain":0,"max_hp_loss":0,"event_name":"Bonfire Elementals","floor":27,"gold_loss":0}],"is_beta":true,"boss_relics":[{"not_picked":["Runic Dome","Busted Crown"],"picked":"Mark of Pain"}],"items_purged_floors":[14,19,28],"is_endless":false,"potions_floor_spawned":[1,11,12,16,18,20,25],"killed_by":"Snake Plant","ascension_level":19}