{"gold_per_floor":[116,134,209,41,41,41,72,72,97,117,148,159,159,179,179,179],"floor_reached":16,"playtime":418,"items_purged":[],"score":270,"play_id":"5bae705f-a627-4709-9256-ba73a3f0a02c","local_time":"20190713184144","is_ascension_mode":true,"campfire_choices":[{"data":"Neutralize","floor":6.0,"key":"SMITH"},{"floor":8.0,"key":"DIG"},{"floor":13.0,"key":"REST"},{"data":"Tactician","floor":15,"key":"SMITH"}],"neow_cost":"NONE","seed_source_timestamp":435168413095109,"circlet_count":0,"master_deck":["AscendersBane","Strike_G","Strike_G","Strike_G","Strike_G","Defend_G","Defend_G","Defend_G","Defend_G","Defend_G","Survivor","Neutralize+1","Predator","Dagger Spray","Well Laid Plans","Tactician+1","Flying Knee+1","Adrenaline"],"special_seed":0,"relics":["Ring of the Snake","NeowsBlessing","Shovel","Molten Egg 2","Smiling Mask","Tough Bandages"],"potions_floor_usage":[16],"damage_taken":[{"damage":0.0,"enemies":"Jaw Worm","floor":1.0,"turns":1.0},{"damage":0.0,"enemies":"2 Louse","floor":2.0,"turns":1.0},{"damage":0.0,"enemies":"Lagavulin","floor":7.0,"turns":1.0},{"damage":0.0,"enemies":"Small Slimes","floor":10.0,"turns":3.0},{"damage":22.0,"enemies":"3 Sentries","floor":11.0,"turns":8.0},{"damage":11.0,"enemies":"Exordium Wildlife","floor":12.0,"turns":4.0},{"damage":6.0,"enemies":"Looter","floor":14.0,"turns":3.0},{"damage":31,"enemies":"Slime Boss","floor":16,"turns":5}],"seed_played":"-6830889360469823877","potions_obtained":[{"floor":10.0,"key":"Energy Potion"},{"floor":11.0,"key":"Strength Potion"},{"floor":12.0,"key":"PowerPotion"}],"is_trial":false,"path_per_floor":["M","M","?","$","?","R","E","R","T","M","E","M","R","M","R","B"],"character_chosen":"THE_SILENT","items_purchased":["Well Laid Plans","Tactician"],"campfire_rested":1,"item_purchase_floors":[4,4],"current_hp_per_floor":[59,59,48,48,48,48,48,48,48,48,26,15,34,28,28,0],"gold":179,"neow_bonus":"THREE_ENEMY_KILL","is_prod":false,"is_daily":false,"chose_seed":false,"campfire_upgraded":2,"win_rate":0,"timestamp":1563010904,"path_taken":["M","M","?","$","?","R","E","R","T","M","E","M","R","M","R","BOSS"],"build_version":"2019-07-05","purchased_purges":0,"victory":false,"max_hp_per_floor":[66,66,66,66,66,66,66,66,66,66,66,66,66,66,66,66],"card_choices":[{"not_picked":["Backflip","Riddle With Holes"],"picked":"Predator","floor":1.0},{"not_picked":["Flying Knee","Dodge and Roll"],"picked":"Dagger Spray","floor":2.0},{"not_picked":["Outmaneuver","Backstab","Distraction"],"picked":"SKIP","floor":7.0},{"not_picked":["Outmaneuver","Backstab","Distraction"],"picked":"SKIP","floor":7.0},{"not_picked":["Bane+1","Blade Dance"],"picked":"Flying Knee+1","floor":10.0},{"not_picked":["Corpse Explosion","Accuracy"],"picked":"Adrenaline","floor":11.0},{"not_picked":["Heel Hook+1","Bane+1","PiercingWail"],"picked":"SKIP","floor":12.0},{"not_picked":["Finisher+1","Cloak And Dagger","Slice+1"],"picked":"SKIP","floor":14.0}],"player_experience":980505,"relics_obtained":[{"floor":7.0,"key":"Shovel"},{"floor":8.0,"key":"Molten Egg 2"},{"floor":9.0,"key":"Smiling Mask"},{"floor":11.0,"key":"Tough Bandages"}],"event_choices":[{"damage_healed":0.0,"max_hp_gain":0.0,"max_hp_loss":0.0,"gold_gain":75.0,"event_name":"World of Goop","player_choice":"Gather Gold","floor":3.0,"gold_loss":0.0,"damage_taken":11.0},{"cards_removed":["Strike_G"],"damage_healed":0.0,"max_hp_gain":0.0,"max_hp_loss":0.0,"gold_gain":0.0,"event_name":"Living Wall","player_choice":"Forget","floor":5.0,"gold_loss":0.0,"damage_taken":0.0}],"is_beta":false,"boss_relics":[],"items_purged_floors":[],"is_endless":false,"potions_floor_spawned":[10,11,12],"killed_by":"Slime Boss","ascension_level":20}