{"gold_per_floor":[114,114,129,52,71,71,91,91,138,138,138,138,155,80,80,154,154,169,188,27,27,44,44,44],"floor_reached":24,"playtime":1042,"items_purged":["Strike_G"],"score":448,"play_id":"4ef40dd6-b7b0-4f89-8abb-f9846437fece","local_time":"20190220152402","is_ascension_mode":true,"campfire_choices":[{"data":"Footwork","floor":6.0,"key":"SMITH"},{"data":"Tools of the Trade","floor":8.0,"key":"SMITH"},{"data":"Deadly Poison","floor":10.0,"key":"SMITH"},{"data":"Well Laid Plans","floor":15.0,"key":"SMITH"},{"floor":23,"key":"REST"}],"neow_cost":"TEN_PERCENT_HP_LOSS","seed_source_timestamp":1215748912076686,"circlet_count":0,"master_deck":["AscendersBane","Defend_G","Defend_G","Defend_G","Defend_G","Defend_G","Strike_G","Strike_G","Strike_G","Strike_G","Survivor","Neutralize","Deadly Poison+1","Footwork+1","Tools of the Trade+1","Neutralize+1","Well Laid Plans+1","Blur","Leg Sweep","Deflect","Cloak And Dagger","After Image","Deadly Poison","Backflip","Poisoned Stab","Caltrops","Acrobatics+1"],"special_seed":0,"relics":["Ring of the Snake","Nunchaku","Lantern","Oddly Smooth Stone","Snake Skull","Nloth\u0027s Gift"],"potions_floor_usage":[22],"damage_taken":[{"damage":31.0,"enemies":"Jaw Worm","floor":1.0,"turns":10.0},{"damage":0.0,"enemies":"Cultist","floor":3.0,"turns":4.0},{"damage":0.0,"enemies":"2 Louse","floor":5.0,"turns":4.0},{"damage":4.0,"enemies":"Exordium Thugs","floor":7.0,"turns":7.0},{"damage":0.0,"enemies":"3 Louse","floor":13.0,"turns":4.0},{"damage":0.0,"enemies":"The Guardian","floor":16.0,"turns":16.0},{"damage":19,"enemies":"Spheric Guardian","floor":18,"turns":5},{"damage":4,"enemies":"Shell Parasite","floor":19,"turns":6},{"damage":21,"enemies":"Centurion and Healer","floor":22,"turns":8},{"damage":21,"enemies":"Snake Plant","floor":24,"turns":3}],"seed_played":"-354068516360955156","potions_obtained":[{"floor":1.0,"key":"SmokeBomb"},{"floor":7.0,"key":"Poison Potion"},{"floor":16.0,"key":"Ancient Potion"}],"is_trial":false,"path_per_floor":["M","?","M","$","M","R","M","R","T","R","?","?","M","$","R","B",null,"M","M","$","?","M","R","M"],"character_chosen":"THE_SILENT","items_purchased":["Blur","Snake Skull"],"campfire_rested":1,"item_purchase_floors":[4,20],"current_hp_per_floor":[28,28,28,28,28,28,24,24,24,24,6,6,6,6,6,6,47,28,24,24,24,3,21,0],"gold":44,"neow_bonus":"ONE_RARE_RELIC","is_prod":false,"is_daily":false,"chose_seed":false,"campfire_upgraded":4,"win_rate":0,"timestamp":1550672642,"path_taken":["M","?","?","?","M","R","?","R","T","R","?","?","?","$","R","BOSS","M","M","$","?","?","R","M"],"build_version":"2019-01-23","purchased_purges":1,"victory":false,"max_hp_per_floor":[60,60,60,60,60,60,60,60,60,60,60,60,60,60,60,60,60,60,60,60,60,60,60,60],"card_choices":[{"not_picked":["Terror","Outmaneuver"],"picked":"Deadly Poison","floor":1.0},{"not_picked":["Catalyst","Masterful Stab"],"picked":"Well Laid Plans","floor":3.0},{"not_picked":["Expertise","Dagger Throw"],"picked":"Leg Sweep","floor":5.0},{"not_picked":["Accuracy","Outmaneuver"],"picked":"Deflect","floor":7.0},{"not_picked":["Dagger Spray","Bane"],"picked":"Cloak And Dagger","floor":13.0},{"not_picked":["Tools of the Trade","Envenom"],"picked":"After Image","floor":16.0},{"not_picked":["Infinite Blades","Quick Slash"],"picked":"Deadly Poison","floor":17},{"not_picked":["Prepared","Poisoned Stab"],"picked":"Backflip","floor":17},{"not_picked":["Slice","Finisher"],"picked":"Poisoned Stab","floor":17},{"not_picked":["Poisoned Stab","Masterful Stab"],"picked":"Caltrops","floor":17},{"not_picked":["PiercingWail+1","Outmaneuver"],"picked":"Acrobatics+1","floor":18},{"not_picked":["Poisoned Stab","Slice+1","Flying Knee"],"picked":"SKIP","floor":19},{"not_picked":["Infinite Blades","Malaise","Blade Dance"],"picked":"SKIP","floor":22}],"player_experience":830370,"relics_obtained":[{"floor":9.0,"key":"Lantern"}],"event_choices":[{"damage_healed":0.0,"max_hp_gain":0.0,"max_hp_loss":0.0,"gold_gain":0.0,"event_name":"Match and Keep!","player_choice":"3 cards matched","floor":2.0,"gold_loss":0.0,"damage_taken":0.0,"cards_obtained":["Footwork","Tools of the Trade","Neutralize"]},{"damage_healed":0.0,"max_hp_gain":0.0,"max_hp_loss":0.0,"gold_gain":0.0,"event_name":"Scrap Ooze","player_choice":"Success","floor":11.0,"gold_loss":0.0,"damage_taken":18.0,"relics_obtained":["Oddly Smooth Stone"]},{"damage_healed":0.0,"max_hp_gain":0.0,"max_hp_loss":0.0,"gold_gain":0.0,"event_name":"Accursed Blacksmith","player_choice":"Forge","floor":12.0,"gold_loss":0.0,"damage_taken":0.0,"cards_upgraded":["Neutralize"]},{"damage_healed":0,"gold_gain":0,"player_choice":"Traded Relic","damage_taken":0,"relics_obtained":["Nloth\u0027s Gift"],"max_hp_gain":0,"max_hp_loss":0,"event_name":"N\u0027loth","floor":21,"relics_lost":["Orrery"],"gold_loss":0}],"is_beta":false,"boss_relics":[{"not_picked":["Cursed Key","Philosopher\u0027s Stone"],"picked":"Orrery"}],"items_purged_floors":[14],"is_endless":false,"potions_floor_spawned":[1,7,16,18,19],"killed_by":"Snake Plant","ascension_level":18}