{"gold_per_floor":[219,233,233,233,233,233,308,326,326,326,339,360,360,378,378,449,449,449,449,212,212,212,212,212,212,212,212,212,212,8,8,8,8,8,8,8,8,8,8,8],"floor_reached":40,"playtime":2215,"items_purged":["Strike_B","Strike_B"],"score":655,"play_id":"79370503-6940-4076-9c34-c6bbda1a0388","local_time":"20190113154110","is_ascension_mode":true,"campfire_choices":[{"data":"Zap","floor":6.0,"key":"SMITH"},{"data":"Dualcast","floor":10.0,"key":"SMITH"},{"data":"Go for the Eyes","floor":13.0,"key":"SMITH"},{"floor":15.0,"key":"REST"},{"data":"Capacitor","floor":23.0,"key":"SMITH"},{"floor":25.0,"key":"REST"},{"floor":29.0,"key":"REST"},{"data":"Capacitor","floor":32,"key":"SMITH"}],"neow_cost":"NONE","seed_source_timestamp":514214665993712,"circlet_count":0,"master_deck":["AscendersBane","Strike_B","Defend_B","Defend_B","Defend_B","Defend_B","Zap+1","Dualcast+1","Leap+1","Steam+1","Hologram+1","Electrodynamics","Redo+1","Capacitor+1","Recycle+1","Coolheaded+1","Coolheaded+1","Skim+1","Capacitor+1","Seek+1","Ball Lightning","Blind+1"],"special_seed":0,"relics":["FrozenCore","Art of War","Toxic Egg 2","Odd Mushroom","Ectoplasm","Kunai","Boot","Peace Pipe"],"potions_floor_usage":[],"damage_taken":[{"damage":2.0,"enemies":"2 Louse","floor":1.0,"turns":3.0},{"damage":2.0,"enemies":"Jaw Worm","floor":2.0,"turns":3.0},{"damage":0.0,"enemies":"Small Slimes","floor":8.0,"turns":3.0},{"damage":12.0,"enemies":"2 Fungi Beasts","floor":11.0,"turns":4.0},{"damage":5.0,"enemies":"The Mushroom Lair","floor":12.0,"turns":5.0},{"damage":3.0,"enemies":"Looter","floor":14.0,"turns":3.0},{"damage":29.0,"enemies":"The Guardian","floor":16.0,"turns":16.0},{"damage":0.0,"enemies":"Shell Parasite","floor":18.0,"turns":9.0},{"damage":0.0,"enemies":"Colosseum Slavers","floor":19.0,"turns":2.0},{"damage":10.0,"enemies":"Spheric Guardian","floor":21.0,"turns":4.0},{"damage":14.0,"enemies":"Shelled Parasite and Fungi","floor":27.0,"turns":8.0},{"damage":17.0,"enemies":"Chosen and Byrds","floor":28.0,"turns":8.0},{"damage":0,"enemies":"Centurion and Healer","floor":31,"turns":5},{"damage":23,"enemies":"Collector","floor":33,"turns":11},{"damage":10,"enemies":"3 Shapes","floor":35,"turns":3},{"damage":6,"enemies":"3 Darklings","floor":37,"turns":6},{"damage":8,"enemies":"Mind Bloom Boss Battle","floor":38,"turns":10},{"damage":41,"enemies":"Giant Head","floor":40,"turns":11}],"seed_played":"-5658920271355404513","potions_obtained":[{"floor":2.0,"key":"SpeedPotion"},{"floor":8.0,"key":"AttackPotion"},{"floor":11.0,"key":"Swift Potion"},{"floor":18.0,"key":"Strength Potion"},{"floor":31,"key":"Dexterity Potion"}],"is_trial":false,"path_per_floor":["M","M","?","?","T","R","?","M","T","R","M","?","R","M","R","B",null,"M","?","$","M","T","R","?","R","T","M","M","R","$","M","R","B",null,"M","?","M","?","?","E"],"character_chosen":"DEFECT","items_purchased":["Capacitor","Recycle+1","Skim+1","Capacitor"],"campfire_rested":3,"item_purchase_floors":[20,20,30,30],"current_hp_per_floor":[62,60,53,53,53,53,42,42,42,42,30,25,25,22,43,14,57,57,57,57,47,47,47,47,68,68,54,37,58,58,58,58,35,62,52,52,46,38,38,0],"gold":8,"neow_bonus":"HUNDRED_GOLD","is_prod":false,"is_daily":false,"chose_seed":false,"campfire_upgraded":5,"win_rate":0,"timestamp":1547390470,"path_taken":["M","M","?","?","?","R","?","M","T","R","M","?","R","M","R","BOSS","M","?","$","M","?","R","?","R","T","M","M","R","$","M","R","BOSS","M","?","M","?","?","E"],"build_version":"2019-01-10","purchased_purges":2,"victory":false,"max_hp_per_floor":[71,71,71,71,71,71,71,71,71,71,71,71,71,71,71,71,71,71,71,71,71,71,71,71,71,71,71,71,71,71,71,71,71,71,71,71,71,71,71,71],"card_choices":[{"not_picked":["Reprogram","Loop"],"picked":"Go for the Eyes","floor":1.0},{"not_picked":["Leap","Streamline","Rebound"],"picked":"SKIP","floor":2.0},{"not_picked":["Gash","Force Field","Sunder"],"picked":"SKIP","floor":8.0},{"not_picked":["Cold Snap","Biased Cognition"],"picked":"Leap+1","floor":11.0},{"not_picked":["Auto Shields+1","Self Repair"],"picked":"Steam+1","floor":12.0},{"not_picked":["Leap+1","Recycle+1"],"picked":"Hologram+1","floor":14.0},{"not_picked":["Amplify+1","Buffer"],"picked":"Electrodynamics","floor":16.0},{"not_picked":["Blizzard","Sweeping Beam"],"picked":"Redo+1","floor":18.0},{"not_picked":["Melter","Tempest+1"],"picked":"Coolheaded+1","floor":21.0},{"not_picked":["Undo+1","Leap+1","Cold Snap"],"picked":"SKIP","floor":27.0},{"not_picked":["Storm","Steam+1"],"picked":"Coolheaded+1","floor":28.0},{"not_picked":["Stack+1","Echo Form","Genetic Algorithm+1"],"picked":"SKIP","floor":31},{"not_picked":["Multi-Cast+1","Hyperbeam"],"picked":"Seek+1","floor":33},{"not_picked":["Sweeping Beam","Beam Cell"],"picked":"Ball Lightning","floor":35},{"not_picked":["Metamorphosis+1","Deep Breath+1"],"picked":"Blind+1","floor":36},{"not_picked":["Turbo+1","Leap+1","Conserve Battery+1"],"picked":"SKIP","floor":37}],"player_experience":720681,"relics_obtained":[{"floor":5.0,"key":"Art of War"},{"floor":9.0,"key":"Toxic Egg 2"},{"floor":12.0,"key":"Odd Mushroom"},{"floor":22.0,"key":"Kunai"},{"floor":26.0,"key":"Boot"},{"floor":38,"key":"Peace Pipe"}],"event_choices":[{"cards_removed":["Strike_B"],"damage_healed":0.0,"max_hp_gain":0.0,"max_hp_loss":0.0,"gold_gain":0.0,"event_name":"Golden Wing","player_choice":"Card Removal","floor":3.0,"gold_loss":0.0,"damage_taken":7.0},{"damage_healed":0.0,"max_hp_gain":0.0,"max_hp_loss":0.0,"gold_gain":0.0,"event_name":"Shining Light","player_choice":"Ignored","floor":4.0,"gold_loss":0.0,"damage_taken":0.0},{"damage_healed":0.0,"max_hp_gain":0.0,"max_hp_loss":0.0,"gold_gain":75.0,"event_name":"World of Goop","player_choice":"Gather Gold","floor":7.0,"gold_loss":0.0,"damage_taken":11.0},{"damage_healed":0.0,"max_hp_gain":0.0,"max_hp_loss":0.0,"gold_gain":0.0,"event_name":"Mushrooms","player_choice":"Fought Mushrooms","floor":12.0,"gold_loss":0.0,"damage_taken":0.0},{"damage_healed":0.0,"max_hp_gain":0.0,"max_hp_loss":0.0,"gold_gain":0.0,"event_name":"Colosseum","player_choice":"Fight","floor":19.0,"gold_loss":0.0,"damage_taken":0.0},{"damage_healed":0.0,"max_hp_gain":0.0,"max_hp_loss":0.0,"gold_gain":0.0,"event_name":"Colosseum","player_choice":"Fled From Nobs","floor":19.0,"gold_loss":0.0,"damage_taken":0.0},{"damage_healed":0.0,"max_hp_gain":0.0,"max_hp_loss":0.0,"gold_gain":0.0,"event_name":"The Mausoleum","player_choice":"Ignored","floor":24.0,"gold_loss":0.0,"damage_taken":0.0},{"damage_healed":0,"gold_gain":0,"player_choice":"Memory 1","damage_taken":0,"max_hp_gain":0,"max_hp_loss":0,"event_name":"SensoryStone","floor":36,"gold_loss":0},{"damage_healed":0,"gold_gain":0,"player_choice":"Fight","damage_taken":0,"max_hp_gain":0,"max_hp_loss":0,"event_name":"MindBloom","floor":38,"gold_loss":0},{"cards_removed":["Go for the Eyes"],"damage_healed":0,"gold_gain":0,"player_choice":"Removed Attack","damage_taken":0,"max_hp_gain":0,"max_hp_loss":0,"event_name":"Falling","floor":39,"gold_loss":0}],"is_beta":false,"boss_relics":[{"not_picked":["Fusion Hammer","Snecko Eye"],"picked":"Ectoplasm"},{"not_picked":["Velvet Choker","Inserter"],"picked":"FrozenCore"}],"items_purged_floors":[20,30],"is_endless":false,"potions_floor_spawned":[2,8,11,18,31,33],"killed_by":"Giant Head","ascension_level":15}