{"gold_per_floor":[112,112,129,141,154,180,180,200,200,200,200,231,115,134,134,134],"floor_reached":16,"playtime":482,"items_purged":["Strike_R"],"score":224,"play_id":"9929ce12-b4be-40fa-849d-69df1aca0236","local_time":"20190727013355","is_ascension_mode":true,"campfire_choices":[{"data":"Dual Wield","floor":7.0,"key":"SMITH"},{"data":"Bash","floor":11.0,"key":"SMITH"},{"data":"Corruption","floor":15.0,"key":"SMITH"}],"neow_cost":"TEN_PERCENT_HP_LOSS","seed_source_timestamp":478369378080832,"circlet_count":0,"master_deck":["AscendersBane","Strike_R","Strike_R","Strike_R","Defend_R","Defend_R","Defend_R","Defend_R","Bash+1","Fiend Fire","Second Wind","Whirlwind","Clash","Dual Wield+1","Brutality","Power Through","Battle Trance","Disarm","Corruption+1","Feel No Pain"],"special_seed":0,"relics":["Burning Blood","Omamori","Anchor","Regal Pillow"],"potions_floor_usage":[16],"damage_taken":[{"damage":10.0,"enemies":"Small Slimes","floor":1.0,"turns":5.0},{"damage":2.0,"enemies":"2 Louse","floor":3.0,"turns":4.0},{"damage":6.0,"enemies":"Cultist","floor":4.0,"turns":3.0},{"damage":13.0,"enemies":"Red Slaver","floor":5.0,"turns":3.0},{"damage":32.0,"enemies":"Gremlin Nob","floor":6.0,"turns":4.0},{"damage":7.0,"enemies":"Looter","floor":8.0,"turns":2.0},{"damage":30.0,"enemies":"3 Sentries","floor":12.0,"turns":8.0},{"damage":0.0,"enemies":"Exordium Wildlife","floor":14.0,"turns":2.0},{"damage":29,"enemies":"The Guardian","floor":16,"turns":2}],"seed_played":"1148217582616453075","potions_obtained":[{"floor":1.0,"key":"Strength Potion"},{"floor":3.0,"key":"SkillPotion"},{"floor":12.0,"key":"Fruit Juice"},{"floor":14.0,"key":"GamblersBrew"}],"is_trial":false,"path_per_floor":["M","?","M","M","M","E","R","M","T","?","R","E","$","M","R","B"],"character_chosen":"IRONCLAD","items_purchased":["Corruption"],"campfire_rested":0,"item_purchase_floors":[13],"current_hp_per_floor":[64,64,68,68,61,35,35,34,34,34,34,15,15,21,21,0],"gold":134,"neow_bonus":"THREE_RARE_CARDS","is_prod":false,"is_daily":false,"chose_seed":false,"campfire_upgraded":3,"win_rate":0,"timestamp":1564158835,"path_taken":["M","?","M","M","M","E","R","M","T","?","R","E","?","M","R","BOSS"],"build_version":"2019-07-17","purchased_purges":1,"victory":false,"max_hp_per_floor":[68,68,68,68,68,68,68,68,68,68,68,73,73,73,73,73],"card_choices":[{"not_picked":["Double Tap","Exhume"],"picked":"Fiend Fire","floor":0.0},{"not_picked":["Warcry","Searing Blow"],"picked":"Second Wind","floor":1.0},{"not_picked":["Pommel Strike","Headbutt"],"picked":"Whirlwind","floor":3.0},{"not_picked":["Ghostly Armor","Sever Soul"],"picked":"Clash","floor":4.0},{"not_picked":["Warcry","Body Slam"],"picked":"Dual Wield","floor":5.0},{"not_picked":["Juggernaut","Infernal Blade"],"picked":"Brutality","floor":6.0},{"not_picked":["Clash","Blood for Blood"],"picked":"Power Through","floor":8.0},{"not_picked":["Second Wind","Metallicize"],"picked":"Disarm","floor":12.0},{"not_picked":["Headbutt","Shrug It Off"],"picked":"Feel No Pain","floor":14.0}],"player_experience":1023455,"relics_obtained":[{"floor":6.0,"key":"Omamori"},{"floor":9.0,"key":"Anchor"},{"floor":12.0,"key":"Regal Pillow"}],"event_choices":[{"damage_healed":0.0,"max_hp_gain":0.0,"max_hp_loss":0.0,"gold_gain":0.0,"event_name":"Shining Light","player_choice":"Ignored","floor":2.0,"gold_loss":0.0,"damage_taken":0.0},{"damage_healed":0.0,"max_hp_gain":0.0,"max_hp_loss":0.0,"gold_gain":0.0,"cards_transformed":["Strike_R"],"event_name":"Transmorgrifier","player_choice":"Transformed","floor":10.0,"gold_loss":0.0,"damage_taken":0.0,"cards_obtained":["Battle Trance"]}],"is_beta":false,"boss_relics":[],"items_purged_floors":[13],"is_endless":false,"potions_floor_spawned":[1,3,12,14],"killed_by":"The Guardian","ascension_level":20}