{"gold_per_floor":[109,120,120,120,144,144,160,174,174,199,199,213,15,55,55,153,153,172,172,196,220,47,47,83,0,30,50,50],"floor_reached":28,"playtime":1974,"items_purged":[],"score":507,"play_id":"50621501-75a0-4865-9fa8-5f47fb1ac743","local_time":"20190728235252","is_ascension_mode":true,"campfire_choices":[{"data":"Neutralize","floor":6.0,"key":"SMITH"},{"floor":11.0,"key":"REST"},{"data":"Footwork","floor":15.0,"key":"SMITH"},{"data":"Terror","floor":23.0,"key":"SMITH"}],"neow_cost":"CURSE","seed_source_timestamp":302657156304700,"circlet_count":0,"master_deck":["AscendersBane","Strike_G","Strike_G","Strike_G","Strike_G","Strike_G","Defend_G","Defend_G","Defend_G","Defend_G","Defend_G","Survivor","Neutralize+1","Backflip","Well Laid Plans","Calculated Gamble","Dodge and Roll","Glass Knife","Dagger Throw","Deadly Poison","Footwork+1","Deflect","Terror+1","Bullet Time","Doubt","Decay","Writhe","Underhanded Strike","Sucker Punch","Noxious Fumes+1","Backstab"],"special_seed":0,"relics":["Ring of the Snake","Tingsha","Golden Idol","Letter Opener","Ancient Tea Set","Calling Bell","Omamori","Mummified Hand","Gambling Chip","Art of War","Calipers","Tiny Chest"],"potions_floor_usage":[],"damage_taken":[{"damage":1.0,"enemies":"2 Louse","floor":1.0,"turns":3.0},{"damage":6.0,"enemies":"Jaw Worm","floor":2.0,"turns":6.0},{"damage":0.0,"enemies":"Cultist","floor":5.0,"turns":4.0},{"damage":0.0,"enemies":"Large Slime","floor":7.0,"turns":6.0},{"damage":0.0,"enemies":"Looter","floor":8.0,"turns":4.0},{"damage":6.0,"enemies":"Gremlin Gang","floor":10.0,"turns":6.0},{"damage":12.0,"enemies":"Large Slime","floor":12.0,"turns":7.0},{"damage":0.0,"enemies":"Gremlin Nob","floor":14.0,"turns":3.0},{"damage":7.0,"enemies":"Hexaghost","floor":16.0,"turns":11.0},{"damage":2.0,"enemies":"Shell Parasite","floor":18.0,"turns":6.0},{"damage":0.0,"enemies":"Chosen","floor":20.0,"turns":5.0},{"damage":0.0,"enemies":"Centurion and Healer","floor":21.0,"turns":8.0},{"damage":35.0,"enemies":"Book of Stabbing","floor":24.0,"turns":4.0},{"damage":5.0,"enemies":"Sentry and Sphere","floor":27.0,"turns":5.0},{"damage":14,"enemies":"Shelled Parasite and Fungi","floor":28,"turns":1}],"seed_played":"8215638946140004604","potions_obtained":[{"floor":1.0,"key":"AttackPotion"},{"floor":5.0,"key":"GamblersBrew"},{"floor":7.0,"key":"Fire Potion"},{"floor":16.0,"key":"LiquidBronze"},{"floor":18.0,"key":"Weak Potion"},{"floor":20.0,"key":"AttackPotion"}],"is_trial":false,"path_per_floor":["M","M","?","?","M","R","M","M","T","M","R","M","$","E","R","B",null,"M","?","M","M","$","R","E","?","T","M","M"],"character_chosen":"THE_SILENT","items_purchased":["Footwork","PowerPotion","Deflect","Art of War"],"campfire_rested":1,"item_purchase_floors":[13,13,13,22],"current_hp_per_floor":[58,52,52,45,45,45,45,45,45,39,57,45,45,45,45,38,55,53,44,44,44,44,44,9,9,9,4,0],"gold":50,"neow_bonus":"ONE_RARE_RELIC","is_prod":false,"is_daily":false,"chose_seed":false,"campfire_upgraded":3,"win_rate":0,"timestamp":1564350772,"path_taken":["M","M","?","?","M","R","M","M","T","M","R","M","$","E","R","BOSS","M","?","M","?","$","R","E","?","T","M","M"],"build_version":"2019-07-17","purchased_purges":0,"victory":false,"max_hp_per_floor":[66,66,60,60,60,60,60,60,60,60,60,60,60,60,60,60,60,60,60,60,60,60,60,60,60,60,60,60],"card_choices":[{"not_picked":["Bane","Concentrate"],"picked":"Backflip","floor":1.0},{"not_picked":["Flying Knee","Catalyst"],"picked":"Well Laid Plans","floor":2.0},{"not_picked":["Outmaneuver","Prepared"],"picked":"Calculated Gamble","floor":5.0},{"not_picked":["Bane","Choke"],"picked":"Dodge and Roll","floor":7.0},{"not_picked":["Finisher","Dodge and Roll"],"picked":"Glass Knife","floor":8.0},{"not_picked":["Expertise","Bane"],"picked":"Dagger Throw","floor":10.0},{"not_picked":["Poisoned Stab","Cloak And Dagger"],"picked":"Deadly Poison","floor":12.0},{"not_picked":["Accuracy","Quick Slash"],"picked":"Terror","floor":14.0},{"not_picked":["Unload","Wraith Form v2"],"picked":"Bullet Time","floor":16.0},{"not_picked":["Outmaneuver","Crippling Poison"],"picked":"Underhanded Strike","floor":18.0},{"not_picked":["Outmaneuver","Prepared","Setup+1"],"picked":"SKIP","floor":20.0},{"not_picked":["Slice","Backflip"],"picked":"Sucker Punch","floor":21.0},{"not_picked":["Backflip","Blade Dance"],"picked":"Noxious Fumes+1","floor":24.0},{"not_picked":["Expertise","Flying Knee"],"picked":"Backstab","floor":27.0}],"player_experience":904274,"relics_obtained":[{"floor":9.0,"key":"Letter Opener"},{"floor":14.0,"key":"Ancient Tea Set"},{"floor":17.0,"key":"Omamori"},{"floor":17.0,"key":"Mummified Hand"},{"floor":17.0,"key":"Gambling Chip"},{"floor":24.0,"key":"Calipers"},{"floor":26.0,"key":"Tiny Chest"}],"event_choices":[{"damage_healed":0.0,"max_hp_gain":0.0,"max_hp_loss":6.0,"gold_gain":0.0,"event_name":"Golden Idol","player_choice":"Lose Max HP","floor":3.0,"gold_loss":0.0,"damage_taken":0.0,"relics_obtained":["Golden Idol"]},{"cards_removed":["Doubt"],"damage_healed":0.0,"max_hp_gain":0.0,"max_hp_loss":0.0,"gold_gain":0.0,"event_name":"Golden Wing","player_choice":"Card Removal","floor":4.0,"gold_loss":0.0,"damage_taken":7.0},{"damage_healed":0.0,"max_hp_gain":0.0,"max_hp_loss":0.0,"gold_gain":0.0,"event_name":"Wheel of Change","player_choice":"Damaged","floor":19.0,"gold_loss":0.0,"damage_taken":9.0},{"damage_healed":0.0,"max_hp_gain":0.0,"max_hp_loss":0.0,"gold_gain":0.0,"event_name":"Masked Bandits","player_choice":"Paid Fearfully","floor":25.0,"gold_loss":83.0,"damage_taken":0.0}],"is_beta":false,"boss_relics":[{"not_picked":["Velvet Choker","Lizard Tail"],"picked":"Calling Bell"}],"items_purged_floors":[],"is_endless":false,"potions_floor_spawned":[1,5,7,16,18,20,21],"killed_by":"Shelled Parasite and Fungi","ascension_level":18}