{"gold_per_floor":[119,136,61,79,90,123,123,48,120,120,120,173,173,17,17,92,92,110,110,51,63,82,82,95,95,118,118,134,134,134,150,150,228,228,238,238,238,255,255,255,266,266,266,266],"floor_reached":44,"playtime":2148,"items_purged":["Strike_R","Strike_R"],"score":812,"play_id":"11e6ab83-c1e0-4c27-8ad7-09ea7fe05593","local_time":"20190224191618","is_ascension_mode":true,"campfire_choices":[{"data":"Battle Trance","floor":7.0,"key":"SMITH"},{"data":"Rampage","floor":10.0,"key":"SMITH"},{"data":"Bash","floor":13.0,"key":"SMITH"},{"data":"True Grit","floor":15.0,"key":"SMITH"},{"floor":23.0,"key":"REST"},{"data":"True Grit","floor":27.0,"key":"SMITH"},{"floor":29.0,"key":"REST"},{"floor":32.0,"key":"REST"},{"floor":40.0,"key":"REST"}],"neow_cost":"NONE","seed_source_timestamp":1458365802734362,"circlet_count":0,"master_deck":["AscendersBane","Defend_R","Defend_R","Defend_R","Defend_R","Bash+1","Rampage+1","Headbutt","Battle Trance+1","True Grit+1","Offering","Power Through","True Grit+1","Doubt","Feel No Pain","Master of Strategy","Headbutt","Normality"],"special_seed":0,"relics":["Burning Blood","Champion Belt","Ornamental Fan","Juzu Bracelet","Cursed Key","Boot","Mark of Pain","Blood Vial"],"potions_floor_usage":[44],"damage_taken":[{"damage":6.0,"enemies":"Cultist","floor":1.0,"turns":3.0},{"damage":3.0,"enemies":"Small Slimes","floor":2.0,"turns":3.0},{"damage":7.0,"enemies":"Jaw Worm","floor":4.0,"turns":3.0},{"damage":12.0,"enemies":"Looter","floor":5.0,"turns":3.0},{"damage":23.0,"enemies":"3 Sentries","floor":6.0,"turns":6.0},{"damage":21.0,"enemies":"Slime Boss","floor":16.0,"turns":8.0},{"damage":24.0,"enemies":"2 Thieves","floor":18.0,"turns":4.0},{"damage":9.0,"enemies":"3 Byrds","floor":21.0,"turns":5.0},{"damage":22.0,"enemies":"Centurion and Healer","floor":22.0,"turns":4.0},{"damage":20.0,"enemies":"Snecko","floor":24.0,"turns":5.0},{"damage":29.0,"enemies":"Snake Plant","floor":28.0,"turns":7.0},{"damage":14.0,"enemies":"Colosseum Slavers","floor":30.0,"turns":4.0},{"damage":11.0,"enemies":"Centurion and Healer","floor":31.0,"turns":6.0},{"damage":22.0,"enemies":"Champ","floor":33.0,"turns":8.0},{"damage":11.0,"enemies":"3 Shapes","floor":35.0,"turns":5.0},{"damage":27.0,"enemies":"3 Darklings","floor":38.0,"turns":7.0},{"damage":42.0,"enemies":"Spire Growth","floor":41.0,"turns":5.0},{"damage":20,"enemies":"Writhing Mass","floor":44,"turns":5}],"seed_played":"-7134676964753392143","potions_obtained":[{"floor":4.0,"key":"SkillPotion"},{"floor":16.0,"key":"FearPotion"},{"floor":22.0,"key":"Poison Potion"},{"floor":24.0,"key":"Swift Potion"},{"floor":28.0,"key":"Swift Potion"},{"floor":33.0,"key":"Fire Potion"},{"floor":41.0,"key":"Block Potion"}],"is_trial":false,"path_per_floor":["M","M","$","M","M","E","R","?","T","R","?","T","R","$","R","B",null,"M","?","$","M","M","R","M","?","T","R","M","R","?","M","R","B",null,"M","?","?","M","?","R","M","?","T","M"],"character_chosen":"IRONCLAD","items_purchased":["True Grit","True Grit"],"campfire_rested":4,"item_purchase_floors":[14,20],"current_hp_per_floor":[68,71,71,70,64,47,47,47,47,47,47,47,47,47,47,32,64,46,46,46,43,27,49,35,35,35,35,12,34,26,21,43,27,63,58,58,53,32,32,53,17,17,17,0],"gold":266,"neow_bonus":"REMOVE_CARD","is_prod":false,"is_daily":false,"chose_seed":false,"campfire_upgraded":5,"win_rate":0,"timestamp":1551032178,"path_taken":["M","M","$","?","M","E","R","?","T","R","?","?","R","$","R","BOSS","M","?","$","M","M","R","M","?","T","R","M","R","?","M","R","BOSS","M","?","?","M","?","R","M","?","T","M"],"build_version":"2019-01-23","purchased_purges":2,"victory":false,"max_hp_per_floor":[75,75,75,75,75,75,75,75,75,75,75,75,75,75,75,75,75,75,75,75,75,75,75,75,75,75,75,75,75,75,75,75,75,75,75,75,75,75,71,71,71,71,71,71],"card_choices":[{"not_picked":["Havoc","True Grit"],"picked":"Combust","floor":1.0},{"not_picked":["Pummel","Body Slam"],"picked":"Rampage","floor":2.0},{"not_picked":["Armaments","Pommel Strike"],"picked":"Headbutt","floor":4.0},{"not_picked":["Impervious","Clothesline","Iron Wave"],"picked":"SKIP","floor":5.0},{"not_picked":["Evolve","Clothesline"],"picked":"Battle Trance","floor":6.0},{"not_picked":["Impervious","Immolate"],"picked":"Offering","floor":16.0},{"not_picked":["Corruption","Perfected Strike+1"],"picked":"Power Through","floor":18.0},{"not_picked":["Rage+1","Perfected Strike","Clothesline"],"picked":"SKIP","floor":21.0},{"not_picked":["Rage+1","Perfected Strike","Clothesline"],"picked":"SKIP","floor":21.0},{"not_picked":["Carnage+1","Reckless Charge","Heavy Blade+1"],"picked":"SKIP","floor":22.0},{"not_picked":["Clothesline","Shrug It Off","Disarm+1"],"picked":"SKIP","floor":24.0},{"not_picked":["Reckless Charge","Spot Weakness"],"picked":"Feel No Pain","floor":28.0},{"not_picked":["Body Slam","Heavy Blade","Ghostly Armor"],"picked":"SKIP","floor":31.0},{"not_picked":["Rage","Iron Wave","Wild Strike"],"picked":"SKIP","floor":35.0},{"not_picked":["Finesse","Purity"],"picked":"Master of Strategy","floor":37.0},{"not_picked":["Anger","Iron Wave"],"picked":"Headbutt","floor":38.0},{"not_picked":["Combust+1","Wild Strike","Havoc"],"picked":"SKIP","floor":41.0}],"player_experience":893884,"relics_obtained":[{"floor":6.0,"key":"Champion Belt"},{"floor":9.0,"key":"Ornamental Fan"},{"floor":12.0,"key":"Juzu Bracelet"},{"floor":26.0,"key":"Boot"},{"floor":43.0,"key":"Blood Vial"}],"event_choices":[{"cards_removed":["Strike_R"],"damage_healed":0.0,"max_hp_gain":0.0,"max_hp_loss":0.0,"gold_gain":0.0,"event_name":"The Cleric","player_choice":"Card Removal","floor":8.0,"gold_loss":75.0,"damage_taken":0.0},{"damage_healed":0.0,"max_hp_gain":0.0,"max_hp_loss":0.0,"gold_gain":0.0,"event_name":"Shining Light","player_choice":"Ignored","floor":11.0,"gold_loss":0.0,"damage_taken":0.0},{"damage_healed":0.0,"max_hp_gain":0.0,"max_hp_loss":0.0,"gold_gain":0.0,"event_name":"Cursed Tome","player_choice":"Ignored","floor":19.0,"gold_loss":0.0,"damage_taken":0.0},{"cards_removed":["Strike_R"],"damage_healed":0.0,"max_hp_gain":0.0,"max_hp_loss":0.0,"gold_gain":0.0,"event_name":"Bonfire Elementals","player_choice":"Offered Basic","floor":25.0,"gold_loss":0.0,"damage_taken":0.0},{"damage_healed":0.0,"max_hp_gain":0.0,"max_hp_loss":0.0,"gold_gain":0.0,"event_name":"Colosseum","player_choice":"Fight","floor":30.0,"gold_loss":0.0,"damage_taken":0.0},{"damage_healed":0.0,"max_hp_gain":0.0,"max_hp_loss":0.0,"gold_gain":0.0,"event_name":"Colosseum","player_choice":"Fled From Nobs","floor":30.0,"gold_loss":0.0,"damage_taken":0.0},{"cards_removed":["Combust"],"damage_healed":0.0,"max_hp_gain":0.0,"max_hp_loss":0.0,"gold_gain":0.0,"event_name":"Falling","player_choice":"Removed Power","floor":36.0,"gold_loss":0.0,"damage_taken":0.0},{"damage_healed":0.0,"max_hp_gain":0.0,"max_hp_loss":0.0,"gold_gain":0.0,"event_name":"SensoryStone","player_choice":"Memory 2","floor":37.0,"gold_loss":0.0,"damage_taken":5.0},{"damage_healed":0.0,"max_hp_gain":0.0,"max_hp_loss":4.0,"gold_gain":0.0,"event_name":"Winding Halls","player_choice":"Max HP","floor":39.0,"gold_loss":0.0,"damage_taken":0.0},{"damage_healed":0.0,"max_hp_gain":0.0,"max_hp_loss":0.0,"gold_gain":0.0,"event_name":"Mysterious Sphere","player_choice":"Ignored","floor":42.0,"gold_loss":0.0,"damage_taken":0.0}],"is_beta":false,"boss_relics":[{"not_picked":["Pandora\u0027s Box","Ectoplasm"],"picked":"Cursed Key"},{"not_picked":["Black Star","Busted Crown"],"picked":"Mark of Pain"}],"items_purged_floors":[3,14],"is_endless":false,"potions_floor_spawned":[4,16,22,24,28,33,41],"killed_by":"Writhing Mass","ascension_level":20}