{"gold_per_floor":[119,33,33,45,45,72,72,102,175,175,100,100,114,148,148,148],"floor_reached":16,"playtime":466,"items_purged":["Strike_G"],"score":282,"play_id":"27436107-f9e8-4d42-b793-e140e38e4ae1","local_time":"20190714170341","is_ascension_mode":true,"campfire_choices":[{"data":"Quick Slash","floor":10.0,"key":"SMITH"},{"data":"Dash","floor":12.0,"key":"SMITH"},{"data":"Acrobatics","floor":15,"key":"SMITH"}],"neow_cost":"NONE","seed_source_timestamp":485070033275604,"circlet_count":0,"master_deck":["AscendersBane","Strike_G","Strike_G+1","Strike_G+1","Defend_G","Defend_G","Defend_G","Defend_G","Defend_G","Survivor","Neutralize","Acrobatics+1","Cloak And Dagger","Quick Slash+1","Well Laid Plans","Dash+1","Tactician"],"special_seed":0,"relics":["Ring of the Snake","NeowsBlessing","Dream Catcher","Whetstone","Blue Candle","Potion Belt"],"potions_floor_usage":[],"damage_taken":[{"damage":0.0,"enemies":"2 Louse","floor":1.0,"turns":1.0},{"damage":0.0,"enemies":"Cultist","floor":4.0,"turns":1.0},{"damage":0.0,"enemies":"3 Sentries","floor":6.0,"turns":1.0},{"damage":31.0,"enemies":"Gremlin Nob","floor":8.0,"turns":6.0},{"damage":5,"enemies":"Jaw Worm","floor":13,"turns":4},{"damage":14,"enemies":"3 Sentries","floor":14,"turns":11},{"damage":15,"enemies":"Hexaghost","floor":16,"turns":9}],"seed_played":"-7843918460516651919","potions_obtained":[{"floor":6.0,"key":"Dexterity Potion"},{"floor":8.0,"key":"Fruit Juice"}],"is_trial":false,"path_per_floor":["M","$","?","M","$","E","?","E","T","R","$","R","M","E","R","B"],"character_chosen":"THE_SILENT","items_purchased":["GhostInAJar"],"campfire_rested":0,"item_purchase_floors":[2],"current_hp_per_floor":[59,59,59,59,59,59,59,33,33,33,33,33,28,14,14,0],"gold":148,"neow_bonus":"THREE_ENEMY_KILL","is_prod":false,"is_daily":false,"chose_seed":false,"campfire_upgraded":3,"win_rate":0,"timestamp":1563091421,"path_taken":["M","$","?","?","$","E","?","E","T","R","$","R","M","E","R","BOSS"],"build_version":"2019-07-05","purchased_purges":1,"victory":false,"max_hp_per_floor":[66,66,66,66,66,66,66,71,71,71,71,71,71,71,71,71],"card_choices":[{"not_picked":["Outmaneuver","Prepared"],"picked":"Acrobatics","floor":1.0},{"not_picked":["Dodge and Roll","Escape Plan"],"picked":"Quick Slash","floor":4.0},{"not_picked":["Prepared","PiercingWail"],"picked":"Well Laid Plans","floor":6.0},{"not_picked":["Skewer","Noxious Fumes"],"picked":"Dash","floor":8.0},{"not_picked":["Concentrate","Well Laid Plans","Dodge and Roll"],"picked":"SKIP","floor":13},{"not_picked":["Flechettes","Crippling Poison"],"picked":"Tactician","floor":14}],"player_experience":992482,"relics_obtained":[{"floor":6.0,"key":"Dream Catcher"},{"floor":8.0,"key":"Whetstone"},{"floor":9.0,"key":"Blue Candle"},{"floor":14,"key":"Potion Belt"}],"event_choices":[{"damage_healed":0.0,"max_hp_gain":0.0,"max_hp_loss":0.0,"gold_gain":0.0,"cards_transformed":["Strike_G"],"event_name":"Transmorgrifier","player_choice":"Transformed","floor":3.0,"gold_loss":0.0,"damage_taken":0.0,"cards_obtained":["Cloak And Dagger"]},{"damage_healed":0.0,"max_hp_gain":0.0,"max_hp_loss":0.0,"gold_gain":0.0,"event_name":"Dead Adventurer","player_choice":"Searched \u00270\u0027 times","floor":7.0,"gold_loss":0.0,"damage_taken":0.0}],"is_beta":false,"boss_relics":[],"items_purged_floors":[11],"is_endless":false,"potions_floor_spawned":[6,8],"killed_by":"Hexaghost","ascension_level":20}