{"gold_per_floor":[115,126,139,139,64,64,64,64,87,102,102,129,139,139,139,139],"floor_reached":16,"playtime":423,"items_purged":["Strike_R"],"score":180,"play_id":"70a83639-9753-4dc9-875a-8c4c3d8958b8","local_time":"20190712213722","is_ascension_mode":true,"campfire_choices":[{"data":"Bash","floor":6,"key":"SMITH"},{"data":"Iron Wave","floor":11,"key":"SMITH"},{"data":"Metallicize","floor":15,"key":"SMITH"}],"neow_cost":"NONE","seed_source_timestamp":394925650919256,"circlet_count":0,"master_deck":["AscendersBane","Strike_R","Strike_R","Strike_R","Strike_R","Defend_R","Defend_R+1","Defend_R","Defend_R","Bash+1","Iron Wave+1","Rupture+1","Metallicize+1"],"special_seed":0,"relics":["Burning Blood","PreservedInsect","Art of War","Boot"],"potions_floor_usage":[16,16],"damage_taken":[{"damage":15.0,"enemies":"Small Slimes","floor":1.0,"turns":4.0},{"damage":2,"enemies":"2 Louse","floor":2,"turns":3},{"damage":6,"enemies":"Cultist","floor":3,"turns":3},{"damage":12,"enemies":"Red Slaver","floor":10,"turns":4},{"damage":22,"enemies":"Large Slime","floor":13,"turns":8},{"damage":43,"enemies":"The Guardian","floor":16,"turns":18}],"seed_played":"-8239501099635529187","potions_obtained":[{"floor":2,"key":"Energy Potion"},{"floor":3,"key":"BloodPotion"}],"is_trial":false,"path_per_floor":["M","M","M","?","$","R","?","?","T","M","R","T","M","?","R","B"],"character_chosen":"IRONCLAD","items_purchased":[],"campfire_rested":0,"item_purchase_floors":[],"current_hp_per_floor":[59,63,63,63,63,63,63,40,40,34,34,34,18,14,14,0],"gold":139,"neow_bonus":"RANDOM_COMMON_RELIC","is_prod":false,"is_daily":false,"chose_seed":false,"campfire_upgraded":3,"win_rate":0,"timestamp":1562935042,"path_taken":["M","M","M","?","$","R","?","?","T","M","R","?","M","?","R","BOSS"],"build_version":"2019-07-05","purchased_purges":1,"victory":false,"max_hp_per_floor":[75,75,75,75,75,75,75,75,75,75,75,75,75,75,75,75],"card_choices":[{"not_picked":["True Grit","Ghostly Armor"],"picked":"Iron Wave","floor":1.0},{"not_picked":["Power Through","Reckless Charge","Anger"],"picked":"SKIP","floor":2},{"not_picked":["Seeing Red","Wild Strike"],"picked":"Rupture","floor":3},{"not_picked":["Clash","Iron Wave","Infernal Blade"],"picked":"SKIP","floor":10},{"not_picked":["Flex","Thunderclap"],"picked":"Metallicize","floor":13}],"player_experience":974240,"relics_obtained":[{"floor":9,"key":"Art of War"},{"floor":12,"key":"Boot"}],"event_choices":[{"damage_healed":0,"gold_gain":0,"player_choice":"Ignored","damage_taken":0,"max_hp_gain":0,"max_hp_loss":0,"event_name":"Liars Game","floor":4,"gold_loss":0},{"damage_healed":0,"gold_gain":0,"player_choice":"Leave","damage_taken":0,"max_hp_gain":0,"max_hp_loss":0,"event_name":"The Cleric","floor":7,"gold_loss":0},{"damage_healed":0,"gold_gain":0,"player_choice":"Entered Light","damage_taken":23,"max_hp_gain":0,"max_hp_loss":0,"event_name":"Shining Light","floor":8,"gold_loss":0,"cards_upgraded":["Defend_R","Rupture"]},{"damage_healed":0,"gold_gain":0,"player_choice":"Bought 0 Potions","damage_taken":0,"max_hp_gain":0,"max_hp_loss":0,"event_name":"The Woman in Blue","floor":14,"gold_loss":0}],"is_beta":false,"boss_relics":[],"items_purged_floors":[5],"is_endless":false,"potions_floor_spawned":[2,3,13],"killed_by":"The Guardian","ascension_level":20}