{"gold_per_floor":[113,113,129,139,139,139,139,474,474,474],"floor_reached":10,"playtime":578,"items_purged":[],"score":96,"play_id":"fe9ea2a9-7c83-4005-8d10-a959e3295c9a","local_time":"20190724134950","is_ascension_mode":true,"campfire_choices":[{"data":"Searing Blow","floor":6.0,"key":"SMITH"}],"neow_cost":"NONE","seed_source_timestamp":1164693027465700,"circlet_count":0,"master_deck":["Strike_R","Strike_R","Strike_R","Strike_R","Defend_R","Defend_R","Defend_R","Defend_R","Bash","Spot Weakness","Corruption","Searing Blow+1"],"special_seed":0,"relics":["Burning Blood","The Courier","Golden Idol","Old Coin","Self Forming Clay"],"potions_floor_usage":[],"damage_taken":[{"damage":11.0,"enemies":"Jaw Worm","floor":1.0,"turns":5.0},{"damage":1.0,"enemies":"Cultist","floor":3.0,"turns":4.0},{"damage":0.0,"enemies":"2 Louse","floor":4.0,"turns":3.0},{"damage":50,"enemies":"3 Sentries","floor":8,"turns":9},{"damage":7,"enemies":"2 Fungi Beasts","floor":10,"turns":2}],"seed_played":"4417028446229391592","potions_obtained":[{"floor":3.0,"key":"FearPotion"}],"is_trial":false,"path_per_floor":["M","?","M","M","?","R","?","E","T","M"],"character_chosen":"IRONCLAD","items_purchased":[],"campfire_rested":0,"item_purchase_floors":[],"current_hp_per_floor":[67,67,72,78,71,71,51,7,7,0],"gold":474,"neow_bonus":"THREE_CARDS","is_prod":false,"is_daily":false,"chose_seed":false,"campfire_upgraded":1,"win_rate":0,"timestamp":1564001390,"path_taken":["M","?","M","?","?","R","?","E","T","M"],"build_version":"2019-07-18","purchased_purges":0,"victory":false,"max_hp_per_floor":[80,80,80,80,80,80,80,80,80,80],"card_choices":[{"not_picked":["Headbutt","Body Slam"],"picked":"Shrug It Off","floor":0.0},{"not_picked":["Heavy Blade","Armaments"],"picked":"Spot Weakness","floor":1.0},{"not_picked":["Shrug It Off","Body Slam"],"picked":"Corruption","floor":3.0},{"not_picked":["Blood for Blood","Perfected Strike"],"picked":"Searing Blow","floor":4.0},{"not_picked":["Warcry","Wild Strike","Entrench"],"picked":"SKIP","floor":8}],"player_experience":173609,"relics_obtained":[{"floor":8,"key":"Old Coin"},{"floor":9,"key":"Self Forming Clay"}],"event_choices":[{"cards_removed":["Shrug It Off"],"damage_healed":0.0,"max_hp_gain":0.0,"max_hp_loss":0.0,"gold_gain":0.0,"event_name":"WeMeetAgain","player_choice":"Gave Card","floor":2.0,"gold_loss":0.0,"damage_taken":0.0,"relics_obtained":["The Courier"]},{"cards_removed":["Strike_R"],"damage_healed":0.0,"max_hp_gain":0.0,"max_hp_loss":0.0,"gold_gain":0.0,"event_name":"Golden Wing","player_choice":"Card Removal","floor":5.0,"gold_loss":0.0,"damage_taken":7.0},{"damage_healed":0.0,"max_hp_gain":0.0,"max_hp_loss":0.0,"gold_gain":0.0,"event_name":"Golden Idol","player_choice":"Take Damage","floor":7.0,"gold_loss":0.0,"damage_taken":20.0,"relics_obtained":["Golden Idol"]}],"is_beta":true,"boss_relics":[],"items_purged_floors":[],"is_endless":false,"potions_floor_spawned":[3],"killed_by":"2 Fungi Beasts","ascension_level":9}