{"gold_per_floor":[114,129,140,140,61,90,90,102,125,125,137,162,127,155,155,155],"floor_reached":16,"playtime":946,"items_purged":[],"score":170,"play_id":"b400889d-1d35-414e-9f7e-a6a0ec8abff2","local_time":"20190630005623","is_ascension_mode":false,"campfire_choices":[{"data":"Chaos","floor":7,"key":"SMITH"},{"data":"Double Energy","floor":10,"key":"SMITH"},{"data":"Fission","floor":15,"key":"SMITH"}],"neow_cost":"NONE","seed_source_timestamp":1408927343765529,"circlet_count":0,"master_deck":["Strike_B","Strike_B","Strike_B","Strike_B","Defend_B","Defend_B","Defend_B","Zap","Dualcast","Sweeping Beam","Redo","Double Energy+1","Tempest","Chaos+1","Redo","BootSequence","Glacier","Storm","Fission+1"],"relics":["Cracked Core","PreservedInsect","Omamori","Oddly Smooth Stone","Letter Opener"],"potions_floor_usage":[6,12,12],"damage_taken":[{"damage":0,"enemies":"Small Slimes","floor":1,"turns":2},{"damage":3,"enemies":"2 Louse","floor":2,"turns":3},{"damage":0,"enemies":"Cultist","floor":3,"turns":3},{"damage":45,"enemies":"3 Sentries","floor":6,"turns":7},{"damage":10,"enemies":"Looter","floor":8,"turns":2},{"damage":7,"enemies":"Exordium Thugs","floor":11,"turns":4},{"damage":0,"enemies":"Gremlin Nob","floor":12,"turns":3},{"damage":0,"enemies":"3 Sentries","floor":14,"turns":5},{"damage":35,"enemies":"Slime Boss","floor":16,"turns":3}],"seed_played":"-5857203731137480439","potions_obtained":[{"floor":3,"key":"SkillPotion"},{"floor":6,"key":"Block Potion"},{"floor":11,"key":"Fire Potion"}],"is_trial":false,"path_per_floor":["M","M","M","?","$","E","R","M","T","R","M","E","$","E","R","B"],"character_chosen":"DEFECT","items_purchased":["Tempest","Storm"],"campfire_rested":0,"item_purchase_floors":[5,13],"current_hp_per_floor":[82,79,79,72,72,27,27,17,17,17,10,10,10,10,10,0],"gold":155,"neow_bonus":"TEN_PERCENT_HP_BONUS","is_prod":false,"is_daily":false,"chose_seed":false,"campfire_upgraded":3,"win_rate":0.0,"timestamp":1561870583,"path_taken":["M","M","M","?","$","E","R","M","T","R","M","E","$","E","R","BOSS"],"build_version":"2019-01-23","purchased_purges":0,"victory":false,"max_hp_per_floor":[82,82,82,82,82,82,82,82,82,82,82,82,82,82,82,82],"card_choices":[{"not_picked":["Go for the Eyes","Gash"],"picked":"Sweeping Beam","floor":1},{"not_picked":["Conserve Battery","Scrape"],"picked":"Redo","floor":2},{"not_picked":["Barrage","Gash"],"picked":"Double Energy","floor":3},{"not_picked":["Coolheaded","Stack"],"picked":"Chaos","floor":6},{"not_picked":["Coolheaded","Compile Driver"],"picked":"Redo","floor":8},{"not_picked":["Leap","Hologram"],"picked":"BootSequence","floor":11},{"not_picked":["Stack","Conserve Battery"],"picked":"Glacier","floor":12},{"not_picked":["Reprogram","Barrage"],"picked":"Fission","floor":14}],"player_experience":31040,"relics_obtained":[{"floor":6,"key":"PreservedInsect"},{"floor":9,"key":"Omamori"},{"floor":12,"key":"Oddly Smooth Stone"},{"floor":14,"key":"Letter Opener"}],"event_choices":[{"cards_removed":["Defend_B"],"damage_healed":0,"gold_gain":0,"player_choice":"Card Removal","damage_taken":7,"max_hp_gain":0,"max_hp_loss":0,"event_name":"Golden Wing","floor":4,"gold_loss":0}],"is_beta":false,"boss_relics":[],"items_purged_floors":[],"is_endless":false,"potions_floor_spawned":[3,6,11],"killed_by":"Slime Boss","ascension_level":0}