{"gold_per_floor":[116,41,58,58,58,58,72,102,152,152,170,182,182,194,194,194],"floor_reached":16,"playtime":465,"items_purged":[],"score":204,"play_id":"58468433-b1fd-4fc6-99c7-a3401ed09953","local_time":"20190303123816","is_ascension_mode":true,"campfire_choices":[{"data":"Bash","floor":6,"key":"SMITH"},{"data":"Rampage","floor":10,"key":"SMITH"},{"data":"Burning Pact","floor":13,"key":"SMITH"},{"data":"Flame Barrier","floor":15,"key":"SMITH"}],"neow_cost":"NONE","seed_source_timestamp":182946963279070,"circlet_count":0,"master_deck":["AscendersBane","Strike_R","Strike_R","Strike_R","Strike_R","Defend_R+1","Defend_R","Defend_R+1","Defend_R","Bash+1","Cleave","Shrug It Off","Rampage+1","Burning Pact+1","Flame Barrier+1"],"relics":["Burning Blood","Bronze Scales","Blood Vial","War Paint"],"potions_floor_usage":[8,8,8,16,16],"damage_taken":[{"damage":9,"enemies":"2 Louse","floor":1,"turns":3},{"damage":1,"enemies":"Small Slimes","floor":3,"turns":3},{"damage":1,"enemies":"Cultist","floor":7,"turns":4},{"damage":19,"enemies":"Gremlin Nob","floor":8,"turns":4},{"damage":6,"enemies":"Looter","floor":11,"turns":3},{"damage":22,"enemies":"Large Slime","floor":12,"turns":5},{"damage":12,"enemies":"3 Louse","floor":14,"turns":3},{"damage":57,"enemies":"Slime Boss","floor":16,"turns":8}],"seed_played":"6612772854253083980","potions_obtained":[{"floor":3,"key":"Block Potion"},{"floor":4,"key":"EntropicBrew"},{"floor":8,"key":"BloodPotion"},{"floor":11,"key":"AttackPotion"}],"is_trial":false,"path_per_floor":["M","?","M","?","$","R","M","E","T","R","M","M","R","M","R","B"],"character_chosen":"IRONCLAD","items_purchased":[],"campfire_rested":0,"item_purchase_floors":[],"current_hp_per_floor":[65,65,70,70,70,70,75,62,62,62,64,50,50,46,46,0],"gold":194,"neow_bonus":"RANDOM_COMMON_RELIC","is_prod":false,"is_daily":false,"chose_seed":false,"campfire_upgraded":4,"win_rate":0,"timestamp":1551613096,"path_taken":["M","?","M","?","$","R","M","E","T","R","?","M","R","M","R","BOSS"],"build_version":"2019-01-23","purchased_purges":0,"victory":false,"max_hp_per_floor":[75,75,75,75,75,75,75,75,75,75,75,75,75,75,75,75],"card_choices":[{"not_picked":["Corruption","Shrug It Off"],"picked":"Cleave","floor":1},{"not_picked":["Hemokinesis","Reckless Charge"],"picked":"Shrug It Off","floor":3},{"not_picked":["Havoc","Reckless Charge"],"picked":"Rampage","floor":7},{"not_picked":["Power Through","Iron Wave"],"picked":"Burning Pact","floor":8},{"not_picked":["Thunderclap","Whirlwind","Second Wind"],"picked":"SKIP","floor":11},{"not_picked":["Sword Boomerang","Cleave","Anger"],"picked":"SKIP","floor":12},{"not_picked":["Anger","Havoc"],"picked":"Flame Barrier","floor":14}],"player_experience":929770,"relics_obtained":[{"floor":8,"key":"Blood Vial"},{"floor":9,"key":"War Paint"}],"event_choices":[{"cards_removed":["Strike_R"],"damage_healed":0,"gold_gain":0,"player_choice":"Card Removal","damage_taken":0,"max_hp_gain":0,"max_hp_loss":0,"event_name":"The Cleric","floor":2,"gold_loss":75},{"damage_healed":0,"gold_gain":0,"player_choice":"Got Potions","damage_taken":0,"max_hp_gain":0,"max_hp_loss":0,"event_name":"Lab","floor":4,"gold_loss":0}],"is_beta":false,"boss_relics":[],"items_purged_floors":[],"is_endless":false,"potions_floor_spawned":[3,8,11],"killed_by":"Slime Boss","ascension_level":20}