{"gold_per_floor":[116,191,191,201,201,201,228,228,279,279,279,55,55,68,68,140,140,158,158,171,171,14,14,14,14,64,64,80,80,135,152,152,152],"floor_reached":33,"playtime":914,"items_purged":["Defend_B"],"score":453,"play_id":"fb720aef-530b-44ce-9bd0-f15b522fe982","local_time":"20190113000616","is_ascension_mode":true,"campfire_choices":[{"data":"Redo","floor":6.0,"key":"SMITH"},{"data":"Dualcast","floor":8.0,"key":"SMITH"},{"floor":10.0,"key":"REST"},{"data":"Conserve Battery","floor":15.0,"key":"SMITH"},{"floor":23.0,"key":"REST"},{"data":"Beam Cell","floor":25,"key":"SMITH"},{"floor":27,"key":"REST"},{"data":"Capacitor","floor":29,"key":"SMITH"},{"data":"Steam","floor":32,"key":"SMITH"}],"neow_cost":"NONE","seed_source_timestamp":483691455392084,"circlet_count":0,"master_deck":["AscendersBane","Strike_B","Defend_B","Defend_B","Zap+1","Dualcast+1","Redo+1","Conserve Battery+1","Core Surge","Compile Driver+1","Barrage+1","Seek+1","Beam Cell+1","Capacitor+1","Steam+1","Chill"],"special_seed":0,"relics":["Cracked Core","Shuriken","Letter Opener","Art of War","Happy Flower","Astrolabe","Anchor","Regal Pillow","Tiny Chest"],"potions_floor_usage":[],"damage_taken":[{"damage":0.0,"enemies":"Small Slimes","floor":1.0,"turns":3.0},{"damage":3.0,"enemies":"Jaw Worm","floor":4.0,"turns":4.0},{"damage":20.0,"enemies":"3 Sentries","floor":7.0,"turns":8.0},{"damage":0.0,"enemies":"Cultist","floor":14.0,"turns":3.0},{"damage":37.0,"enemies":"The Guardian","floor":16.0,"turns":12.0},{"damage":11.0,"enemies":"Shell Parasite","floor":18.0,"turns":4.0},{"damage":25.0,"enemies":"Colosseum Slavers","floor":19.0,"turns":3.0},{"damage":7.0,"enemies":"3 Byrds","floor":20.0,"turns":3.0},{"damage":4,"enemies":"Centurion and Healer","floor":28,"turns":4},{"damage":18,"enemies":"Slavers","floor":30,"turns":5},{"damage":14,"enemies":"Cultist and Chosen","floor":31,"turns":5},{"damage":38,"enemies":"Automaton","floor":33,"turns":6}],"seed_played":"4218570564609179011","potions_obtained":[{"floor":4.0,"key":"Energy Potion"},{"floor":7.0,"key":"EssenceOfSteel"},{"floor":20.0,"key":"FocusPotion"}],"is_trial":false,"path_per_floor":["M","?","?","M","T","R","E","R","T","R","?","$","?","M","R","B",null,"M","?","M","?","$","R","?","R","T","R","M","R","E","M","R","B"],"character_chosen":"DEFECT","items_purchased":["Happy Flower","Anchor"],"campfire_rested":3,"item_purchase_floors":[12,22],"current_hp_per_floor":[64,53,46,43,43,43,23,23,23,44,44,44,44,44,44,7,55,44,19,12,12,12,33,33,33,33,69,65,65,47,33,33,0],"gold":152,"neow_bonus":"UPGRADE_CARD","is_prod":false,"is_daily":false,"chose_seed":false,"campfire_upgraded":6,"win_rate":0,"timestamp":1547334376,"path_taken":["M","?","?","?","?","R","E","R","T","R","?","$","?","M","R","BOSS","M","?","M","?","$","R","?","R","T","R","M","R","E","?","R","BOSS"],"build_version":"2019-01-10","purchased_purges":1,"victory":false,"max_hp_per_floor":[71,71,71,71,71,71,71,71,71,71,71,71,71,71,71,71,71,71,71,71,71,71,71,71,71,71,71,71,71,71,71,71,71],"card_choices":[{"not_picked":["Turbo","Skim","Hello World"],"picked":"SKIP","floor":1.0},{"not_picked":["Steam","Undo"],"picked":"Redo","floor":4.0},{"not_picked":["Ball Lightning","Chaos"],"picked":"Conserve Battery","floor":7.0},{"not_picked":["Beam Cell","Gash","Rebound"],"picked":"SKIP","floor":14.0},{"not_picked":["Multi-Cast","Buffer"],"picked":"Core Surge","floor":16.0},{"not_picked":["Barrage","Steam Power"],"picked":"Beam Cell","floor":18.0},{"not_picked":["Go for the Eyes","Compile Driver"],"picked":"Capacitor","floor":20.0},{"not_picked":["Blizzard","Gash"],"picked":"Steam","floor":28},{"not_picked":["Capacitor+1","Beam Cell","Gash"],"picked":"SKIP","floor":30},{"not_picked":["Capacitor+1","Beam Cell","Gash"],"picked":"SKIP","floor":30},{"not_picked":["Reinforced Body","Reboot"],"picked":"Chill","floor":31}],"player_experience":714459,"relics_obtained":[{"floor":5.0,"key":"Shuriken"},{"floor":7.0,"key":"Letter Opener"},{"floor":9.0,"key":"Art of War"},{"floor":26,"key":"Regal Pillow"},{"floor":30,"key":"Tiny Chest"}],"event_choices":[{"damage_healed":0.0,"max_hp_gain":0.0,"max_hp_loss":0.0,"gold_gain":75.0,"event_name":"World of Goop","player_choice":"Gather Gold","floor":2.0,"gold_loss":0.0,"damage_taken":11.0},{"cards_removed":["Strike_B"],"damage_healed":0.0,"max_hp_gain":0.0,"max_hp_loss":0.0,"gold_gain":0.0,"event_name":"Golden Wing","player_choice":"Card Removal","floor":3.0,"gold_loss":0.0,"damage_taken":7.0},{"damage_healed":0.0,"max_hp_gain":0.0,"max_hp_loss":0.0,"gold_gain":0.0,"event_name":"Golden Idol","player_choice":"Ignored","floor":11.0,"gold_loss":0.0,"damage_taken":0.0},{"damage_healed":0.0,"max_hp_gain":0.0,"max_hp_loss":0.0,"gold_gain":0.0,"event_name":"Dead Adventurer","player_choice":"Searched \u00270\u0027 times","floor":13.0,"gold_loss":0.0,"damage_taken":0.0},{"damage_healed":0.0,"max_hp_gain":0.0,"max_hp_loss":0.0,"gold_gain":0.0,"event_name":"Colosseum","player_choice":"Fight","floor":19.0,"gold_loss":0.0,"damage_taken":0.0},{"damage_healed":0.0,"max_hp_gain":0.0,"max_hp_loss":0.0,"gold_gain":0.0,"event_name":"Colosseum","player_choice":"Fled From Nobs","floor":19.0,"gold_loss":0.0,"damage_taken":0.0},{"damage_healed":0.0,"max_hp_gain":0.0,"max_hp_loss":0.0,"gold_gain":0.0,"event_name":"Vampires","player_choice":"Ignored","floor":21.0,"gold_loss":0.0,"damage_taken":0.0},{"damage_healed":0,"gold_gain":0,"player_choice":"Ignored","damage_taken":0,"max_hp_gain":0,"max_hp_loss":0,"event_name":"Cursed Tome","floor":24,"gold_loss":0}],"is_beta":false,"boss_relics":[{"not_picked":["Orrery","Inserter"],"picked":"Astrolabe"}],"items_purged_floors":[12],"is_endless":false,"potions_floor_spawned":[4,7,16,20,31],"killed_by":"Automaton","ascension_level":15}