{"gold_per_floor":[112,112,112,123,138,138,164,176,230,230,10,30,30,62,62,162,162,177,77,177,52,52,52,52,69,96,11,21,21,41,61,61,162,162,178,178,178,178,198,232,244,290,325,354,178,178,188,207,207,207,207,207,40,40],"floor_reached":54,"playtime":3152,"items_purged":["Strike_G","Strike_G","Defend_G","Shame"],"score":739,"play_id":"f162cf4d-55f7-413a-aed9-571ecc5d5896","local_time":"20190110102839","is_ascension_mode":true,"campfire_choices":[{"data":"Cloak And Dagger","floor":6.0,"key":"SMITH"},{"data":"Neutralize","floor":10.0,"key":"SMITH"},{"data":"Envenom","floor":15.0,"key":"SMITH"},{"data":"Defend_G","floor":23.0,"key":"PURGE"},{"data":"Defend_G","floor":29.0,"key":"PURGE"},{"data":"Footwork","floor":32.0,"key":"SMITH"},{"floor":41.0,"key":"RECALL"},{"data":"Well Laid Plans","floor":46.0,"key":"SMITH"},{"data":"Strike_G","floor":49.0,"key":"PURGE"},{"data":"Strike_G","floor":52.0,"key":"PURGE"}],"neow_cost":"NONE","seed_source_timestamp":283871784468361,"circlet_count":0,"master_deck":["Defend_G","Defend_G","Survivor","Neutralize+1","Deflect","Cloak And Dagger+1","Dash","Flying Knee","PiercingWail","Blur","Backflip","Slice","Slice","Envenom+1","After Image","Footwork+1","Backflip","Deflect","Adrenaline","Prepared+1","Deflect+1","Well Laid Plans+1","Infinite Blades+1","Footwork"],"special_seed":0,"relics":["Orrery","FaceOfCleric","Pantograph","Omamori","Vajra","Centennial Puzzle","Cursed Key","Peace Pipe","Mercury Hourglass","Oddly Smooth Stone","Molten Egg 2","Eternal Feather","MawBank","Sundial","Bag of Preparation"],"potions_floor_usage":[54,54],"damage_taken":[{"damage":1.0,"enemies":"Small Slimes","floor":1.0,"turns":3.0},{"damage":0.0,"enemies":"Cultist","floor":4.0,"turns":3.0},{"damage":0.0,"enemies":"Jaw Worm","floor":5.0,"turns":4.0},{"damage":33.0,"enemies":"Gremlin Nob","floor":7.0,"turns":6.0},{"damage":0.0,"enemies":"2 Fungi Beasts","floor":8.0,"turns":5.0},{"damage":0.0,"enemies":"Blue Slaver","floor":12.0,"turns":4.0},{"damage":37.0,"enemies":"Lagavulin","floor":14.0,"turns":11.0},{"damage":21.0,"enemies":"The Guardian","floor":16.0,"turns":15.0},{"damage":0.0,"enemies":"Shell Parasite","floor":18.0,"turns":7.0},{"damage":5.0,"enemies":"Colosseum Slavers","floor":20.0,"turns":7.0},{"damage":41.0,"enemies":"Colosseum Nobs","floor":20.0,"turns":7.0},{"damage":0.0,"enemies":"Spheric Guardian","floor":25.0,"turns":4.0},{"damage":2.0,"enemies":"Cultist and Chosen","floor":28.0,"turns":6.0},{"damage":2.0,"enemies":"Chosen and Byrds","floor":30.0,"turns":6.0},{"damage":6.0,"enemies":"Snake Plant","floor":31.0,"turns":5.0},{"damage":26.0,"enemies":"Automaton","floor":33.0,"turns":14.0},{"damage":2.0,"enemies":"3 Shapes","floor":35.0,"turns":4.0},{"damage":0.0,"enemies":"Orb Walker","floor":39.0,"turns":5.0},{"damage":15.0,"enemies":"Reptomancer","floor":40.0,"turns":12.0},{"damage":29.0,"enemies":"Nemesis","floor":42.0,"turns":11.0},{"damage":5.0,"enemies":"4 Shapes","floor":44.0,"turns":8.0},{"damage":0.0,"enemies":"Maw","floor":47.0,"turns":9.0},{"damage":0.0,"enemies":"Jaw Worm Horde","floor":48.0,"turns":7.0},{"damage":25.0,"enemies":"Awakened One","floor":50.0,"turns":25.0},{"damage":21,"enemies":"Shield and Spear","floor":54,"turns":11}],"seed_played":"-7539072831105116701","potions_obtained":[{"floor":4.0,"key":"Fruit Juice"},{"floor":7.0,"key":"Regen Potion"},{"floor":14.0,"key":"SpeedPotion"},{"floor":18.0,"key":"Dexterity Potion"},{"floor":20.0,"key":"Strength Potion"},{"floor":39.0,"key":"SkillPotion"},{"floor":47.0,"key":"LiquidBronze"},{"floor":48.0,"key":"SteroidPotion"}],"is_trial":false,"path_per_floor":["M","?","?","M","M","R","E","M","T","R","$","M","$","E","R","B",null,"M","$","?","$","?","R","?","M","T","?","M","R","M","M","R","B",null,"M","?","?","T","M","E","R","E","T","M","$","R","M","M","R","B",null,"R","$","E"],"character_chosen":"THE_SILENT","items_purchased":["Vajra","Well Laid Plans","Footwork","PowerPotion","Weak Potion"],"campfire_rested":0,"item_purchase_floors":[11,45,53,53,53],"current_hp_per_floor":[69,69,69,75,76,76,44,45,45,45,45,46,46,10,10,30,82,83,83,39,39,39,39,39,40,40,40,39,39,38,33,33,33,90,89,89,89,89,90,76,88,60,60,56,56,68,69,70,85,73,98,98,98,77],"gold":40,"neow_bonus":"BOSS_RELIC","is_prod":false,"is_daily":false,"chose_seed":false,"campfire_upgraded":5,"win_rate":0,"timestamp":1547112519,"path_taken":["M","?","?","?","M","R","E","M","T","R","$","M","?","E","R","BOSS","M","$","?","$","?","R","?","M","T","?","?","R","M","M","R","BOSS","M","?","?","?","M","E","R","E","T","M","$","R","M","M","R","BOSS","R","$","E"],"build_version":"2019-01-03v4","purchased_purges":4,"victory":false,"max_hp_per_floor":[70,70,70,76,77,77,78,79,79,79,79,80,80,81,81,82,82,83,83,85,85,85,85,85,86,86,86,87,87,88,89,89,90,90,91,91,91,91,92,93,93,94,94,95,95,95,96,97,97,98,98,98,98,98],"card_choices":[{"not_picked":["Concentrate","Reflex"],"picked":"Deflect","floor":0.0},{"not_picked":["Deadly Poison","Leg Sweep"],"picked":"Cloak And Dagger","floor":0.0},{"not_picked":["Predator","Bane"],"picked":"Dash","floor":0.0},{"not_picked":["Accuracy","Deadly Poison"],"picked":"Flying Knee","floor":0.0},{"not_picked":["Dagger Throw","Finisher","Catalyst"],"picked":"SKIP","floor":1.0},{"not_picked":["Acrobatics","Calculated Gamble"],"picked":"PiercingWail","floor":4.0},{"not_picked":["Phantasmal Killer","Flying Knee"],"picked":"Blur","floor":5.0},{"not_picked":["Underhanded Strike","PiercingWail"],"picked":"Backflip","floor":7.0},{"not_picked":["Blade Dance","Backflip"],"picked":"Slice","floor":8.0},{"not_picked":["Sucker Punch","Poisoned Stab"],"picked":"Slice","floor":12.0},{"not_picked":["Quick Slash","Deflect"],"picked":"Envenom","floor":14.0},{"not_picked":["A Thousand Cuts","Doppelganger"],"picked":"After Image","floor":16.0},{"not_picked":["Underhanded Strike","PiercingWail","Dodge and Roll"],"picked":"SKIP","floor":18.0},{"not_picked":["Dash+1","Blade Dance"],"picked":"Footwork","floor":25.0},{"not_picked":["Accuracy","Footwork"],"picked":"Backflip","floor":28.0},{"not_picked":["Bane+1","Setup"],"picked":"Deflect","floor":30.0},{"not_picked":["Expertise","Finisher+1","Caltrops"],"picked":"SKIP","floor":31.0},{"not_picked":["Glass Knife+1","Malaise"],"picked":"Adrenaline","floor":33.0},{"not_picked":["Quick Slash+1","Sucker Punch+1"],"picked":"Prepared+1","floor":35.0},{"not_picked":["Underhanded Strike+1","Deadly Poison","Outmaneuver"],"picked":"SKIP","floor":39.0},{"not_picked":["Bouncing Flask","Dagger Spray+1","Deflect"],"picked":"SKIP","floor":40.0},{"not_picked":["Glass Knife+1","Crippling Poison"],"picked":"Deflect+1","floor":42.0},{"not_picked":["Deadly Poison","Flechettes+1","Backflip"],"picked":"SKIP","floor":44.0},{"not_picked":["Concentrate+1","Flechettes+1"],"picked":"Infinite Blades+1","floor":47.0},{"not_picked":["Dagger Throw+1","Flying Knee+1","Crippling Poison+1"],"picked":"SKIP","floor":48.0}],"player_experience":668135,"relics_obtained":[{"floor":7.0,"key":"Pantograph"},{"floor":9.0,"key":"Omamori"},{"floor":14.0,"key":"Centennial Puzzle"},{"floor":20.0,"key":"Peace Pipe"},{"floor":20.0,"key":"Mercury Hourglass"},{"floor":26.0,"key":"Oddly Smooth Stone"},{"floor":40.0,"key":"MawBank"},{"floor":42.0,"key":"Sundial"},{"floor":43.0,"key":"Bag of Preparation"}],"event_choices":[{"damage_healed":0.0,"max_hp_gain":0.0,"max_hp_loss":0.0,"gold_gain":0.0,"event_name":"Shining Light","player_choice":"Ignored","floor":2.0,"gold_loss":0.0,"damage_taken":0.0},{"damage_healed":0.0,"max_hp_gain":0.0,"max_hp_loss":0.0,"gold_gain":0.0,"event_name":"FaceTrader","player_choice":"Trade","floor":3.0,"gold_loss":0.0,"damage_taken":0.0,"relics_obtained":["FaceOfCleric"]},{"damage_healed":0.0,"max_hp_gain":0.0,"max_hp_loss":0.0,"gold_gain":0.0,"event_name":"Colosseum","player_choice":"Fight","floor":20.0,"gold_loss":0.0,"damage_taken":0.0},{"damage_healed":0.0,"max_hp_gain":0.0,"max_hp_loss":0.0,"gold_gain":0.0,"event_name":"Colosseum","player_choice":"Fought Nobs","floor":20.0,"gold_loss":0.0,"damage_taken":0.0},{"damage_healed":0.0,"max_hp_gain":0.0,"max_hp_loss":0.0,"gold_gain":0.0,"event_name":"Ghosts","player_choice":"Ignored","floor":22.0,"gold_loss":0.0,"damage_taken":0.0},{"damage_healed":0.0,"max_hp_gain":0.0,"max_hp_loss":0.0,"gold_gain":0.0,"event_name":"Vampires","player_choice":"Ignored","floor":24.0,"gold_loss":0.0,"damage_taken":0.0},{"damage_healed":0.0,"max_hp_gain":0.0,"max_hp_loss":0.0,"gold_gain":0.0,"event_name":"Addict","player_choice":"Obtained Relic","floor":27.0,"gold_loss":85.0,"damage_taken":0.0,"relics_obtained":["Molten Egg 2"]},{"damage_healed":0.0,"max_hp_gain":0.0,"max_hp_loss":0.0,"gold_gain":0.0,"event_name":"Tomb of Lord Red Mask","player_choice":"Ignored","floor":36.0,"gold_loss":0.0,"damage_taken":0.0},{"cards_removed":["Strike_G"],"damage_healed":0.0,"max_hp_gain":0.0,"max_hp_loss":0.0,"gold_gain":0.0,"event_name":"Falling","player_choice":"Removed Attack","floor":37.0,"gold_loss":0.0,"damage_taken":0.0}],"is_beta":false,"boss_relics":[{"not_picked":["Philosopher\u0027s Stone","White Beast Statue"],"picked":"Cursed Key"},{"not_picked":["Astrolabe","Tiny House"],"picked":"Eternal Feather"}],"items_purged_floors":[11,19,21,45],"is_endless":false,"potions_floor_spawned":[4,7,14,18,20,39,47,48],"killed_by":"Shield and Spear","ascension_level":1}