{"gold_per_floor":[110,110,110,110,131,131,174,187,187,230,76,76,76,26,26,125,125,141,141,165,165,185,185,220,270,270,293,314,314,335,349,349,349],"floor_reached":33,"playtime":1360,"items_purged":["Strike_R","Defend_R"],"score":550,"play_id":"a939ac3f-4fa6-472c-b07f-0dae508b35c4","local_time":"20180808140146","is_ascension_mode":true,"campfire_choices":[{"data":"Bash","floor":6,"key":"SMITH"},{"data":"Inflame","floor":12,"key":"SMITH"},{"data":"Flex","floor":15,"key":"SMITH"},{"data":"Battle Trance","floor":23,"key":"SMITH"},{"floor":29,"key":"REST"},{"floor":32,"key":"REST"}],"neow_cost":"NONE","seed_source_timestamp":440580862689168,"circlet_count":0,"master_deck":["Strike_R","Strike_R","Strike_R","Defend_R","Defend_R","Defend_R","Bash+1","AscendersBane","Headbutt","Feed","Flex+1","Battle Trance+1","Inflame+1","Reaper","Shrug It Off","RitualDagger","Headbutt","Exhume","Shrug It Off+1","True Grit"],"relics":["Burning Blood","NeowsBlessing","Mango","Golden Idol","Bronze Scales","StoneCalendar","Self Forming Clay","Smiling Mask","Mark of Pain","The Courier","Darkstone Periapt"],"potions_floor_usage":[10,10,28,28,30,30,33],"damage_taken":[{"damage":0,"enemies":"Small Slimes","floor":1,"turns":1},{"damage":0,"enemies":"2 Louse","floor":5,"turns":1},{"damage":0,"enemies":"Gremlin Nob","floor":7,"turns":1},{"damage":4,"enemies":"Jaw Worm","floor":8,"turns":3},{"damage":35,"enemies":"Lagavulin","floor":10,"turns":4},{"damage":28,"enemies":"Slime Boss","floor":16,"turns":7},{"damage":2,"enemies":"Chosen","floor":18,"turns":4},{"damage":7,"enemies":"3 Byrds","floor":20,"turns":3},{"damage":43,"enemies":"Centurion and Healer","floor":22,"turns":6},{"damage":57,"enemies":"Book of Stabbing","floor":24,"turns":5},{"damage":12,"enemies":"Chosen and Byrds","floor":27,"turns":4},{"damage":16,"enemies":"Snake Plant","floor":28,"turns":3},{"damage":39,"enemies":"Cultist and Chosen","floor":30,"turns":5},{"damage":19,"enemies":"Sentry and Sphere","floor":31,"turns":4},{"damage":64,"enemies":"Champ","floor":33,"turns":9}],"seed_played":"-8602671954737302123","potions_obtained":[{"floor":5,"key":"GamblersBrew"},{"floor":7,"key":"Energy Potion"},{"floor":24,"key":"Swift Potion"},{"floor":27,"key":"AttackPotion"},{"floor":28,"key":"EntropicBrew"},{"floor":30,"key":"Weak Potion"}],"is_trial":false,"path_per_floor":["M","?","?","?","M","R","E","M","T","E","$","R","T","$","R","B",null,"M","?","M","?","M","R","E","?","T","M","M","R","M","M","R"],"character_chosen":"IRONCLAD","items_purchased":["Inflame"],"campfire_rested":2,"item_purchase_floors":[11],"current_hp_per_floor":[74,74,70,70,76,76,81,84,84,58,58,58,58,58,58,39,77,93,93,93,87,53,53,10,10,10,23,13,42,26,16,47,0],"gold":349,"neow_bonus":"THREE_ENEMY_KILL","is_prod":false,"is_daily":false,"chose_seed":false,"campfire_upgraded":4,"win_rate":0,"timestamp":1533729706,"path_taken":["M","?","?","?","M","R","E","M","T","E","$","R","?","$","R","BOSS","M","?","M","?","M","R","E","?","T","?","M","R","M","M","R","BOSS"],"build_version":"2018-08-02","purchased_purges":2,"victory":false,"max_hp_per_floor":[75,75,89,81,81,81,81,84,84,87,87,87,87,87,87,90,90,93,93,93,93,96,96,96,96,96,99,99,99,102,105,105,105],"card_choices":[{"not_picked":["Armaments","Sword Boomerang","True Grit"],"picked":"SKIP","floor":1},{"not_picked":["Heavy Blade","Entrench"],"picked":"Headbutt","floor":5},{"not_picked":["Iron Wave","Twin Strike"],"picked":"Feed","floor":7},{"not_picked":["Heavy Blade","Power Through"],"picked":"Flex","floor":8},{"not_picked":["Pommel Strike","Clothesline"],"picked":"Battle Trance","floor":10},{"not_picked":["Brutality","Juggernaut"],"picked":"Reaper","floor":16},{"not_picked":["Wild Strike+1","Hemokinesis","Second Wind"],"picked":"SKIP","floor":18},{"not_picked":["Wild Strike+1","Hemokinesis","Second Wind"],"picked":"SKIP","floor":18},{"not_picked":["Searing Blow","Clothesline+1"],"picked":"Shrug It Off","floor":20},{"not_picked":["Sword Boomerang","Searing Blow"],"picked":"Headbutt","floor":22},{"not_picked":["Anger+1","Whirlwind"],"picked":"Exhume","floor":24},{"not_picked":["Headbutt","Clothesline"],"picked":"Shrug It Off+1","floor":27},{"not_picked":["Sever Soul+1","Hemokinesis","Sentinel"],"picked":"SKIP","floor":28},{"not_picked":["Sword Boomerang","Shrug It Off"],"picked":"True Grit","floor":30},{"not_picked":["Metallicize","Second Wind","Thunderclap"],"picked":"SKIP","floor":31}],"player_experience":595868,"relics_obtained":[{"floor":7,"key":"Bronze Scales"},{"floor":9,"key":"StoneCalendar"},{"floor":10,"key":"Self Forming Clay"},{"floor":13,"key":"Smiling Mask"},{"floor":24,"key":"The Courier"},{"floor":26,"key":"Darkstone Periapt"}],"event_choices":[{"event_name":"Living Wall","player_choice":"Forget","floor":2,"damage_taken":0},{"event_name":"Scrap Ooze","player_choice":"success","floor":3,"damage_taken":18},{"event_name":"Golden Idol","player_choice":"Lose Max HP","floor":4,"damage_taken":0},{"event_name":"Vampires","player_choice":"Ignored","floor":19,"damage_taken":0},{"event_name":"Nest","player_choice":"Joined the Cult","floor":21,"damage_taken":0},{"event_name":"The Joust","player_choice":"Bet on Murderer","floor":25,"damage_taken":0}],"is_beta":false,"boss_relics":[{"not_picked":["Orrery","Calling Bell"],"picked":"Mark of Pain"}],"items_purged_floors":[11,14],"is_endless":false,"potions_floor_spawned":[5,7,8,24,27,28,30],"killed_by":"Champ","ascension_level":15}