{"gold_per_floor":[113,113,16,27,44,44,61,61,61,93,6,6,6,26,26,130,130,143,38,55,66,66,66,80,80,80,80,5,38,38,57,57,57],"floor_reached":33,"playtime":1292,"items_purged":[],"score":265,"play_id":"2c199518-2022-4946-8d1e-abcf54b97bfd","local_time":"20190716135603","is_ascension_mode":false,"campfire_choices":[{"data":"Chaos","floor":6,"key":"SMITH"},{"data":"Rainbow","floor":8,"key":"SMITH"},{"data":"Defragment","floor":13,"key":"SMITH"},{"data":"Defragment","floor":15,"key":"SMITH"},{"data":"Machine Learning","floor":23,"key":"SMITH"},{"data":"Storm","floor":25,"key":"SMITH"},{"data":"Loop","floor":27,"key":"SMITH"},{"data":"Tempest","floor":32,"key":"SMITH"}],"neow_cost":"NONE","seed_source_timestamp":415100274428739,"circlet_count":0,"master_deck":["Defend_B","Defend_B","Defend_B","Defend_B","Zap","Dualcast","Cold Snap","Defragment+1","Ball Lightning","Defragment+1","Chaos+1","Rainbow+1","Loop+1","Sweeping Beam","Sweeping Beam","Machine Learning+1","Loop+1","Melter","Storm+1","Tempest+1","Skim","Rebound","Sunder+1","Self Repair+1"],"relics":["Cracked Core","Bird Faced Urn","Pocketwatch","Sozu","Emotion Chip","Blood Vial"],"potions_floor_usage":[21,31,31],"damage_taken":[{"damage":1,"enemies":"Jaw Worm","floor":1,"turns":3},{"damage":4,"enemies":"2 Louse","floor":4,"turns":3},{"damage":1,"enemies":"Cultist","floor":5,"turns":3},{"damage":1,"enemies":"Large Slime","floor":7,"turns":5},{"damage":10,"enemies":"Gremlin Nob","floor":10,"turns":4},{"damage":17,"enemies":"Gremlin Gang","floor":14,"turns":3},{"damage":18,"enemies":"Hexaghost","floor":16,"turns":8},{"damage":27,"enemies":"2 Thieves","floor":18,"turns":3},{"damage":26,"enemies":"3 Byrds","floor":20,"turns":3},{"damage":23,"enemies":"Snake Plant","floor":21,"turns":3},{"damage":7,"enemies":"Cultist and Chosen","floor":24,"turns":4},{"damage":26,"enemies":"Gremlin Leader","floor":29,"turns":4},{"damage":18,"enemies":"3 Cultists","floor":31,"turns":3},{"damage":45,"enemies":"Automaton","floor":33,"turns":8}],"seed_played":"5411189234401070209","potions_obtained":[{"floor":1,"key":"Explosive Potion"},{"floor":5,"key":"Energy Potion"},{"floor":10,"key":"SpeedPotion"},{"floor":16,"key":"Energy Potion"}],"is_trial":false,"path_per_floor":["M","?","$","M","M","R","M","R","T","E","$","?","R","M","R","B",null,"M","$","M","M","?","R","M","R","T","R","?","E","$","M","R","B"],"character_chosen":"DEFECT","items_purchased":["Defragment","Ball Lightning","Loop","Sweeping Beam","Melter","Storm"],"campfire_rested":0,"item_purchase_floors":[3,3,11,11,19,19],"current_hp_per_floor":[81,74,74,70,69,69,68,68,68,62,62,67,67,56,56,44,87,64,64,46,27,27,27,32,32,32,32,32,16,16,22,22,0],"gold":57,"neow_bonus":"TEN_PERCENT_HP_BONUS","is_prod":false,"is_daily":false,"chose_seed":false,"campfire_upgraded":8,"win_rate":0,"timestamp":1563299763,"path_taken":["M","?","$","M","M","R","M","R","T","E","$","?","R","M","R","BOSS","M","$","M","M","?","R","M","R","T","R","?","E","?","?","R","BOSS"],"build_version":"2019-07-05","purchased_purges":0,"victory":false,"max_hp_per_floor":[82,82,82,82,82,82,82,82,82,82,82,87,87,87,87,87,87,87,87,87,87,87,87,87,87,87,87,87,87,87,87,87,87],"card_choices":[{"not_picked":["Coolheaded","Gash"],"picked":"Cold Snap","floor":1},{"not_picked":["Cold Snap","Redo"],"picked":"Defragment","floor":4},{"not_picked":["Ball Lightning","Melter"],"picked":"Chaos","floor":5},{"not_picked":["Self Repair","Redo"],"picked":"Rainbow","floor":7},{"not_picked":["Hologram","Coolheaded","Compile Driver"],"picked":"SKIP","floor":10},{"not_picked":["Recycle","Cold Snap"],"picked":"Sweeping Beam","floor":14},{"not_picked":["Seek","Rainbow"],"picked":"Machine Learning","floor":16},{"not_picked":["FTL+1","Barrage"],"picked":"Loop+1","floor":18},{"not_picked":["Sweeping Beam","Steam","Cold Snap+1"],"picked":"SKIP","floor":20},{"not_picked":["Barrage","Stack"],"picked":"Tempest","floor":21},{"not_picked":["Undo","Streamline"],"picked":"Sunder+1","floor":24},{"not_picked":["Redo+1","Stack+1"],"picked":"Self Repair+1","floor":29},{"not_picked":["Gash","Turbo","Leap"],"picked":"SKIP","floor":31}],"player_experience":151099,"relics_obtained":[{"floor":9,"key":"Bird Faced Urn"},{"floor":10,"key":"Pocketwatch"},{"floor":26,"key":"Emotion Chip"},{"floor":29,"key":"Blood Vial"}],"event_choices":[{"cards_removed":["Strike_B"],"damage_healed":0,"gold_gain":0,"player_choice":"Card Removal","damage_taken":7,"max_hp_gain":0,"max_hp_loss":0,"event_name":"Golden Wing","floor":2,"gold_loss":0},{"damage_healed":0,"gold_gain":0,"player_choice":"Donut","damage_taken":0,"max_hp_gain":5,"max_hp_loss":0,"event_name":"Big Fish","floor":12,"gold_loss":0},{"damage_healed":0,"gold_gain":0,"cards_transformed":["Strike_B","Strike_B"],"player_choice":"Became Test Subject","damage_taken":0,"max_hp_gain":0,"max_hp_loss":0,"event_name":"Drug Dealer","floor":22,"gold_loss":0,"cards_obtained":["Skim","Rebound"]},{"cards_removed":["Strike_B"],"damage_healed":0,"gold_gain":0,"player_choice":"Gave Gold","damage_taken":0,"max_hp_gain":0,"max_hp_loss":0,"event_name":"Beggar","floor":28,"gold_loss":75}],"is_beta":false,"boss_relics":[{"not_picked":["Eternal Feather","Philosopher\u0027s Stone"],"picked":"Sozu"}],"items_purged_floors":[],"is_endless":false,"potions_floor_spawned":[1,5,10,16,20,24,29,31],"killed_by":"Automaton","ascension_level":0}