{"gold_per_floor":[112,112,112,62,62,62,73,90,142,142,17,17,31,206,206,306,306,324,341,81,81,91,91,91,91,91,102,102,102,129,129,129,228,228,241,261,261,261,273,273,20,20,96,137,200,232,262,291,303,315],"floor_reached":51,"playtime":1828,"items_purged":["Defend_R","Dropkick"],"score":771,"play_id":"88b69677-d8ae-44dd-a81c-2514507372da","local_time":"20190701234253","is_ascension_mode":true,"campfire_choices":[{"data":"Dark Embrace","floor":6,"key":"SMITH"},{"data":"Flex","floor":10,"key":"SMITH"},{"data":"Flex","floor":15,"key":"SMITH"},{"data":"Demon Form","floor":23,"key":"SMITH"},{"data":"Sword Boomerang","floor":25,"key":"SMITH"},{"data":"Sword Boomerang","floor":28,"key":"SMITH"},{"data":"Double Tap","floor":32,"key":"SMITH"},{"data":"Whirlwind","floor":40,"key":"SMITH"},{"data":"Secret Weapon","floor":42,"key":"SMITH"},{"data":"Sword Boomerang","floor":49,"key":"SMITH"}],"neow_cost":"NONE","seed_source_timestamp":1576423946681218,"circlet_count":0,"master_deck":["Bash+1","Dark Embrace+1","Sword Boomerang+1","Flex+1","Flex+1","Sword Boomerang+1","Demon Form+1","Intimidate","Whirlwind+1","Shockwave","Reaper","Pummel+1","Double Tap+1","Feed","Burning Pact+1","Secret Weapon+1","Sword Boomerang+1","Pummel+1","Spot Weakness+1","Flex+1","Whirlwind+1"],"relics":["Burning Blood","Whetstone","Boot","Self Forming Clay","Pandora\u0027s Box","Question Card","Matryoshka","Anchor","Enchiridion","Coffee Dripper","Orichalcum","MawBank","Pantograph","Mercury Hourglass","Pocketwatch"],"potions_floor_usage":[16,33,33,50,50,50,50],"damage_taken":[{"damage":12,"enemies":"Jaw Worm","floor":1,"turns":2},{"damage":11,"enemies":"Small Slimes","floor":7,"turns":3},{"damage":3,"enemies":"2 Louse","floor":8,"turns":2},{"damage":13,"enemies":"Blue Slaver","floor":13,"turns":3},{"damage":35,"enemies":"The Guardian","floor":16,"turns":7},{"damage":26,"enemies":"Shell Parasite","floor":18,"turns":5},{"damage":24,"enemies":"3 Byrds","floor":19,"turns":5},{"damage":33,"enemies":"Centurion and Healer","floor":22,"turns":5},{"damage":12,"enemies":"3 Cultists","floor":27,"turns":3},{"damage":31,"enemies":"Slavers","floor":30,"turns":4},{"damage":25,"enemies":"Collector","floor":33,"turns":4},{"damage":0,"enemies":"3 Shapes","floor":35,"turns":1},{"damage":6,"enemies":"Orb Walker","floor":36,"turns":2},{"damage":10,"enemies":"3 Darklings","floor":39,"turns":3},{"damage":3,"enemies":"Giant Head","floor":44,"turns":4},{"damage":14,"enemies":"2 Orb Walkers","floor":45,"turns":2},{"damage":29,"enemies":"Sphere and 2 Shapes","floor":46,"turns":4},{"damage":24,"enemies":"Maw","floor":47,"turns":3},{"damage":31,"enemies":"3 Darklings","floor":48,"turns":4},{"damage":68,"enemies":"Time Eater","floor":50,"turns":6}],"seed_played":"5732553705136899485","potions_obtained":[{"floor":7,"key":"FearPotion"},{"floor":16,"key":"SkillPotion"},{"floor":19,"key":"Explosive Potion"},{"floor":33,"key":"Weak Potion"},{"floor":36,"key":"Regen Potion"},{"floor":44,"key":"Dexterity Potion"},{"floor":45,"key":"EntropicBrew"}],"is_trial":false,"path_per_floor":["M","?","T","?","?","R","M","M","T","R","$","?","M","?","R","B",null,"M","M","$","?","M","R","$","R","T","M","R","?","E","?","R","B",null,"M","M","?","?","M","R","$","R","T","E","?","M","M","M","R","B",null],"character_chosen":"IRONCLAD","items_purchased":["Flex","Question Card","Orichalcum"],"campfire_rested":0,"item_purchase_floors":[11,20,41],"current_hp_per_floor":[74,67,67,67,72,72,67,70,70,70,70,45,38,38,38,9,85,65,62,62,85,85,85,85,85,85,85,85,85,65,49,49,42,85,85,85,85,85,84,84,84,84,84,87,79,68,50,41,41,28],"gold":327,"neow_bonus":"ONE_RANDOM_RARE_CARD","is_prod":false,"is_daily":false,"chose_seed":false,"campfire_upgraded":10,"win_rate":0,"timestamp":1562038973,"path_taken":["M","?","?","?","?","R","M","?","T","R","?","?","M","?","R","BOSS","M","M","$","?","?","R","$","R","T","M","R","?","E","?","R","BOSS","M","M","?","?","?","R","$","R","T","E","?","M","M","M","R","BOSS"],"build_version":"2019-07-01","purchased_purges":2,"victory":true,"max_hp_per_floor":[80,80,80,80,85,85,85,85,85,85,85,85,85,85,85,85,85,85,85,85,85,85,85,85,85,85,85,85,85,85,85,85,85,85,85,85,85,85,88,88,88,88,88,88,88,91,91,91,91,91],"card_choices":[{"not_picked":["Body Slam","Clothesline","Wild Strike"],"picked":"SKIP","floor":1},{"not_picked":["Battle Trance","Wild Strike"],"picked":"Sword Boomerang","floor":7},{"not_picked":["Heavy Blade","Iron Wave"],"picked":"Flex","floor":8},{"not_picked":["Ghostly Armor","Fire Breathing"],"picked":"Sword Boomerang","floor":13},{"not_picked":["Bludgeon","Immolate"],"picked":"Demon Form","floor":16},{"not_picked":["Perfected Strike","Thunderclap+1","Bloodletting"],"picked":"SKIP","floor":18},{"not_picked":["Warcry+1","Flex"],"picked":"Pummel+1","floor":19},{"not_picked":["Dropkick","Clothesline","Searing Blow+1","Carnage"],"picked":"SKIP","floor":22},{"not_picked":["Entrench","Power Through+1","Rage+1","Shrug It Off+1"],"picked":"SKIP","floor":27},{"not_picked":["Evolve+1","Armaments+1","Ghostly Armor"],"picked":"Double Tap","floor":30},{"not_picked":["Berserk","Fiend Fire","Reaper"],"picked":"Feed","floor":33},{"not_picked":["Pommel Strike+1","Body Slam","Dual Wield","Sever Soul"],"picked":"SKIP","floor":35},{"not_picked":["Armaments+1","Clothesline+1","Warcry"],"picked":"Burning Pact","floor":36},{"not_picked":["Madness","Sadistic Nature","Deep Breath"],"picked":"Secret Weapon","floor":37},{"not_picked":["Power Through+1","Cleave","Ghostly Armor","Shockwave+1"],"picked":"SKIP","floor":39},{"not_picked":["Exhume","Cleave","Immolate"],"picked":"Sword Boomerang","floor":44},{"not_picked":["Clash","Hemokinesis+1","Sword Boomerang"],"picked":"Pummel+1","floor":45},{"not_picked":["Heavy Blade+1","Pummel+1","Inflame"],"picked":"Spot Weakness+1","floor":46},{"not_picked":["Clash+1","Pummel+1","Cleave"],"picked":"Flex+1","floor":47},{"not_picked":["Pommel Strike+1","Shrug It Off","Second Wind+1"],"picked":"Whirlwind+1","floor":48}],"player_experience":108317,"relics_obtained":[{"floor":3,"key":"Whetstone"},{"floor":9,"key":"Boot"},{"floor":26,"key":"Matryoshka"},{"floor":30,"key":"Anchor"},{"floor":31,"key":"Enchiridion"},{"floor":43,"key":"MawBank"},{"floor":43,"key":"Pantograph"},{"floor":44,"key":"Mercury Hourglass"},{"floor":45,"key":"Pocketwatch"}],"event_choices":[{"cards_removed":["Defend_R"],"damage_healed":0,"gold_gain":0,"player_choice":"Card Removal","damage_taken":7,"max_hp_gain":0,"max_hp_loss":0,"event_name":"Golden Wing","floor":2,"gold_loss":0},{"cards_removed":["Defend_R"],"damage_healed":0,"gold_gain":0,"player_choice":"Card Removal","damage_taken":0,"max_hp_gain":0,"max_hp_loss":0,"event_name":"The Cleric","floor":4,"gold_loss":50},{"damage_healed":0,"gold_gain":0,"player_choice":"Donut","damage_taken":0,"max_hp_gain":5,"max_hp_loss":0,"event_name":"Big Fish","floor":5,"gold_loss":0},{"damage_healed":0,"gold_gain":0,"player_choice":"Success","damage_taken":25,"relics_obtained":["Self Forming Clay"],"max_hp_gain":0,"max_hp_loss":0,"event_name":"Scrap Ooze","floor":12,"gold_loss":0},{"damage_healed":0,"gold_gain":175,"player_choice":"AGREE","damage_taken":0,"max_hp_gain":0,"max_hp_loss":0,"event_name":"Liars Game","floor":14,"gold_loss":0,"cards_obtained":["Doubt"]},{"cards_removed":["Second Wind"],"damage_healed":23,"gold_gain":0,"player_choice":"Offered Uncommon","damage_taken":0,"max_hp_gain":0,"max_hp_loss":0,"event_name":"Bonfire Elementals","floor":21,"gold_loss":0},{"cards_removed":["Doubt"],"damage_healed":0,"gold_gain":0,"player_choice":"Elegance","damage_taken":0,"max_hp_gain":0,"max_hp_loss":0,"event_name":"Back to Basics","floor":29,"gold_loss":0},{"damage_healed":0,"gold_gain":0,"player_choice":"Obtained Book","damage_taken":16,"max_hp_gain":0,"max_hp_loss":0,"event_name":"Cursed Tome","floor":31,"gold_loss":0},{"damage_healed":0,"gold_gain":0,"player_choice":"Memory 1","damage_taken":0,"max_hp_gain":0,"max_hp_loss":0,"event_name":"SensoryStone","floor":37,"gold_loss":0},{"damage_healed":0,"gold_gain":0,"player_choice":"Upgraded","damage_taken":0,"max_hp_gain":0,"max_hp_loss":0,"event_name":"Upgrade Shrine","floor":38,"gold_loss":0,"cards_upgraded":["Burning Pact"]},{"damage_healed":0,"gold_gain":0,"player_choice":"Fight","damage_taken":0,"max_hp_gain":0,"max_hp_loss":0,"event_name":"Mysterious Sphere","floor":45,"gold_loss":0}],"is_beta":false,"boss_relics":[{"not_picked":["Empty Cage","White Beast Statue"],"picked":"Pandora\u0027s Box"},{"not_picked":["Orrery","Black Blood"],"picked":"Coffee Dripper"}],"items_purged_floors":[11,41],"is_endless":false,"potions_floor_spawned":[7,16,19,33,36,44,45],"ascension_level":2}