{"path_per_floor":["M","M","$","M","?","R","?","R","T","M","E","R","$","E","R","B",null,"M","$","M","M","?","R","M","R","T","?"],"character_chosen":"DEFECT","items_purchased":["Coolheaded","Rebound"],"gold_per_floor":[112,130,55,65,15,15,15,15,15,33,63,63,12,42,42,146,146,157,8,19,38,38,38,56,56,56,56,56],"floor_reached":28,"campfire_rested":0,"playtime":1493,"current_hp_per_floor":[74,72,72,71,71,71,64,64,64,64,56,56,56,34,34,20,75,53,53,53,28,53,53,44,44,44,44,0],"items_purged":["Strike_B","Strike_B"],"gold":56,"score":226,"play_id":"a913c950-c4c9-4063-b6f3-6deed32e9f14","local_time":"20180430214237","is_prod":false,"is_daily":false,"chose_seed":false,"is_ascension_mode":false,"campfire_upgraded":6,"timestamp":1525117357,"path_taken":["M","M","$","M","?","R","?","R","T","M","E","R","?","E","R","BOSS","M","$","M","M","?","R","M","R","T","?","E"],"build_version":"2018-04-27v3","seed_source_timestamp":506430035964707,"purchased_purges":2,"victory":false,"master_deck":["Strike_B","Defend_B","Defend_B","Defend_B","Zap+1","Dualcast+1","Capacitor+1","Darkness","Defragment+1","Glacier","Hologram+1","Coolheaded","Prime+1","Skim","Rebound","Impulse+1"],"max_hp_per_floor":[75,75,75,75,75,75,75,75,75,75,75,75,75,75,75,75,75,75,75,75,75,75,75,75,75,75,75,75],"relics":["Cracked Core","Gremlin Horn","Kunai","Regal Pillow","Inserter","The Courier"],"card_choices":[{"not_picked":["Darkness","Go for the Eyes"],"picked":"Capacitor","floor":1.0},{"not_picked":["Buffer","Rebound"],"picked":"Darkness","floor":2.0},{"not_picked":["Impulse","Barrage"],"picked":"Defragment","floor":4.0},{"not_picked":["Skim","Undo"],"picked":"Glacier","floor":10.0},{"not_picked":["Skim","Go for the Eyes"],"picked":"Hologram","floor":11.0},{"not_picked":["All For One","Biased Cognition"],"picked":"Prime","floor":16.0},{"not_picked":["Flux Capacitor","Beam Cell"],"picked":"Skim","floor":18},{"not_picked":["Go for the Eyes","Capacitor"],"picked":"Impulse","floor":20}],"player_experience":552869,"potions_floor_usage":[28,28],"damage_taken":[{"damage":1.0,"enemies":"Jaw Worm","floor":1.0,"turns":4.0},{"damage":2.0,"enemies":"2 Louse","floor":2.0,"turns":4.0},{"damage":1.0,"enemies":"Cultist","floor":4.0,"turns":3.0},{"damage":0.0,"enemies":"Large Slime","floor":10.0,"turns":5.0},{"damage":8.0,"enemies":"3 Sentries","floor":11.0,"turns":8.0},{"damage":22.0,"enemies":"Gremlin Nob","floor":14.0,"turns":4.0},{"damage":14.0,"enemies":"Slime Boss","floor":16.0,"turns":11.0},{"damage":22,"enemies":"3 Byrds","floor":18,"turns":4},{"damage":0,"enemies":"Shell Parasite","floor":20,"turns":9},{"damage":25,"enemies":"Sentry and Sphere","floor":21,"turns":7},{"damage":9,"enemies":"Snecko","floor":24,"turns":7},{"damage":60,"enemies":"Book of Stabbing","floor":28,"turns":8}],"event_choices":[{"event_name":"The Cleric","player_choice":"Card Removal","floor":5.0,"damage_taken":0.0},{"event_name":"Golden Wing","player_choice":"Card Removal","floor":7.0,"damage_taken":0.0},{"event_name":"The Library","player_choice":"Heal","floor":22,"damage_taken":0},{"event_name":"Vampires","player_choice":"Ignored","floor":27,"damage_taken":0}],"boss_relics":[],"potions_floor_spawned":[1,10,11,18,20],"seed_played":"5537691436378369814","killed_by":"Book of Stabbing","ascension_level":0,"is_trial":false}