{"gold_per_floor":[112,53,73,73,92,92,122,122,122,122,142,153,165,180,180,180],"floor_reached":16,"playtime":433,"items_purged":[],"score":174,"play_id":"08645d51-340f-42e9-b4c0-3dd3916cfedd","local_time":"20190118113709","is_ascension_mode":true,"campfire_choices":[{"data":"Zap","floor":6.0,"key":"SMITH"},{"data":"Coolheaded","floor":8.0,"key":"SMITH"},{"data":"Redo","floor":15.0,"key":"SMITH"}],"neow_cost":"PERCENT_DAMAGE","seed_source_timestamp":778096630961115,"circlet_count":0,"master_deck":["AscendersBane","Strike_B","Strike_B","Defend_B","Defend_B","Defend_B","Zap+1","Dualcast","Turbo","Coolheaded+1","Capacitor","Chill","Double Energy","Glacier","Loop","Coolheaded","Redo+1"],"special_seed":0,"relics":["Cracked Core","Gambling Chip"],"potions_floor_usage":[],"damage_taken":[{"damage":0.0,"enemies":"2 Louse","floor":1.0,"turns":2.0},{"damage":5.0,"enemies":"Jaw Worm","floor":3.0,"turns":4.0},{"damage":9.0,"enemies":"Small Slimes","floor":5.0,"turns":4.0},{"damage":0.0,"enemies":"Gremlin Gang","floor":11.0,"turns":6.0},{"damage":3.0,"enemies":"Exordium Wildlife","floor":12.0,"turns":5.0},{"damage":9.0,"enemies":"Red Slaver","floor":13.0,"turns":4.0},{"damage":10.0,"enemies":"Blue Slaver","floor":14.0,"turns":5.0},{"damage":27,"enemies":"Slime Boss","floor":16,"turns":6}],"seed_played":"5358134512953577687","potions_obtained":[{"floor":1.0,"key":"GamblersBrew"},{"floor":5.0,"key":"Regen Potion"}],"is_trial":false,"path_per_floor":["M","$","M","?","M","R","?","R","T","?","M","M","M","M","R","B"],"character_chosen":"DEFECT","items_purchased":["Coolheaded"],"campfire_rested":0,"item_purchase_floors":[2],"current_hp_per_floor":[46,46,41,41,32,32,32,32,32,32,32,29,20,10,10,0],"gold":180,"neow_bonus":"REMOVE_TWO","is_prod":false,"is_daily":false,"chose_seed":false,"campfire_upgraded":3,"win_rate":0,"timestamp":1547807829,"path_taken":["M","$","M","?","M","R","?","R","T","?","M","?","M","M","R","BOSS"],"build_version":"2019-01-17","purchased_purges":0,"victory":false,"max_hp_per_floor":[71,71,71,71,71,71,71,71,71,71,71,71,71,71,71,71],"card_choices":[{"not_picked":["Auto Shields","Stack"],"picked":"Turbo","floor":1.0},{"not_picked":["Beam Cell","Compile Driver"],"picked":"Capacitor","floor":3.0},{"not_picked":["Hologram","Streamline"],"picked":"Chill","floor":5.0},{"not_picked":["Ball Lightning","Steam Power"],"picked":"Glacier","floor":11.0},{"not_picked":["Hologram","Glacier"],"picked":"Loop","floor":12.0},{"not_picked":["Leap","Rebound"],"picked":"Coolheaded","floor":13.0},{"not_picked":["Thunder Strike","Turbo"],"picked":"Redo","floor":14.0}],"player_experience":771481,"relics_obtained":[{"floor":9.0,"key":"Gambling Chip"}],"event_choices":[{"damage_healed":0.0,"max_hp_gain":0.0,"max_hp_loss":0.0,"gold_gain":0.0,"event_name":"Liars Game","player_choice":"Ignored","floor":4.0,"gold_loss":0.0,"damage_taken":0.0},{"damage_healed":0.0,"max_hp_gain":0.0,"max_hp_loss":0.0,"gold_gain":30.0,"event_name":"Dead Adventurer","player_choice":"Searched \u00271\u0027 times","floor":7.0,"gold_loss":0.0,"damage_taken":0.0},{"damage_healed":0.0,"max_hp_gain":0.0,"max_hp_loss":0.0,"gold_gain":0.0,"cards_transformed":["Strike_B"],"event_name":"Transmorgrifier","player_choice":"Transformed","floor":10.0,"gold_loss":0.0,"damage_taken":0.0,"cards_obtained":["Double Energy"]}],"is_beta":false,"boss_relics":[],"items_purged_floors":[],"is_endless":false,"potions_floor_spawned":[1,5,11],"killed_by":"Slime Boss","ascension_level":17}