{"gold_per_floor":[110,126,136,155,80,80,96,96,96,96,96,96],"floor_reached":12,"playtime":337,"items_purged":["Strike_G"],"score":140,"play_id":"44cb8594-920d-45df-90d5-32fa99a50999","local_time":"20190714164355","is_ascension_mode":true,"campfire_choices":[{"data":"Neutralize","floor":6.0,"key":"SMITH"}],"neow_cost":"TEN_PERCENT_HP_LOSS","seed_source_timestamp":483961994798954,"circlet_count":0,"master_deck":["AscendersBane","Strike_G","Strike_G","Strike_G","Strike_G","Defend_G","Defend_G","Defend_G","Defend_G","Defend_G","Survivor","Neutralize+1","Slice","Flying Knee","Dagger Spray","Dagger Throw","Prepared"],"special_seed":0,"relics":["Ring of the Snake","Mango","Bronze Scales","Oddly Smooth Stone","Golden Idol"],"potions_floor_usage":[],"damage_taken":[{"damage":3.0,"enemies":"Cultist","floor":1.0,"turns":4.0},{"damage":0.0,"enemies":"2 Louse","floor":2.0,"turns":4.0},{"damage":0.0,"enemies":"Jaw Worm","floor":3.0,"turns":4.0},{"damage":1.0,"enemies":"2 Fungi Beasts","floor":4.0,"turns":3.0},{"damage":24.0,"enemies":"Gremlin Gang","floor":7.0,"turns":4.0},{"damage":40,"enemies":"Lagavulin","floor":12,"turns":8}],"seed_played":"-1385488779558909513","potions_obtained":[{"floor":1.0,"key":"Block Potion"},{"floor":3.0,"key":"FearPotion"}],"is_trial":false,"path_per_floor":["M","M","M","M","$","R","M","?","T","?","?","E"],"character_chosen":"THE_SILENT","items_purchased":[],"campfire_rested":0,"item_purchase_floors":[],"current_hp_per_floor":[70,70,70,69,69,69,45,40,40,40,40,0],"gold":96,"neow_bonus":"ONE_RARE_RELIC","is_prod":false,"is_daily":false,"chose_seed":false,"campfire_upgraded":1,"win_rate":0,"timestamp":1563090235,"path_taken":["M","?","M","M","$","R","M","?","T","?","?","E"],"build_version":"2019-07-05","purchased_purges":1,"victory":false,"max_hp_per_floor":[74,74,74,74,74,74,74,74,74,74,67,67],"card_choices":[{"not_picked":["Heel Hook","Sucker Punch"],"picked":"Slice","floor":1.0},{"not_picked":["Slice","Noxious Fumes"],"picked":"Flying Knee","floor":2.0},{"not_picked":["Underhanded Strike","Sucker Punch"],"picked":"Dagger Spray","floor":3.0},{"not_picked":["Sucker Punch","Poisoned Stab"],"picked":"Dagger Throw","floor":4.0},{"not_picked":["Eviscerate","Riddle With Holes"],"picked":"Prepared","floor":7.0}],"player_experience":991583,"relics_obtained":[{"floor":9.0,"key":"Oddly Smooth Stone"}],"event_choices":[{"damage_healed":0.0,"max_hp_gain":0.0,"max_hp_loss":0.0,"gold_gain":0.0,"event_name":"Scrap Ooze","player_choice":"Success","floor":8.0,"gold_loss":0.0,"damage_taken":5.0,"relics_obtained":["Bronze Scales"]},{"damage_healed":0,"gold_gain":0,"player_choice":"Ignored","damage_taken":0,"max_hp_gain":0,"max_hp_loss":0,"event_name":"Shining Light","floor":10,"gold_loss":0},{"damage_healed":0,"gold_gain":0,"player_choice":"Lose Max HP","damage_taken":0,"relics_obtained":["Golden Idol"],"max_hp_gain":0,"max_hp_loss":7,"event_name":"Golden Idol","floor":11,"gold_loss":0}],"is_beta":false,"boss_relics":[],"items_purged_floors":[5],"is_endless":false,"potions_floor_spawned":[1,3],"killed_by":"Lagavulin","ascension_level":20}