{"gold_per_floor":[113,113,123,135,135,135,153,217,217,243,293,343,268,330,330,330],"floor_reached":16,"playtime":312,"items_purged":["Strike_R"],"score":102,"play_id":"95187d91-6f04-476a-90a7-acd4592beb2e","local_time":"20190310145028","is_ascension_mode":false,"campfire_choices":[{"data":"Bash","floor":6,"key":"SMITH"},{"data":"Defend_R","floor":15,"key":"SMITH"}],"neow_cost":"PERCENT_DAMAGE","seed_source_timestamp":99047968642882,"circlet_count":0,"master_deck":["Strike_R","Strike_R","Strike_R","Defend_R+1","Defend_R","Defend_R","Defend_R","Bash+1","Headbutt","Shrug It Off+1"],"special_seed":0,"relics":["Burning Blood","Mango","SsserpentHead","PreservedInsect","Oddly Smooth Stone"],"potions_floor_usage":[],"damage_taken":[{"damage":0.0,"enemies":"Small Slimes","floor":1.0,"turns":4.0},{"damage":6,"enemies":"Cultist","floor":3,"turns":3},{"damage":1,"enemies":"Jaw Worm","floor":4,"turns":3},{"damage":14,"enemies":"Lots of Slimes","floor":7,"turns":6},{"damage":20,"enemies":"Gremlin Gang","floor":8,"turns":7},{"damage":28,"enemies":"Lagavulin","floor":10,"turns":5},{"damage":4,"enemies":"Looter","floor":14,"turns":3},{"damage":0,"enemies":"Hexaghost","floor":16,"turns":2}],"seed_played":"-5490103568697153462","potions_obtained":[{"floor":1.0,"key":"LiquidBronze"},{"floor":3,"key":"Poison Potion"},{"floor":4,"key":"Weak Potion"}],"is_trial":false,"path_per_floor":["M","?","M","M","?","R","M","M","T","E","?","?","$","M","R","B"],"character_chosen":"IRONCLAD","items_purchased":[],"campfire_rested":0,"item_purchase_floors":[],"current_hp_per_floor":[76,94,94,94,94,94,86,72,72,50,43,43,43,45,45,45],"gold":330,"neow_bonus":"ONE_RARE_RELIC","is_prod":false,"is_daily":false,"chose_seed":false,"campfire_upgraded":2,"win_rate":0,"timestamp":1552225828,"path_taken":["M","?","M","M","?","R","M","?","T","E","?","?","$","?","R","BOSS"],"build_version":"2019-01-23","purchased_purges":1,"victory":false,"max_hp_per_floor":[94,94,94,94,94,94,94,94,94,94,94,94,94,94,94,94],"card_choices":[{"not_picked":["Spot Weakness","Shockwave"],"picked":"Headbutt","floor":1.0},{"not_picked":["Warcry","Flex","Power Through"],"picked":"SKIP","floor":3},{"not_picked":["Corruption","True Grit"],"picked":"Shrug It Off","floor":4},{"not_picked":["Searing Blow","True Grit","Uppercut"],"picked":"SKIP","floor":7},{"not_picked":["Flex","Twin Strike","Pummel"],"picked":"SKIP","floor":8},{"not_picked":["Fiend Fire","Wild Strike","Blood for Blood"],"picked":"SKIP","floor":10},{"not_picked":["Headbutt","Combust","Hemokinesis"],"picked":"SKIP","floor":14}],"player_experience":972033,"relics_obtained":[{"floor":9,"key":"PreservedInsect"},{"floor":10,"key":"Oddly Smooth Stone"}],"event_choices":[{"damage_healed":31,"gold_gain":0,"player_choice":"Banana","damage_taken":0,"max_hp_gain":0,"max_hp_loss":0,"event_name":"Big Fish","floor":2,"gold_loss":0},{"damage_healed":0,"gold_gain":0,"player_choice":"Trade","damage_taken":0,"relics_obtained":["SsserpentHead"],"max_hp_gain":0,"max_hp_loss":0,"event_name":"FaceTrader","floor":5,"gold_loss":0},{"cards_removed":["Strike_R"],"damage_healed":0,"gold_gain":0,"player_choice":"Card Removal","damage_taken":7,"max_hp_gain":0,"max_hp_loss":0,"event_name":"Golden Wing","floor":11,"gold_loss":0},{"damage_healed":0,"gold_gain":0,"player_choice":"Forge","damage_taken":0,"max_hp_gain":0,"max_hp_loss":0,"event_name":"Accursed Blacksmith","floor":12,"gold_loss":0,"cards_upgraded":["Shrug It Off"]}],"is_beta":false,"boss_relics":[],"items_purged_floors":[13],"is_endless":false,"potions_floor_spawned":[1,3,4],"killed_by":"Hexaghost","ascension_level":0}