{"gold_per_floor":[18,18,32,32,50,50,112,82,82,82,82,82,7,36,36,114,114,131,30,80,5,5,35,35,35,35,49,24,24,34,34,34,111,111,127,27,41,41,52,52,77,77,103,119,119,43,43,59,59,59],"floor_reached":51,"playtime":2144,"items_purged":["Strike_G","Strike_G"],"score":1265,"play_id":"ecc25949-0ecb-4a09-a999-8a32b71d12ed","local_time":"20190118001346","is_ascension_mode":true,"campfire_choices":[{"data":"Neutralize","floor":6.0,"key":"SMITH"},{"data":"Slice","floor":10.0,"key":"SMITH"},{"floor":12.0,"key":"REST"},{"data":"Noxious Fumes","floor":15.0,"key":"SMITH"},{"data":"Prepared","floor":24.0,"key":"SMITH"},{"data":"Acrobatics","floor":29.0,"key":"SMITH"},{"data":"Envenom","floor":32.0,"key":"SMITH"},{"data":"Blur","floor":40.0,"key":"SMITH"},{"data":"Leg Sweep","floor":42,"key":"SMITH"},{"data":"Footwork","floor":49,"key":"SMITH"}],"neow_cost":"NO_GOLD","seed_source_timestamp":763876606903661,"circlet_count":0,"master_deck":["AscendersBane","Defend_G","Defend_G","Defend_G","Defend_G","Survivor","Neutralize+1","PiercingWail","Slice+1","Leg Sweep+1","Flying Knee+1","Sucker Punch+1","Glass Knife+1","Noxious Fumes+1","Envenom+1","Poisoned Stab+1","Prepared+1","Acrobatics+1","After Image+1","Blur+1","Bane+1","Backflip+1","Footwork+1"],"special_seed":0,"relics":["Ring of the Serpent","Molten Egg 2","Pantograph","Ice Cream","Coffee Dripper","Strawberry","Calipers","Tough Bandages","Boot"],"potions_floor_usage":[50],"damage_taken":[{"damage":1.0,"enemies":"Jaw Worm","floor":1.0,"turns":6.0},{"damage":2.0,"enemies":"2 Louse","floor":3.0,"turns":2.0},{"damage":2.0,"enemies":"Small Slimes","floor":5.0,"turns":4.0},{"damage":28.0,"enemies":"3 Sentries","floor":7.0,"turns":12.0},{"damage":0.0,"enemies":"Looter","floor":8.0,"turns":4.0},{"damage":22.0,"enemies":"Lagavulin","floor":14.0,"turns":7.0},{"damage":10.0,"enemies":"The Guardian","floor":16.0,"turns":11.0},{"damage":0.0,"enemies":"3 Byrds","floor":18.0,"turns":6.0},{"damage":24.0,"enemies":"Book of Stabbing","floor":23.0,"turns":6.0},{"damage":10.0,"enemies":"2 Thieves","floor":27.0,"turns":4.0},{"damage":1.0,"enemies":"Centurion and Healer","floor":30.0,"turns":5.0},{"damage":48.0,"enemies":"Collector","floor":33.0,"turns":11.0},{"damage":1.0,"enemies":"Orb Walker","floor":35.0,"turns":4.0},{"damage":2.0,"enemies":"3 Darklings","floor":37.0,"turns":5.0},{"damage":15.0,"enemies":"Sphere and 2 Shapes","floor":39.0,"turns":5.0},{"damage":20,"enemies":"Nemesis","floor":41,"turns":7},{"damage":12,"enemies":"Spire Growth","floor":44,"turns":5},{"damage":0,"enemies":"Jaw Worm Horde","floor":48,"turns":6},{"damage":22,"enemies":"Awakened One","floor":50,"turns":19}],"seed_played":"3408469445831234193","potions_obtained":[{"floor":3.0,"key":"Explosive Potion"},{"floor":14.0,"key":"Strength Potion"},{"floor":16.0,"key":"GamblersBrew"},{"floor":23.0,"key":"Dexterity Potion"},{"floor":27.0,"key":"Explosive Potion"},{"floor":35.0,"key":"Explosive Potion"},{"floor":41,"key":"Ancient Potion"}],"is_trial":false,"path_per_floor":["M","?","M","?","M","R","?","M","T","R","?","R","$","E","R","B",null,"M","$","?","?","?","E","R","?","T","M","$","R","M","?","R","B",null,"M","$","M","?","M","R","E","R","T","M","?","$","?","M","R","B",null],"character_chosen":"THE_SILENT","items_purchased":["Glass Knife+1","Prepared","Acrobatics","Footwork"],"campfire_rested":1,"item_purchase_floors":[13,19,28,46],"current_hp_per_floor":[58,63,61,61,59,59,31,31,31,31,24,45,45,23,23,38,63,63,63,63,63,63,46,46,46,46,36,36,36,35,35,35,12,62,61,61,59,59,44,44,24,24,24,12,12,12,12,12,12,15],"gold":59,"neow_bonus":"REMOVE_TWO","is_prod":false,"is_daily":false,"chose_seed":false,"campfire_upgraded":9,"win_rate":0,"timestamp":1547766826,"path_taken":["M","?","M","?","M","R","?","M","T","R","?","R","?","E","R","BOSS","M","$","?","?","?","E","R","?","T","M","$","R","M","?","R","BOSS","M","$","M","?","M","R","E","R","T","?","?","$","?","M","R","BOSS"],"build_version":"2019-01-10","purchased_purges":2,"victory":true,"max_hp_per_floor":[66,71,71,71,71,71,71,71,71,71,71,71,71,71,71,71,71,71,71,71,71,71,78,78,78,78,78,78,78,78,78,78,78,78,78,78,78,78,78,78,78,78,78,78,78,78,78,78,78,78],"card_choices":[{"not_picked":["Distraction","Sucker Punch"],"picked":"PiercingWail","floor":1.0},{"not_picked":["Deflect","Dodge and Roll"],"picked":"Slice","floor":3.0},{"not_picked":["PiercingWail","Catalyst"],"picked":"Leg Sweep","floor":5.0},{"not_picked":["Dagger Throw","Quick Slash"],"picked":"Flying Knee","floor":7.0},{"not_picked":["Deflect","Backstab+1"],"picked":"Sucker Punch+1","floor":8.0},{"not_picked":["After Image","Sucker Punch+1"],"picked":"Noxious Fumes","floor":14.0},{"not_picked":["Doppelganger","Storm of Steel"],"picked":"Envenom","floor":16.0},{"not_picked":["Finisher+1","Outmaneuver"],"picked":"Poisoned Stab+1","floor":18.0},{"not_picked":["Backstab+1","Finisher+1","Dagger Throw+1"],"picked":"SKIP","floor":23.0},{"not_picked":["Choke+1","Underhanded Strike+1","All Out Attack+1"],"picked":"SKIP","floor":27.0},{"not_picked":["Dodge and Roll","Sucker Punch+1","Flechettes+1"],"picked":"SKIP","floor":30.0},{"not_picked":["Unload+1","Adrenaline"],"picked":"After Image","floor":33.0},{"not_picked":["PiercingWail","Quick Slash+1"],"picked":"Blur","floor":35.0},{"not_picked":["Underhanded Strike+1","Outmaneuver","Dagger Spray+1"],"picked":"SKIP","floor":37.0},{"not_picked":["Bouncing Flask","Eviscerate+1","Reflex"],"picked":"SKIP","floor":39.0},{"not_picked":["Cloak And Dagger","Bouncing Flask+1"],"picked":"Bane+1","floor":41},{"not_picked":["Dagger Throw+1","Deadly Poison"],"picked":"Backflip+1","floor":44},{"not_picked":["Dodge and Roll","Underhanded Strike+1","Backstab+1"],"picked":"SKIP","floor":48}],"player_experience":765400,"relics_obtained":[{"floor":7.0,"key":"Molten Egg 2"},{"floor":9.0,"key":"Pantograph"},{"floor":14.0,"key":"Ice Cream"},{"floor":23.0,"key":"Strawberry"},{"floor":26.0,"key":"Calipers"},{"floor":41,"key":"Tough Bandages"},{"floor":43,"key":"Boot"}],"event_choices":[{"damage_healed":0.0,"max_hp_gain":5.0,"max_hp_loss":0.0,"gold_gain":0.0,"event_name":"Big Fish","player_choice":"Donut","floor":2.0,"gold_loss":0.0,"damage_taken":0.0},{"damage_healed":0.0,"max_hp_gain":0.0,"max_hp_loss":0.0,"gold_gain":0.0,"event_name":"The Cleric","player_choice":"Leave","floor":4.0,"gold_loss":0.0,"damage_taken":0.0},{"damage_healed":0.0,"max_hp_gain":0.0,"max_hp_loss":0.0,"gold_gain":0.0,"event_name":"Dead Adventurer","player_choice":"Searched \u00271\u0027 times","floor":7.0,"gold_loss":0.0,"damage_taken":0.0},{"cards_removed":["Strike_G"],"damage_healed":0.0,"max_hp_gain":0.0,"max_hp_loss":0.0,"gold_gain":0.0,"event_name":"Golden Wing","player_choice":"Card Removal","floor":11.0,"gold_loss":0.0,"damage_taken":7.0},{"damage_healed":0.0,"max_hp_gain":0.0,"max_hp_loss":0.0,"gold_gain":50.0,"event_name":"Nest","player_choice":"Stole From Cult","floor":20.0,"gold_loss":0.0,"damage_taken":0.0},{"cards_removed":["Strike_G"],"damage_healed":0.0,"max_hp_gain":0.0,"max_hp_loss":0.0,"gold_gain":0.0,"event_name":"Beggar","player_choice":"Gave Gold","floor":21.0,"gold_loss":75.0,"damage_taken":0.0},{"damage_healed":0.0,"max_hp_gain":0.0,"max_hp_loss":0.0,"gold_gain":0.0,"event_name":"Ghosts","player_choice":"Ignored","floor":25.0,"gold_loss":0.0,"damage_taken":0.0},{"damage_healed":0.0,"max_hp_gain":0.0,"max_hp_loss":0.0,"gold_gain":0.0,"event_name":"The Mausoleum","player_choice":"Ignored","floor":31.0,"gold_loss":0.0,"damage_taken":0.0},{"damage_healed":0.0,"max_hp_gain":0.0,"max_hp_loss":0.0,"gold_gain":0.0,"event_name":"Accursed Blacksmith","player_choice":"Forge","floor":38.0,"gold_loss":0.0,"damage_taken":0.0,"cards_upgraded":["After Image"]},{"damage_healed":0,"gold_gain":0,"player_choice":"Ignored","damage_taken":0,"max_hp_gain":0,"max_hp_loss":0,"event_name":"Tomb of Lord Red Mask","floor":45,"gold_loss":0},{"damage_healed":0,"gold_gain":0,"player_choice":"Memory 1","damage_taken":0,"max_hp_gain":0,"max_hp_loss":0,"event_name":"SensoryStone","floor":47,"gold_loss":0}],"is_beta":false,"boss_relics":[{"not_picked":["Ectoplasm","Fusion Hammer"],"picked":"Coffee Dripper"},{"not_picked":["Black Star","White Beast Statue"],"picked":"Ring of the Serpent"}],"items_purged_floors":[19,36],"is_endless":false,"potions_floor_spawned":[3,14,16,23,27,30,35,41],"ascension_level":15}