{"gold_per_floor":[114,128,203,221,15,15,29,29,101,43,43,7,7,23,23,23],"floor_reached":16,"playtime":337,"items_purged":[],"score":140,"play_id":"70733037-e8bb-4119-ab42-b8d97d356d04","local_time":"20180809194249","is_ascension_mode":true,"campfire_choices":[{"data":"Zap","floor":6.0,"key":"SMITH"},{"data":"Defragment","floor":11.0,"key":"SMITH"},{"data":"Turbo","floor":15.0,"key":"SMITH"}],"neow_cost":"NONE","seed_source_timestamp":496597459124768,"circlet_count":0,"master_deck":["Strike_B+1","Strike_B","Strike_B","Strike_B","Defend_B","Defend_B","Defend_B","Defend_B","Zap+1","Dualcast","AscendersBane","Amplify","Sweeping Beam","Chill","Coolheaded+1","Turbo+1","Defragment+1","Compile Driver","Capacitor"],"special_seed":0,"relics":["Cracked Core","Medical Kit","The Courier"],"potions_floor_usage":[16],"damage_taken":[{"damage":2.0,"enemies":"2 Louse","floor":1.0,"turns":2.0},{"damage":2.0,"enemies":"Jaw Worm","floor":2.0,"turns":3.0},{"damage":0.0,"enemies":"Small Slimes","floor":4.0,"turns":3.0},{"damage":8.0,"enemies":"Exordium Wildlife","floor":7.0,"turns":3.0},{"damage":13.0,"enemies":"Large Slime","floor":14.0,"turns":4.0},{"damage":26,"enemies":"Slime Boss","floor":16,"turns":3}],"seed_played":"1607137878406021630","potions_obtained":[{"floor":2.0,"key":"GamblersBrew"},{"floor":7.0,"key":"FearPotion"}],"is_trial":false,"path_per_floor":["M","M","?","M","$","R","M","?","T","$","R","$","?","M","R"],"character_chosen":"DEFECT","items_purchased":["Medical Kit","Defragment","Compile Driver"],"campfire_rested":0,"item_purchase_floors":[5,10,12],"current_hp_per_floor":[66,64,53,53,53,53,45,45,45,45,45,45,30,17,17,0],"gold":23,"neow_bonus":"ONE_RANDOM_RARE_CARD","is_prod":false,"is_daily":false,"chose_seed":false,"campfire_upgraded":3,"win_rate":0,"timestamp":1533836569,"path_taken":["M","M","?","M","$","R","M","?","T","$","R","?","?","M","R","BOSS"],"build_version":"2018-08-02","purchased_purges":0,"victory":false,"max_hp_per_floor":[75,75,75,75,75,75,75,75,75,75,75,75,75,75,75,75],"card_choices":[{"not_picked":["Stack","Redo"],"picked":"Sweeping Beam","floor":1.0},{"not_picked":["Rip and Tear","Sweeping Beam"],"picked":"Chill","floor":2.0},{"not_picked":["Hologram","Compile Driver"],"picked":"Coolheaded","floor":4.0},{"not_picked":["Sweeping Beam","Go for the Eyes"],"picked":"Turbo","floor":7.0},{"not_picked":["Tempest","Chaos"],"picked":"Capacitor","floor":14.0}],"player_experience":609436,"relics_obtained":[{"floor":9.0,"key":"The Courier"}],"event_choices":[{"event_name":"World of Goop","player_choice":"Gather Gold","floor":3.0,"damage_taken":0.0},{"event_name":"The Cleric","player_choice":"Leave","floor":8.0,"damage_taken":0.0},{"event_name":"Shining Light","player_choice":"Entered Light","floor":13.0,"damage_taken":0.0}],"is_beta":false,"boss_relics":[],"items_purged_floors":[],"is_endless":false,"potions_floor_spawned":[2,7],"killed_by":"Slime Boss","ascension_level":11}