{"path_per_floor":["M","M","?","?","?","R","$","$","T","M","E","R","?","M","R","B",null,"M","$","?","M","?","R","?","?","T","E","R","$","M","M","R"],"character_chosen":"DEFECT","items_purchased":["Capacitor","Ball Lightning"],"gold_per_floor":[112,132,132,132,132,132,4,4,31,49,84,84,84,104,104,204,204,221,94,94,111,0,0,0,0,0,31,31,31,43,58,58,58],"floor_reached":33,"campfire_rested":4,"playtime":1131,"current_hp_per_floor":[75,75,75,60,60,60,60,60,60,60,36,36,36,34,56,13,75,58,58,58,29,29,57,57,57,57,10,53,53,44,24,67,0],"items_purged":["Defend_B","Strike_B"],"gold":58,"score":313,"play_id":"b379b6c5-8bd4-4db5-9a03-abab3ce48eae","local_time":"20180505095555","is_prod":false,"is_daily":false,"chose_seed":false,"is_ascension_mode":true,"campfire_upgraded":2,"timestamp":1525506955,"path_taken":["M","M","?","?","?","R","?","$","T","M","E","R","?","M","R","BOSS","M","$","?","M","?","R","?","?","T","E","R","$","?","M","R","BOSS"],"build_version":"2018-05-03","seed_source_timestamp":41905380504705,"purchased_purges":3,"victory":false,"master_deck":["Strike_B+1","Strike_B+1","Defend_B","Defend_B","Zap+1","Dualcast+1","Cold Snap","Capacitor+1","Blizzard+1","All For One","Barrage+1","Ball Lightning","Glacier","Static Discharge","Machine Learning","White Noise","Rebound"],"max_hp_per_floor":[75,75,75,75,75,75,75,75,75,75,75,75,75,75,75,75,75,75,75,75,75,75,75,75,75,75,75,75,75,75,75,75,75],"relics":["Cracked Core","Oddly Smooth Stone","Whetstone","Eternal Feather","Ancient Tea Set","Regal Pillow"],"card_choices":[{"not_picked":["Axe Kick","Stack"],"picked":"Cold Snap","floor":1.0},{"not_picked":["Cold Snap","Beam Cell"],"picked":"Blizzard","floor":10.0},{"not_picked":["Fission","Hyperbeam"],"picked":"All For One","floor":16.0},{"not_picked":["Impulse","Self Repair"],"picked":"Barrage","floor":18.0},{"not_picked":["Heatsinks","Leap"],"picked":"Static Discharge","floor":21.0},{"not_picked":["Go for the Eyes","Turbo"],"picked":"Machine Learning","floor":27.0},{"not_picked":["Go for the Eyes","Consume"],"picked":"White Noise","floor":30.0},{"not_picked":["Stack","Hologram"],"picked":"Rebound","floor":31.0}],"player_experience":603312,"potions_floor_usage":[],"damage_taken":[{"damage":0.0,"enemies":"2 Louse","floor":1.0,"turns":1.0},{"damage":0.0,"enemies":"Cultist","floor":2.0,"turns":3.0},{"damage":0.0,"enemies":"Jaw Worm","floor":10.0,"turns":2.0},{"damage":30.0,"enemies":"Gremlin Nob","floor":11.0,"turns":4.0},{"damage":2.0,"enemies":"3 Louse","floor":14.0,"turns":3.0},{"damage":43.0,"enemies":"The Guardian","floor":16.0,"turns":13.0},{"damage":17.0,"enemies":"Spheric Guardian","floor":18.0,"turns":4.0},{"damage":29.0,"enemies":"Chosen","floor":21.0,"turns":4.0},{"damage":47.0,"enemies":"Gremlin Leader","floor":27.0,"turns":7.0},{"damage":9.0,"enemies":"Sentry and Sphere","floor":30.0,"turns":5.0},{"damage":20.0,"enemies":"Centurion and Healer","floor":31.0,"turns":8.0},{"damage":83,"enemies":"Collector","floor":33,"turns":7}],"event_choices":[{"event_name":"Liars Game","player_choice":"disagreed","floor":3.0,"damage_taken":0.0},{"event_name":"Shining Light","player_choice":"Entered Light","floor":4.0,"damage_taken":0.0},{"event_name":"Wheel of Change","player_choice":"Card Removal","floor":5.0,"damage_taken":0.0},{"event_name":"Golden Idol","player_choice":"Ignored","floor":13.0,"damage_taken":0.0},{"event_name":"The Library","player_choice":"Read","floor":20.0,"damage_taken":0.0},{"event_name":"Accursed Blacksmith","player_choice":"Ignore","floor":24.0,"damage_taken":0.0},{"event_name":"Purifier","player_choice":"One Purge","floor":25.0,"damage_taken":0.0}],"boss_relics":[],"potions_floor_spawned":[10,11,14,18,27,30],"seed_played":"-3829005625626829678","killed_by":"Collector","ascension_level":4,"is_trial":false}