{"gold_per_floor":[116,116,41,41,41,41,54,54,54,117,71,86,86,120,120,215,215,230,230,242,242,37,37,136,154,154,154,184,184],"floor_reached":29,"playtime":1096,"items_purged":["Defend_B"],"score":347,"play_id":"4b1fc2ec-53df-44bb-9ba4-153f252b0e9e","local_time":"20190111163917","is_ascension_mode":true,"campfire_choices":[{"data":"Zap","floor":6.0,"key":"SMITH"},{"data":"Coolheaded","floor":8.0,"key":"SMITH"},{"floor":13.0,"key":"REST"},{"data":"Capacitor","floor":15.0,"key":"SMITH"},{"data":"Biased Cognition","floor":23,"key":"SMITH"},{"floor":27,"key":"REST"}],"neow_cost":"PERCENT_DAMAGE","seed_source_timestamp":370339124760224,"circlet_count":0,"master_deck":["AscendersBane","Strike_B","Strike_B","Defend_B","Defend_B+1","Zap+1","Dualcast+1","Coolheaded+1","Compile Driver","Compile Driver","Capacitor+1","Biased Cognition+1","Forethought"],"special_seed":0,"relics":["Cracked Core","WingedGreaves","Lantern","Bird Faced Urn","Dream Catcher","Empty Cage","Frozen Egg 2","PrismaticShard","FossilizedHelix","Red Mask"],"potions_floor_usage":[20,28,29],"damage_taken":[{"damage":0.0,"enemies":"Small Slimes","floor":1.0,"turns":3.0},{"damage":0.0,"enemies":"2 Louse","floor":7.0,"turns":2.0},{"damage":4.0,"enemies":"Gremlin Nob","floor":10.0,"turns":3.0},{"damage":0.0,"enemies":"Jaw Worm","floor":12.0,"turns":3.0},{"damage":1.0,"enemies":"3 Sentries","floor":14.0,"turns":6.0},{"damage":10.0,"enemies":"The Guardian","floor":16.0,"turns":13.0},{"damage":2,"enemies":"Shell Parasite","floor":18,"turns":3},{"damage":26,"enemies":"3 Byrds","floor":20,"turns":7},{"damage":8,"enemies":"Centurion and Healer","floor":25,"turns":5},{"damage":7,"enemies":"Masked Bandits","floor":28,"turns":5},{"damage":68,"enemies":"Book of Stabbing","floor":29,"turns":5}],"seed_played":"7914357875771106686","potions_obtained":[{"floor":7.0,"key":"FocusPotion"},{"floor":10.0,"key":"FocusPotion"},{"floor":14.0,"key":"SneckoOil"},{"floor":20,"key":"GamblersBrew"}],"is_trial":false,"path_per_floor":["M","?","$","?","$","R","M","R","T","?","?","M","R","E","R","B",null,"M","?","M","?","$","R","?","M","T","R","?","E"],"character_chosen":"DEFECT","items_purchased":["PrismaticShard"],"campfire_rested":2,"item_purchase_floors":[22],"current_hp_per_floor":[50,43,43,28,28,28,28,28,28,24,24,24,46,45,45,37,66,68,68,46,46,46,46,46,42,42,64,61,0],"gold":184,"neow_bonus":"ONE_RARE_RELIC","is_prod":false,"is_daily":false,"chose_seed":false,"campfire_upgraded":4,"win_rate":0,"timestamp":1547221157,"path_taken":["M","?","$","?","$","R","M","R","T","?","?","M","R","E","R","BOSS","M","?","M","?","$","R","?","?","T","R","?","E"],"build_version":"2019-01-10","purchased_purges":1,"victory":false,"max_hp_per_floor":[75,75,75,75,75,75,75,75,75,75,75,75,75,75,75,75,75,75,75,75,75,75,75,75,75,75,75,75,75],"card_choices":[{"not_picked":["Stack","Redo"],"picked":"Coolheaded","floor":1.0},{"not_picked":["FTL","Static Discharge"],"picked":"Compile Driver","floor":7.0},{"not_picked":["Rebound","Steam"],"picked":"Compile Driver","floor":10.0},{"not_picked":["Go for the Eyes","Cold Snap","Tempest"],"picked":"SKIP","floor":12.0},{"not_picked":["White Noise","Turbo"],"picked":"Capacitor","floor":14.0},{"not_picked":["Reboot","Meteor Strike"],"picked":"Biased Cognition","floor":16.0},{"not_picked":["Reprogram","Compile Driver","Leap"],"picked":"SKIP","floor":18},{"not_picked":["Reprogram","Compile Driver","Leap"],"picked":"SKIP","floor":18},{"not_picked":["Chaos","Lockon","Skim"],"picked":"SKIP","floor":20},{"not_picked":["Dagger Throw","Gash","Masterful Stab"],"picked":"SKIP","floor":25},{"not_picked":["Turbo","Armaments"],"picked":"Forethought","floor":27}],"player_experience":695601,"relics_obtained":[{"floor":9.0,"key":"Lantern"},{"floor":10.0,"key":"Bird Faced Urn"},{"floor":14.0,"key":"Dream Catcher"},{"floor":26,"key":"FossilizedHelix"},{"floor":28,"key":"Red Mask"}],"event_choices":[{"cards_removed":["Strike_B"],"damage_healed":0.0,"max_hp_gain":0.0,"max_hp_loss":0.0,"gold_gain":0.0,"event_name":"Golden Wing","player_choice":"Card Removal","floor":2.0,"gold_loss":0.0,"damage_taken":7.0},{"damage_healed":0.0,"max_hp_gain":0.0,"max_hp_loss":0.0,"gold_gain":0.0,"event_name":"Shining Light","player_choice":"Entered Light","floor":4.0,"gold_loss":0.0,"damage_taken":15.0,"cards_upgraded":["Defend_B","Dualcast"]},{"damage_healed":0.0,"max_hp_gain":0.0,"max_hp_loss":0.0,"gold_gain":0.0,"event_name":"Dead Adventurer","player_choice":"Searched \u00272\u0027 times","floor":10.0,"gold_loss":0.0,"damage_taken":0.0},{"damage_healed":0.0,"max_hp_gain":0.0,"max_hp_loss":0.0,"gold_gain":0.0,"event_name":"World of Goop","player_choice":"Left Gold","floor":11.0,"gold_loss":46.0,"damage_taken":0.0},{"damage_healed":0,"gold_gain":0,"player_choice":"Opened","damage_taken":0,"relics_obtained":["Frozen Egg 2"],"max_hp_gain":0,"max_hp_loss":0,"event_name":"The Mausoleum","floor":19,"gold_loss":0,"cards_obtained":["Writhe"]},{"cards_removed":["Writhe"],"damage_healed":0,"gold_gain":0,"player_choice":"Elegance","damage_taken":0,"max_hp_gain":0,"max_hp_loss":0,"event_name":"Back to Basics","floor":21,"gold_loss":0},{"damage_healed":0,"gold_gain":99,"player_choice":"Stole From Cult","damage_taken":0,"max_hp_gain":0,"max_hp_loss":0,"event_name":"Nest","floor":24,"gold_loss":0},{"damage_healed":0,"gold_gain":0,"player_choice":"Fought Bandits","damage_taken":0,"max_hp_gain":0,"max_hp_loss":0,"event_name":"Masked Bandits","floor":28,"gold_loss":0}],"is_beta":false,"boss_relics":[{"not_picked":["Nuclear Battery","Astrolabe"],"picked":"Empty Cage"}],"items_purged_floors":[3],"is_endless":false,"potions_floor_spawned":[7,10,14,20],"killed_by":"Book of Stabbing","ascension_level":12}