{"gold_per_floor":[111,36,105,105,56,82,82,115,115,115,115,134,84,84,84,180,180,199,199,219,129,149,149,162,172,247,263,279,279,292,304,304,403,403,421,436,436,336,353,353,371,371,371,391,266,281,281,298,298,298],"floor_reached":51,"playtime":2289,"items_purged":["Strike_R","Defend_R","Defend_R"],"score":910,"play_id":"557e4c13-de55-4b21-840f-e4517f2e2a16","local_time":"20190720173856","is_ascension_mode":true,"campfire_choices":[{"data":"Whirlwind","floor":7,"key":"SMITH"},{"data":"Flex","floor":15,"key":"SMITH"},{"data":"Demon Form","floor":23,"key":"SMITH"},{"floor":29,"key":"REST"},{"floor":32,"key":"REST"},{"floor":40,"key":"REST"},{"data":"Flame Barrier","floor":42,"key":"SMITH"},{"floor":49,"key":"REST"}],"neow_cost":"NONE","seed_source_timestamp":249721302585106,"circlet_count":0,"master_deck":["Strike_R+1","Defend_R+1","Defend_R","Bash+1","Whirlwind+1","Flex+1","Demon Form+1","Anger+1","Flame Barrier+1","True Grit+1","Body Slam+1","Offering","Battle Trance+1"],"relics":["Black Blood","NeowsBlessing","Sundial","Ornamental Fan","Omamori","Anchor","WarpedTongs","Velvet Choker","Meat on the Bone","Regal Pillow","Kunai"],"potions_floor_usage":[16,27,28,28,30,39,41,50,50],"damage_taken":[{"damage":0,"enemies":"Cultist","floor":1,"turns":1},{"damage":0,"enemies":"3 Sentries","floor":6,"turns":1},{"damage":0,"enemies":"Lagavulin","floor":8,"turns":1},{"damage":0,"enemies":"Jaw Worm","floor":12,"turns":2},{"damage":29,"enemies":"The Guardian","floor":16,"turns":11},{"damage":0,"enemies":"2 Thieves","floor":18,"turns":1},{"damage":12,"enemies":"Spheric Guardian","floor":20,"turns":4},{"damage":14,"enemies":"Snake Plant","floor":22,"turns":3},{"damage":6,"enemies":"Cultist and Chosen","floor":24,"turns":4},{"damage":21,"enemies":"Centurion and Healer","floor":25,"turns":3},{"damage":2,"enemies":"Snake Plant","floor":27,"turns":2},{"damage":22,"enemies":"Snecko","floor":28,"turns":4},{"damage":17,"enemies":"Centurion and Healer","floor":30,"turns":4},{"damage":3,"enemies":"Snake Plant","floor":31,"turns":3},{"damage":47,"enemies":"Automaton","floor":33,"turns":7},{"damage":14,"enemies":"Orb Walker","floor":35,"turns":3},{"damage":24,"enemies":"3 Shapes","floor":36,"turns":3},{"damage":62,"enemies":"Writhing Mass","floor":39,"turns":4},{"damage":0,"enemies":"Jaw Worm Horde","floor":41,"turns":2},{"damage":23,"enemies":"Transient","floor":44,"turns":5},{"damage":6,"enemies":"Sphere and 2 Shapes","floor":46,"turns":3},{"damage":18,"enemies":"3 Darklings","floor":48,"turns":2},{"damage":69,"enemies":"Time Eater","floor":50,"turns":8}],"seed_played":"-3580309417694541704","potions_obtained":[{"floor":1,"key":"Regen Potion"},{"floor":8,"key":"Fruit Juice"},{"floor":18,"key":"Poison Potion"},{"floor":22,"key":"Fire Potion"},{"floor":27,"key":"LiquidBronze"},{"floor":30,"key":"GamblersBrew"},{"floor":35,"key":"Block Potion"},{"floor":36,"key":"Poison Potion"},{"floor":41,"key":"Regen Potion"},{"floor":44,"key":"Swift Potion"}],"is_trial":false,"path_per_floor":["M","$","T","?","$","E","R","E","T","$","?","M","?","?","R","B",null,"M","?","M","?","M","R","M","M","T","M","M","R","M","M","R","B",null,"M","M","?","$","M","R","M","R","T","M","$","M","T","M","R","B",null],"character_chosen":"IRONCLAD","items_purchased":["Cleave"],"campfire_rested":4,"item_purchase_floors":[5],"current_hp_per_floor":[80,80,80,64,64,70,70,76,76,76,76,80,80,73,73,55,85,85,85,79,79,71,71,71,56,56,60,49,74,63,66,85,56,85,81,67,72,72,32,57,67,67,67,54,54,58,58,62,85,53],"gold":298,"neow_bonus":"THREE_ENEMY_KILL","is_prod":false,"is_daily":false,"chose_seed":false,"campfire_upgraded":4,"win_rate":0,"timestamp":1563669536,"path_taken":["M","$","?","?","$","E","R","E","T","$","?","?","?","?","R","BOSS","M","?","M","?","M","R","M","M","T","?","M","R","M","M","R","BOSS","M","M","?","$","M","R","?","R","T","M","$","M","?","M","R","BOSS"],"build_version":"2019-07-05","purchased_purges":3,"victory":true,"max_hp_per_floor":[80,80,80,80,80,80,80,80,80,80,80,80,80,80,80,85,85,85,85,85,85,85,85,85,85,85,85,85,85,85,85,85,85,85,85,85,85,85,85,85,85,85,85,85,85,85,85,85,85,85],"card_choices":[{"not_picked":["Evolve","Warcry","Feel No Pain"],"picked":"SKIP","floor":1},{"not_picked":["Evolve","Iron Wave"],"picked":"Whirlwind","floor":6},{"not_picked":["Perfected Strike","Heavy Blade"],"picked":"Flex","floor":8},{"not_picked":["Shockwave","Twin Strike","Wild Strike"],"picked":"SKIP","floor":12},{"not_picked":["Bludgeon","Impervious"],"picked":"Demon Form","floor":16},{"not_picked":["Iron Wave","Body Slam","Wild Strike"],"picked":"SKIP","floor":18},{"not_picked":["Flex","Twin Strike"],"picked":"Anger+1","floor":20},{"not_picked":["Cleave","Clash+1","Sword Boomerang"],"picked":"SKIP","floor":22},{"not_picked":["Cleave","Shockwave","Spot Weakness+1"],"picked":"SKIP","floor":24},{"not_picked":["Feed","Power Through"],"picked":"Flame Barrier","floor":25},{"not_picked":["Rupture+1","Uppercut","Havoc"],"picked":"SKIP","floor":27},{"not_picked":["Thunderclap","Flame Barrier"],"picked":"True Grit+1","floor":28},{"not_picked":["Flame Barrier","Heavy Blade"],"picked":"Body Slam+1","floor":30},{"not_picked":["Disarm","Inflame","Havoc"],"picked":"SKIP","floor":31},{"not_picked":["Juggernaut","Feed"],"picked":"Offering","floor":33},{"not_picked":["Anger","Sword Boomerang+1","Cleave"],"picked":"SKIP","floor":35},{"not_picked":["Searing Blow+1","Feel No Pain+1"],"picked":"Battle Trance+1","floor":36},{"not_picked":["Havoc+1","Whirlwind","Cleave+1"],"picked":"SKIP","floor":39},{"not_picked":["Perfected Strike","Headbutt","Blood for Blood+1"],"picked":"SKIP","floor":41},{"not_picked":["Clash","Searing Blow+1","Headbutt+1"],"picked":"SKIP","floor":44},{"not_picked":["Carnage+1","Pummel","Headbutt+1"],"picked":"SKIP","floor":46},{"not_picked":["Anger","Armaments","Evolve"],"picked":"SKIP","floor":48}],"player_experience":56488,"relics_obtained":[{"floor":3,"key":"Sundial"},{"floor":6,"key":"Ornamental Fan"},{"floor":8,"key":"Omamori"},{"floor":9,"key":"Anchor"},{"floor":26,"key":"Meat on the Bone"},{"floor":43,"key":"Regal Pillow"},{"floor":47,"key":"Kunai"}],"event_choices":[{"damage_healed":0,"gold_gain":0,"player_choice":"Entered Light","damage_taken":16,"max_hp_gain":0,"max_hp_loss":0,"event_name":"Shining Light","floor":4,"gold_loss":0,"cards_upgraded":["Defend_R","Bash"]},{"damage_healed":0,"gold_gain":0,"player_choice":"Rummage","damage_taken":0,"relics_obtained":["WarpedTongs"],"max_hp_gain":0,"max_hp_loss":0,"event_name":"Accursed Blacksmith","floor":11,"gold_loss":0,"cards_obtained":["Pain"]},{"cards_removed":["Strike_R"],"damage_healed":0,"gold_gain":0,"player_choice":"Card Removal","damage_taken":0,"max_hp_gain":0,"max_hp_loss":0,"event_name":"The Cleric","floor":13,"gold_loss":50},{"cards_removed":["Strike_R"],"damage_healed":0,"gold_gain":0,"player_choice":"Card Removal","damage_taken":7,"max_hp_gain":0,"max_hp_loss":0,"event_name":"Golden Wing","floor":14,"gold_loss":0},{"damage_healed":0,"gold_gain":0,"player_choice":"Ignored","damage_taken":0,"max_hp_gain":0,"max_hp_loss":0,"event_name":"Ghosts","floor":19,"gold_loss":0},{"cards_removed":["Strike_R"],"damage_healed":0,"gold_gain":0,"player_choice":"Upgrade and Remove","damage_taken":0,"max_hp_gain":0,"max_hp_loss":0,"event_name":"Designer","floor":21,"gold_loss":90,"cards_upgraded":["Strike_R"]},{"cards_removed":["Cleave"],"damage_healed":5,"gold_gain":0,"player_choice":"Offered Common","damage_taken":0,"max_hp_gain":0,"max_hp_loss":0,"event_name":"Bonfire Elementals","floor":37,"gold_loss":0},{"cards_removed":["Cleave"],"damage_healed":5,"gold_gain":0,"player_choice":"Offered Special","damage_taken":0,"max_hp_gain":0,"max_hp_loss":0,"event_name":"Bonfire Elementals","floor":37,"gold_loss":0}],"is_beta":false,"boss_relics":[{"not_picked":["Orrery","White Beast Statue"],"picked":"Velvet Choker"},{"not_picked":["Eternal Feather","Philosopher\u0027s Stone"],"picked":"Black Blood"}],"items_purged_floors":[2,38,45],"is_endless":false,"potions_floor_spawned":[1,8,18,22,24,27,30,35,36,41,44],"ascension_level":3}