{"gold_per_floor":[109,184,184,201,35,35,98,98,122,147,60,77,77,109,109,188,188,202,502,529,98,115,115,115],"floor_reached":24,"playtime":686,"items_purged":["Strike_B","Electrodynamics"],"score":520,"play_id":"8500e6fd-3e52-4cbc-8b8b-67740034ec75","local_time":"20190228124958","is_ascension_mode":true,"campfire_choices":[{"data":"Zap","floor":6.0,"key":"SMITH"},{"data":"Redo","floor":8.0,"key":"SMITH"},{"data":"Capacitor","floor":13.0,"key":"SMITH"},{"data":"Coolheaded","floor":15.0,"key":"SMITH"},{"data":"Genetic Algorithm","floor":23,"key":"PURGE"}],"neow_cost":"NONE","seed_source_timestamp":23048921213194,"circlet_count":0,"master_deck":["AscendersBane","Zap+1","Dualcast","Ball Lightning","Barrage","Self Repair","Redo+1","Glacier","Static Discharge","Capacitor+1","Coolheaded+1","Blizzard","Coolheaded","Skim","Electrodynamics","Gash","Glacier","Self Repair"],"special_seed":0,"relics":["Cracked Core","NeowsBlessing","Tiny Chest","Vajra","FossilizedHelix","Dream Catcher","Pandora\u0027s Box","Old Coin","Ancient Tea Set","Peace Pipe"],"potions_floor_usage":[],"damage_taken":[{"damage":0.0,"enemies":"2 Louse","floor":1.0,"turns":1.0},{"damage":0.0,"enemies":"Jaw Worm","floor":4.0,"turns":1.0},{"damage":0.0,"enemies":"3 Sentries","floor":7.0,"turns":1.0},{"damage":19.0,"enemies":"Lagavulin","floor":10.0,"turns":5.0},{"damage":0.0,"enemies":"Cultist","floor":12.0,"turns":3.0},{"damage":0.0,"enemies":"Gremlin Nob","floor":14.0,"turns":4.0},{"damage":12.0,"enemies":"The Guardian","floor":16.0,"turns":10.0},{"damage":4,"enemies":"Spheric Guardian","floor":18,"turns":6},{"damage":18,"enemies":"2 Thieves","floor":22,"turns":4},{"damage":56,"enemies":"Book of Stabbing","floor":24,"turns":6}],"seed_played":"-1433945575745246645","potions_obtained":[{"floor":1.0,"key":"SteroidPotion"},{"floor":10.0,"key":"Dexterity Potion"}],"is_trial":false,"path_per_floor":["M","?","?","M","$","R","E","R","T","E","$","M","R","E","R","B",null,"M","T","T","$","M","R","E"],"character_chosen":"DEFECT","items_purchased":["Self Repair","Redo","Capacitor","Peace Pipe"],"campfire_rested":0,"item_purchase_floors":[5,5,11,21],"current_hp_per_floor":[64,53,53,53,53,53,53,53,53,34,34,41,41,48,48,43,64,67,67,67,67,56,56,0],"gold":115,"neow_bonus":"THREE_ENEMY_KILL","is_prod":false,"is_daily":false,"chose_seed":false,"campfire_upgraded":4,"win_rate":0,"timestamp":1551354598,"path_taken":["M","?","?","M","?","R","E","R","T","E","$","M","R","E","R","BOSS","M","?","?","$","M","R","E"],"build_version":"2019-01-23","purchased_purges":2,"victory":false,"max_hp_per_floor":[71,71,71,71,71,71,71,71,71,71,71,71,71,71,71,71,71,71,71,71,71,71,71,71],"card_choices":[{"not_picked":["Tempest","Go for the Eyes"],"picked":"Ball Lightning","floor":1.0},{"not_picked":["Beam Cell","Sweeping Beam"],"picked":"Barrage","floor":4.0},{"not_picked":["Biased Cognition","Hello World"],"picked":"Glacier","floor":7.0},{"not_picked":["Cold Snap","Barrage"],"picked":"Static Discharge","floor":10.0},{"not_picked":["Turbo","Rebound"],"picked":"Coolheaded","floor":12.0},{"not_picked":["Undo","Rip and Tear"],"picked":"Blizzard","floor":14.0},{"not_picked":["Rainbow","Buffer"],"picked":"Electrodynamics","floor":16.0},{"not_picked":["Conserve Battery","Hologram","Stack"],"picked":"SKIP","floor":18},{"not_picked":["Redo","Stack","Barrage"],"picked":"SKIP","floor":22}],"player_experience":916903,"relics_obtained":[{"floor":7.0,"key":"Tiny Chest"},{"floor":9.0,"key":"Vajra"},{"floor":10.0,"key":"FossilizedHelix"},{"floor":14.0,"key":"Dream Catcher"},{"floor":19,"key":"Old Coin"},{"floor":20,"key":"Ancient Tea Set"}],"event_choices":[{"damage_healed":0.0,"max_hp_gain":0.0,"max_hp_loss":0.0,"gold_gain":75.0,"event_name":"World of Goop","player_choice":"Gather Gold","floor":2.0,"gold_loss":0.0,"damage_taken":11.0},{"damage_healed":0.0,"max_hp_gain":0.0,"max_hp_loss":0.0,"gold_gain":0.0,"event_name":"Liars Game","player_choice":"Ignored","floor":3.0,"gold_loss":0.0,"damage_taken":0.0}],"is_beta":false,"boss_relics":[{"not_picked":["White Beast Statue","Calling Bell"],"picked":"Pandora\u0027s Box"}],"items_purged_floors":[5,21],"is_endless":false,"potions_floor_spawned":[1,10,14],"killed_by":"Book of Stabbing","ascension_level":20}