{"gold_per_floor":[115,134,150,166,185,185,219,238,238,248,248,248,248,278,278,353,353,370,370,383,383,394,394,422,434,434,434,349,349,380,430,430,430],"floor_reached":33,"playtime":1231,"items_purged":[],"score":598,"play_id":"dafdcb5d-b96c-4424-8697-febc2d18997b","local_time":"20190731213345","is_ascension_mode":true,"campfire_choices":[{"data":"Defragment","floor":6.0,"key":"SMITH"},{"floor":12.0,"key":"REST"},{"data":"Chaos","floor":15.0,"key":"SMITH"},{"floor":23.0,"key":"REST"},{"floor":27.0,"key":"REST"},{"data":"White Noise","floor":29.0,"key":"SMITH"},{"data":"Go for the Eyes","floor":32.0,"key":"SMITH"}],"neow_cost":"NONE","seed_source_timestamp":729472847446781,"circlet_count":0,"master_deck":["AscendersBane","Strike_B","Strike_B","Strike_B","Defend_B","Defend_B","Defend_B","Defend_B","Zap","Dualcast","Defragment+1","Cold Snap","Go for the Eyes+1","Chaos+1","White Noise+1","Echo Form","Ball Lightning","Conserve Battery","Electrodynamics","Cold Snap+1","Coolheaded","Glacier+1","Chill"],"special_seed":0,"relics":["Cracked Core","PreservedInsect","Bottled Lightning","White Beast Statue","Pen Nib","Bottled Tornado","Ice Cream","Happy Flower"],"potions_floor_usage":[],"damage_taken":[{"damage":7.0,"enemies":"Small Slimes","floor":1.0,"turns":4.0},{"damage":1.0,"enemies":"Cultist","floor":2.0,"turns":3.0},{"damage":1.0,"enemies":"2 Louse","floor":3.0,"turns":3.0},{"damage":6.0,"enemies":"Lots of Slimes","floor":4.0,"turns":5.0},{"damage":16.0,"enemies":"3 Louse","floor":5.0,"turns":4.0},{"damage":12.0,"enemies":"Lagavulin","floor":7.0,"turns":7.0},{"damage":6.0,"enemies":"Gremlin Gang","floor":8.0,"turns":5.0},{"damage":12.0,"enemies":"Lots of Slimes","floor":10.0,"turns":3.0},{"damage":2.0,"enemies":"3 Louse","floor":13.0,"turns":3.0},{"damage":1.0,"enemies":"Gremlin Nob","floor":14.0,"turns":3.0},{"damage":6.0,"enemies":"Hexaghost","floor":16.0,"turns":9.0},{"damage":25.0,"enemies":"Shell Parasite","floor":18.0,"turns":4.0},{"damage":0.0,"enemies":"Chosen","floor":20.0,"turns":4.0},{"damage":17.0,"enemies":"Centurion and Healer","floor":22.0,"turns":6.0},{"damage":30.0,"enemies":"Slavers","floor":24.0,"turns":4.0},{"damage":3.0,"enemies":"Snake Plant","floor":25.0,"turns":6.0},{"damage":11.0,"enemies":"Book of Stabbing","floor":30.0,"turns":7.0},{"damage":21,"enemies":"Collector","floor":33,"turns":2}],"seed_played":"5910269768372277098","potions_obtained":[{"floor":1.0,"key":"GamblersBrew"},{"floor":2.0,"key":"SpeedPotion"},{"floor":5.0,"key":"Swift Potion"},{"floor":7.0,"key":"PowerPotion"},{"floor":18.0,"key":"Explosive Potion"},{"floor":20.0,"key":"Poison Potion"},{"floor":21.0,"key":"Block Potion"},{"floor":21.0,"key":"EntropicBrew"},{"floor":24.0,"key":"Energy Potion"},{"floor":25.0,"key":"Poison Potion"},{"floor":30.0,"key":"FocusPotion"}],"is_trial":false,"path_per_floor":["M","M","M","M","M","R","E","M","T","M","?","R","M","E","R","B",null,"M","?","M","?","M","R","E","M","T","R","?","R","E","?","R","B"],"character_chosen":"DEFECT","items_purchased":[],"campfire_rested":3,"item_purchase_floors":[],"current_hp_per_floor":[57,56,55,49,33,33,21,15,15,3,3,24,22,21,21,15,57,32,32,32,32,15,36,6,3,3,24,24,24,13,13,13,0],"gold":430,"neow_bonus":"REMOVE_CARD","is_prod":false,"is_daily":false,"chose_seed":false,"campfire_upgraded":4,"win_rate":0,"timestamp":1564576425,"path_taken":["M","M","M","M","M","R","E","M","T","M","?","R","M","E","R","BOSS","M","?","M","?","?","R","E","M","T","R","?","R","E","?","R","BOSS"],"build_version":"2019-07-17","purchased_purges":0,"victory":false,"max_hp_per_floor":[71,71,71,71,71,71,71,71,71,71,71,71,71,71,71,71,71,71,71,71,71,71,71,71,71,71,71,71,71,71,71,71,71],"card_choices":[{"not_picked":["Auto Shields","Cold Snap"],"picked":"Defragment","floor":1.0},{"not_picked":["Auto Shields","Hologram"],"picked":"Cold Snap","floor":2.0},{"not_picked":["Force Field","Steam Power"],"picked":"Go for the Eyes","floor":3.0},{"not_picked":["Tempest","BootSequence"],"picked":"Chaos","floor":4.0},{"not_picked":["Barrage","Hologram"],"picked":"White Noise","floor":5.0},{"not_picked":["Genetic Algorithm","Melter"],"picked":"Echo Form","floor":7.0},{"not_picked":["Rebound","Storm"],"picked":"Ball Lightning","floor":8.0},{"not_picked":["Gash","Storm"],"picked":"Conserve Battery","floor":10.0},{"not_picked":["Streamline","Storm","Go for the Eyes"],"picked":"SKIP","floor":14.0},{"not_picked":["Core Surge","Biased Cognition"],"picked":"Electrodynamics","floor":16.0},{"not_picked":["Sweeping Beam","Stack"],"picked":"Cold Snap+1","floor":18.0},{"not_picked":["Sweeping Beam","Barrage"],"picked":"Coolheaded","floor":20.0},{"not_picked":["Hologram","Beam Cell","Auto Shields"],"picked":"SKIP","floor":22.0},{"not_picked":["Reboot","Self Repair"],"picked":"Glacier+1","floor":24.0},{"not_picked":["Coolheaded","Go for the Eyes","Chill"],"picked":"SKIP","floor":25.0},{"not_picked":["Coolheaded","Go for the Eyes"],"picked":"Chill","floor":25.0},{"not_picked":["Hyperbeam","Steam","Rebound"],"picked":"SKIP","floor":30.0}],"player_experience":1044119,"relics_obtained":[{"floor":7.0,"key":"PreservedInsect"},{"floor":9.0,"key":"Bottled Lightning"},{"floor":24.0,"key":"Pen Nib"},{"floor":26.0,"key":"Bottled Tornado"},{"floor":30.0,"key":"Happy Flower"}],"event_choices":[{"damage_healed":0.0,"max_hp_gain":0.0,"max_hp_loss":0.0,"gold_gain":0.0,"event_name":"Liars Game","player_choice":"Ignored","floor":11.0,"gold_loss":0.0,"damage_taken":0.0},{"damage_healed":0.0,"max_hp_gain":0.0,"max_hp_loss":0.0,"gold_gain":0.0,"event_name":"The Mausoleum","player_choice":"Ignored","floor":19.0,"gold_loss":0.0,"damage_taken":0.0},{"damage_healed":0.0,"max_hp_gain":0.0,"max_hp_loss":0.0,"gold_gain":0.0,"event_name":"Lab","player_choice":"Got Potions","floor":21.0,"gold_loss":0.0,"damage_taken":0.0},{"damage_healed":0.0,"max_hp_gain":0.0,"max_hp_loss":0.0,"gold_gain":0.0,"event_name":"Addict","player_choice":"Obtained Relic","floor":28.0,"gold_loss":85.0,"damage_taken":0.0,"relics_obtained":["Ice Cream"]},{"damage_healed":0.0,"max_hp_gain":0.0,"max_hp_loss":0.0,"gold_gain":50.0,"event_name":"Golden Shrine","player_choice":"Pray","floor":31.0,"gold_loss":0.0,"damage_taken":0.0}],"is_beta":false,"boss_relics":[{"not_picked":["Velvet Choker","Black Star"],"picked":"White Beast Statue"}],"items_purged_floors":[],"is_endless":false,"potions_floor_spawned":[1,2,5,7,13,18,20,22,24,25,30],"killed_by":"Collector","ascension_level":20}