{"gold_per_floor":[119,18,38,53,70,70,102,121,146,146,180,198,212,247,247,319,319,335,119,138,158,158,158,158,158,158,158],"floor_reached":27,"playtime":1139,"items_purged":["Injury"],"score":480,"play_id":"f5f2ec64-8f88-459e-8568-a46d3e06f880","local_time":"20190801105736","is_ascension_mode":true,"campfire_choices":[{"data":"Whirlwind","floor":6.0,"key":"SMITH"},{"data":"True Grit","floor":15.0,"key":"SMITH"},{"data":"Apotheosis","floor":23,"key":"SMITH"},{"data":"Limit Break","floor":25,"key":"SMITH"}],"neow_cost":"CURSE","seed_source_timestamp":0,"circlet_count":0,"master_deck":["AscendersBane","Defend_R","Defend_R","Defend_R","Defend_R","Bash","Carnage","Clothesline","Pommel Strike","Iron Wave+1","Whirlwind+1","Ghostly Armor","Sword Boomerang","True Grit+1","Disarm","Limit Break+1","Thunderclap","Apotheosis+1","Ghostly Armor","Bite","Bite","Bite","Bite","Bite","Headbutt"],"special_seed":0,"relics":["Black Blood","Magic Flower","Bag of Marbles","Anchor","Vajra","Bronze Scales","Boot"],"potions_floor_usage":[27],"damage_taken":[{"damage":10.0,"enemies":"Small Slimes","floor":1.0,"turns":4.0},{"damage":6.0,"enemies":"Cultist","floor":3.0,"turns":3.0},{"damage":1.0,"enemies":"2 Louse","floor":4.0,"turns":3.0},{"damage":19.0,"enemies":"Large Slime","floor":5.0,"turns":6.0},{"damage":36.0,"enemies":"Lagavulin","floor":7.0,"turns":6.0},{"damage":20.0,"enemies":"Exordium Thugs","floor":8.0,"turns":3.0},{"damage":0.0,"enemies":"Gremlin Nob","floor":11.0,"turns":3.0},{"damage":1.0,"enemies":"Looter","floor":12.0,"turns":2.0},{"damage":0.0,"enemies":"Red Slaver","floor":13.0,"turns":2.0},{"damage":20.0,"enemies":"Lagavulin","floor":14.0,"turns":6.0},{"damage":10.0,"enemies":"The Guardian","floor":16.0,"turns":13.0},{"damage":8.0,"enemies":"3 Byrds","floor":18.0,"turns":4.0},{"damage":2,"enemies":"Chosen","floor":20,"turns":3},{"damage":22,"enemies":"3 Cultists","floor":21,"turns":6},{"damage":71,"enemies":"Gremlin Leader","floor":27,"turns":8}],"seed_played":"444369044115757337","potions_obtained":[{"floor":1.0,"key":"Block Potion"},{"floor":3.0,"key":"AttackPotion"},{"floor":14.0,"key":"PowerPotion"}],"is_trial":false,"path_per_floor":["M","$","M","M","M","R","E","M","T","?","E","M","M","E","R","B",null,"M","$","M","M","?","R","?","R","T","E"],"character_chosen":"IRONCLAD","items_purchased":["Clothesline","Apotheosis","Ghostly Armor"],"campfire_rested":0,"item_purchase_floors":[2,19,19],"current_hp_per_floor":[67,67,70,75,65,65,38,27,27,27,36,44,53,42,42,41,67,74,74,75,68,52,52,52,52,52,0],"gold":158,"neow_bonus":"ONE_RARE_RELIC","is_prod":false,"is_daily":false,"chose_seed":false,"campfire_upgraded":4,"win_rate":0,"timestamp":1564628256,"path_taken":["M","$","M","M","M","R","E","M","T","?","E","M","?","E","R","BOSS","M","$","M","M","?","R","?","R","T","E"],"build_version":"2019-07-17","purchased_purges":1,"victory":false,"max_hp_per_floor":[75,75,75,75,75,75,75,75,75,75,75,75,75,75,75,75,75,75,75,75,75,52,52,52,52,52,52],"card_choices":[{"not_picked":["Twin Strike","Thunderclap"],"picked":"Carnage","floor":1.0},{"not_picked":["Clothesline","Clash"],"picked":"Pommel Strike","floor":3.0},{"not_picked":["Thunderclap","Sword Boomerang"],"picked":"Iron Wave","floor":4.0},{"not_picked":["Ghostly Armor","Warcry"],"picked":"Whirlwind","floor":5.0},{"not_picked":["Bludgeon","Havoc","Fire Breathing"],"picked":"SKIP","floor":7.0},{"not_picked":["Searing Blow","Pommel Strike","Anger"],"picked":"SKIP","floor":8.0},{"not_picked":["Twin Strike","Rupture"],"picked":"Ghostly Armor","floor":11.0},{"not_picked":["Sentinel","Seeing Red"],"picked":"Sword Boomerang","floor":12.0},{"not_picked":["Dropkick","Rupture"],"picked":"True Grit","floor":13.0},{"not_picked":["Feel No Pain","Carnage"],"picked":"Disarm","floor":14.0},{"not_picked":["Impervious","Feed"],"picked":"Limit Break","floor":16.0},{"not_picked":["Anger","Body Slam"],"picked":"Thunderclap","floor":18.0},{"not_picked":["Perfected Strike","Wild Strike","Fire Breathing"],"picked":"SKIP","floor":20},{"not_picked":["True Grit","Clash+1","Wild Strike"],"picked":"SKIP","floor":21}],"player_experience":872937,"relics_obtained":[{"floor":7.0,"key":"Bag of Marbles"},{"floor":9.0,"key":"Anchor"},{"floor":11.0,"key":"Vajra"},{"floor":14.0,"key":"Bronze Scales"},{"floor":26,"key":"Boot"}],"event_choices":[{"damage_healed":0.0,"max_hp_gain":0.0,"max_hp_loss":0.0,"gold_gain":0.0,"event_name":"Accursed Blacksmith","player_choice":"Forge","floor":10.0,"gold_loss":0.0,"damage_taken":0.0,"cards_upgraded":["Iron Wave"]},{"damage_healed":0,"gold_gain":0,"player_choice":"Became a vampire","damage_taken":0,"max_hp_gain":0,"max_hp_loss":23,"event_name":"Vampires","floor":22,"gold_loss":0,"cards_obtained":["Bite","Bite","Bite","Bite","Bite"]},{"damage_healed":0,"gold_gain":0,"player_choice":"Read","damage_taken":0,"max_hp_gain":0,"max_hp_loss":0,"event_name":"The Library","floor":24,"gold_loss":0,"cards_obtained":["Headbutt"]}],"is_beta":false,"boss_relics":[{"not_picked":["Cursed Key","Runic Dome"],"picked":"Black Blood"}],"items_purged_floors":[2],"is_endless":false,"potions_floor_spawned":[1,3,5,14],"killed_by":"Gremlin Leader","ascension_level":15}