{"gold_per_floor":[115,215,225,240,256,286,286,317,341,351,368,381,354,354,354,354],"floor_reached":16,"playtime":401,"items_purged":[],"score":120,"play_id":"b52727e0-cb26-4758-8264-627f78bc014f","local_time":"20190718170430","is_ascension_mode":true,"campfire_choices":[{"floor":7,"key":"REST"},{"floor":15,"key":"REST"}],"neow_cost":"NONE","seed_source_timestamp":621778546589220,"circlet_count":0,"master_deck":["Strike_B","Strike_B","Strike_B","Strike_B","Defend_B","Defend_B","Defend_B","Defend_B","Zap","Dualcast","Sweeping Beam","Go for the Eyes","Static Discharge","Go for the Eyes"],"relics":["Busted Crown","Emotion Chip","Potion Belt","Blood Vial"],"potions_floor_usage":[6,6,12],"damage_taken":[{"damage":6,"enemies":"Jaw Worm","floor":1,"turns":4},{"damage":0,"enemies":"Cultist","floor":3,"turns":4},{"damage":0,"enemies":"Small Slimes","floor":4,"turns":3},{"damage":7,"enemies":"Looter","floor":5,"turns":4},{"damage":85,"enemies":"Gremlin Nob","floor":6,"turns":6},{"damage":26,"enemies":"3 Sentries","floor":8,"turns":8},{"damage":0,"enemies":"3 Louse","floor":10,"turns":3},{"damage":9,"enemies":"Exordium Wildlife","floor":11,"turns":3},{"damage":0,"enemies":"Lots of Slimes","floor":12,"turns":3},{"damage":28,"enemies":"The Guardian","floor":16,"turns":6}],"seed_played":"-7922851491974609273","potions_obtained":[{"floor":4,"key":"Regen Potion"},{"floor":5,"key":"Regen Potion"},{"floor":10,"key":"Dexterity Potion"}],"is_trial":false,"path_per_floor":["M","?","M","M","M","E","R","E","T","M","M","M","?","?","R","B"],"character_chosen":"DEFECT","items_purchased":[],"campfire_rested":2,"item_purchase_floors":[],"current_hp_per_floor":[69,69,69,69,62,11,33,7,7,9,2,4,4,4,26,0],"gold":354,"neow_bonus":"BOSS_RELIC","is_prod":false,"is_daily":false,"chose_seed":false,"campfire_upgraded":0,"win_rate":0,"timestamp":1563487470,"path_taken":["M","?","M","?","M","E","R","E","T","M","M","M","?","?","R","BOSS"],"build_version":"2019-07-17","purchased_purges":0,"victory":false,"max_hp_per_floor":[75,75,75,75,75,75,75,75,75,75,75,75,75,75,75,75],"card_choices":[{"not_picked":["Barrage"],"picked":"SKIP","floor":1},{"not_picked":[],"picked":"Sweeping Beam","floor":3},{"not_picked":["Aggregate"],"picked":"SKIP","floor":4},{"not_picked":["Compile Driver"],"picked":"SKIP","floor":5},{"not_picked":["Barrage"],"picked":"SKIP","floor":6},{"not_picked":[],"picked":"Go for the Eyes","floor":8},{"not_picked":[],"picked":"Static Discharge","floor":10},{"not_picked":[],"picked":"Go for the Eyes","floor":11},{"not_picked":["Turbo"],"picked":"SKIP","floor":12}],"player_experience":119576,"relics_obtained":[{"floor":6,"key":"Emotion Chip"},{"floor":8,"key":"Potion Belt"},{"floor":9,"key":"Blood Vial"}],"event_choices":[{"damage_healed":0,"gold_gain":100,"player_choice":"Pray","damage_taken":0,"max_hp_gain":0,"max_hp_loss":0,"event_name":"Golden Shrine","floor":2,"gold_loss":0},{"damage_healed":0,"gold_gain":0,"player_choice":"Left Gold","damage_taken":0,"max_hp_gain":0,"max_hp_loss":0,"event_name":"World of Goop","floor":13,"gold_loss":27},{"damage_healed":0,"gold_gain":0,"player_choice":"Ignored","damage_taken":0,"max_hp_gain":0,"max_hp_loss":0,"event_name":"Golden Wing","floor":14,"gold_loss":0}],"is_beta":false,"boss_relics":[],"items_purged_floors":[],"is_endless":false,"potions_floor_spawned":[4,5,10],"killed_by":"The Guardian","ascension_level":1}