{"path_per_floor":["M","M","?","$","M","R","E","M","T","R","M","E","?","M","R","B",null,"M","$","?","M","?","R"],"character_chosen":"DEFECT","items_purchased":["Meat on the Bone"],"gold_per_floor":[117,136,136,61,75,75,106,117,117,117,127,161,161,178,178,279,279,291,50,50,70,70,70,70],"floor_reached":24,"campfire_rested":1,"playtime":894,"current_hp_per_floor":[67,60,60,60,58,58,26,18,18,40,32,17,42,42,42,34,65,53,53,53,53,39,39,0],"items_purged":["Strike_B"],"gold":70,"score":299,"play_id":"c716ee19-cd94-4797-a57c-fb4cf6f5a4ef","local_time":"20180518111031","is_prod":false,"is_daily":false,"chose_seed":false,"is_ascension_mode":true,"campfire_upgraded":3,"timestamp":1526634631,"campfire_choices":[{"data":"Beam Cell","floor":6,"key":"SMITH"},{"floor":10,"key":"REST"},{"data":"Gash","floor":15,"key":"SMITH"},{"data":"Chill","floor":23,"key":"SMITH"}],"path_taken":["M","M","?","$","M","R","E","M","T","R","M","E","?","M","R","BOSS","M","$","?","M","?","R","E"],"build_version":"2018-05-17","seed_source_timestamp":25675762251965,"purchased_purges":1,"victory":false,"master_deck":["Strike_B","Strike_B","Strike_B","Defend_B","Defend_B","Defend_B","Defend_B","Zap+1","Dualcast","Melter","Beam Cell+1","Gash+1","Conserve Battery","Chill+1","Go for the Eyes","Sweeping Beam","Rebound","Hologram","Skim"],"max_hp_per_floor":[75,75,75,75,75,75,75,75,75,75,75,75,75,75,75,75,75,75,75,75,75,80,80,80],"relics":["Cracked Core","Darkstone Periapt","Question Card","Pantograph","Cursed Key","Meat on the Bone"],"card_choices":[{"not_picked":["Axe Kick","Force Field"],"picked":"Melter","floor":1},{"not_picked":["Stack","Melter","Heatsinks"],"picked":"SKIP","floor":2},{"not_picked":["Darkness","Auto Shields"],"picked":"Beam Cell","floor":5},{"not_picked":["Nova","Blizzard"],"picked":"Gash","floor":7},{"not_picked":["Skim","Auto Shields"],"picked":"Conserve Battery","floor":8},{"not_picked":["Auto Shields","Sweeping Beam","Rebound"],"picked":"Chill","floor":11},{"not_picked":["Conserve Battery","Axe Kick","Melter"],"picked":"Go for the Eyes","floor":12},{"not_picked":["Lockon","Streamline","Beam Cell"],"picked":"Sweeping Beam","floor":14},{"not_picked":["Stack","Streamline","Force Field"],"picked":"Rebound","floor":18},{"not_picked":["Steam Power","Fusion","Redo"],"picked":"Skim","floor":21}],"player_experience":684939,"potions_floor_usage":[8,24],"damage_taken":[{"damage":1,"enemies":"2 Louse","floor":1,"turns":2},{"damage":7,"enemies":"Small Slimes","floor":2,"turns":3},{"damage":2,"enemies":"Jaw Worm","floor":5,"turns":3},{"damage":32,"enemies":"Gremlin Nob","floor":7,"turns":4},{"damage":8,"enemies":"Exordium Thugs","floor":8,"turns":2},{"damage":8,"enemies":"2 Fungi Beasts","floor":11,"turns":3},{"damage":15,"enemies":"Lagavulin","floor":12,"turns":6},{"damage":0,"enemies":"Large Slime","floor":14,"turns":5},{"damage":33,"enemies":"The Guardian","floor":16,"turns":13},{"damage":12,"enemies":"Chosen","floor":18,"turns":4},{"damage":0,"enemies":"Spheric Guardian","floor":21,"turns":1},{"damage":43,"enemies":"Gremlin Leader","floor":24,"turns":10}],"relics_obtained":[{"floor":7,"key":"Darkstone Periapt"},{"floor":9,"key":"Question Card"},{"floor":12,"key":"Pantograph"}],"event_choices":[{"event_name":"Liars Game","player_choice":"disagreed","floor":3,"damage_taken":0},{"event_name":"Big Fish","player_choice":"Banana","floor":13,"damage_taken":0},{"event_name":"The Library","player_choice":"Read","floor":20,"damage_taken":0},{"event_name":"Forgotten Altar","player_choice":"Shed Blood","floor":22,"damage_taken":0}],"boss_relics":[{"not_picked":["Philosopher\u0027s Stone","Black Star"],"picked":"Cursed Key"}],"potions_floor_spawned":[1,5,16,21],"seed_played":"-1794733409609609991","killed_by":"Gremlin Leader","ascension_level":9,"potions_obtained":[{"floor":1,"key":"Poison Potion"},{"floor":5,"key":"Energy Potion"},{"floor":16,"key":"Ancient Potion"},{"floor":21,"key":"Fire Potion"}],"is_trial":false}