{"gold_per_floor":[111,122,122,142,159,159,334,334,359,359,393,343,355,388,388,489,489,500,550,560,571,581,608,608,624,624,635,652,670,681,681],"floor_reached":31,"playtime":1301,"items_purged":[],"score":273,"play_id":"7aa5acf9-1c00-4f43-af6a-018d3d782bee","local_time":"20190711151640","is_ascension_mode":false,"campfire_choices":[{"data":"Defragment","floor":6.0,"key":"SMITH"},{"data":"Zap","floor":10.0,"key":"SMITH"},{"floor":15.0,"key":"REST"},{"floor":24,"key":"REST"}],"neow_cost":"NONE","seed_source_timestamp":0,"circlet_count":0,"master_deck":["Defend_B","Defend_B+1","Defend_B","Defend_B","Zap+1","Dualcast+1","Sweeping Beam","Ball Lightning","Cold Snap","Defragment+1","Cold Snap","Coolheaded","Buffer","Ball Lightning","Capacitor","Genetic Algorithm","Glacier","Sunder","Rainbow","Leap","Conserve Battery+1","Capacitor","Conserve Battery","Rip and Tear+1","Doom and Gloom+1","Blizzard+1","Barrage"],"special_seed":0,"relics":["Empty Cage","Centennial Puzzle","Juzu Bracelet","War Paint","Orrery","Happy Flower","Mummified Hand"],"potions_floor_usage":[31,31],"damage_taken":[{"damage":0.0,"enemies":"Jaw Worm","floor":1.0,"turns":5.0},{"damage":11.0,"enemies":"2 Louse","floor":2.0,"turns":4.0},{"damage":2.0,"enemies":"Small Slimes","floor":4.0,"turns":3.0},{"damage":17.0,"enemies":"3 Louse","floor":5.0,"turns":3.0},{"damage":4.0,"enemies":"Gremlin Nob","floor":11.0,"turns":3.0},{"damage":8.0,"enemies":"Gremlin Gang","floor":13.0,"turns":3.0},{"damage":7.0,"enemies":"3 Sentries","floor":14.0,"turns":4.0},{"damage":29.0,"enemies":"The Guardian","floor":16.0,"turns":13.0},{"damage":0,"enemies":"Chosen","floor":18,"turns":7},{"damage":24,"enemies":"3 Byrds","floor":20,"turns":6},{"damage":1,"enemies":"Centurion and Healer","floor":21,"turns":10},{"damage":1,"enemies":"Shelled Parasite and Fungi","floor":22,"turns":9},{"damage":27,"enemies":"Book of Stabbing","floor":23,"turns":10},{"damage":2,"enemies":"Snecko","floor":25,"turns":5},{"damage":2,"enemies":"Centurion and Healer","floor":27,"turns":9},{"damage":1,"enemies":"Shelled Parasite and Fungi","floor":28,"turns":6},{"damage":10,"enemies":"Cultist and Chosen","floor":29,"turns":7},{"damage":17,"enemies":"Snake Plant","floor":30,"turns":5},{"damage":16,"enemies":"Masked Bandits","floor":31,"turns":3}],"seed_played":"-4886720617881923578","potions_obtained":[{"floor":1.0,"key":"SpeedPotion"},{"floor":2.0,"key":"Poison Potion"},{"floor":16.0,"key":"FocusPotion"},{"floor":22,"key":"Swift Potion"}],"is_trial":false,"path_per_floor":["M","M","?","M","M","R","?","?","T","R","E","?","M","E","R","B",null,"M","?","M","M","M","E","R","M","T","M","M","M","M","?"],"character_chosen":"DEFECT","items_purchased":[],"campfire_rested":2,"item_purchase_floors":[],"current_hp_per_floor":[75,64,57,55,38,38,38,38,38,38,34,34,26,19,41,12,75,75,75,51,50,49,22,44,42,42,40,39,29,12,0],"gold":681,"neow_bonus":"BOSS_RELIC","is_prod":false,"is_daily":false,"chose_seed":false,"campfire_upgraded":2,"win_rate":0.0,"timestamp":1562876200,"path_taken":["M","M","?","M","M","R","?","?","T","R","E","?","M","E","R","BOSS","M","?","M","M","M","E","R","M","T","M","M","M","M","?"],"build_version":"2019-07-05","purchased_purges":0,"victory":false,"max_hp_per_floor":[75,75,75,75,75,75,75,75,75,75,75,75,75,75,75,75,75,75,75,75,75,75,75,75,75,75,75,75,75,75,75],"card_choices":[{"not_picked":["Hello World","Undo"],"picked":"Sweeping Beam","floor":1.0},{"not_picked":["Sweeping Beam","Turbo"],"picked":"Ball Lightning","floor":2.0},{"not_picked":["Darkness","Lockon"],"picked":"Cold Snap","floor":4.0},{"not_picked":["Gash","Skim"],"picked":"Defragment","floor":5.0},{"not_picked":["Force Field","Steam Power"],"picked":"Cold Snap","floor":11.0},{"not_picked":["Streamline","Rebound","Beam Cell"],"picked":"SKIP","floor":13.0},{"not_picked":["Leap","Multi-Cast"],"picked":"Coolheaded","floor":14.0},{"not_picked":["Seek","All For One"],"picked":"Buffer","floor":16.0},{"not_picked":["Gash","Redo"],"picked":"Ball Lightning","floor":17},{"not_picked":["Compile Driver","Sweeping Beam"],"picked":"Capacitor","floor":17},{"not_picked":["Ball Lightning","Steam"],"picked":"Genetic Algorithm","floor":17},{"not_picked":["Recycle","Fusion"],"picked":"Glacier","floor":17},{"not_picked":["Stack","Compile Driver"],"picked":"Sunder","floor":17},{"not_picked":["Go for the Eyes","Redo+1"],"picked":"Rainbow","floor":18},{"not_picked":["Compile Driver","Fusion"],"picked":"Leap","floor":20},{"not_picked":["Streamline","FTL+1"],"picked":"Conserve Battery+1","floor":21},{"not_picked":["Loop+1","Steam"],"picked":"Capacitor","floor":22},{"not_picked":["Gash","Turbo","Fusion"],"picked":"SKIP","floor":23},{"not_picked":["Turbo","Barrage"],"picked":"Conserve Battery","floor":25},{"not_picked":["Compile Driver+1","Reboot"],"picked":"Rip and Tear+1","floor":27},{"not_picked":["Beam Cell","Leap"],"picked":"Doom and Gloom+1","floor":28},{"not_picked":["Compile Driver+1","Cold Snap"],"picked":"Blizzard+1","floor":29},{"not_picked":["Double Energy","All For One"],"picked":"Barrage","floor":30}],"player_experience":74509,"relics_obtained":[{"floor":9.0,"key":"Centennial Puzzle"},{"floor":11.0,"key":"Juzu Bracelet"},{"floor":14.0,"key":"War Paint"},{"floor":23,"key":"Happy Flower"},{"floor":26,"key":"Mummified Hand"}],"event_choices":[{"cards_removed":["Strike_B"],"damage_healed":0.0,"max_hp_gain":0.0,"max_hp_loss":0.0,"gold_gain":0.0,"event_name":"Golden Wing","player_choice":"Card Removal","floor":3.0,"gold_loss":0.0,"damage_taken":7.0},{"damage_healed":0.0,"max_hp_gain":0.0,"max_hp_loss":0.0,"gold_gain":175.0,"event_name":"Liars Game","player_choice":"AGREE","floor":7.0,"gold_loss":0.0,"damage_taken":0.0,"cards_obtained":["Doubt"]},{"cards_removed":["Strike_B"],"damage_healed":0.0,"max_hp_gain":0.0,"max_hp_loss":0.0,"gold_gain":0.0,"event_name":"Purifier","player_choice":"Purged","floor":8.0,"gold_loss":0.0,"damage_taken":0.0},{"cards_removed":["Doubt"],"damage_healed":0.0,"max_hp_gain":0.0,"max_hp_loss":0.0,"gold_gain":0.0,"event_name":"The Cleric","player_choice":"Card Removal","floor":12.0,"gold_loss":50.0,"damage_taken":0.0},{"damage_healed":0,"gold_gain":100,"player_choice":"Bet on Murderer","damage_taken":0,"max_hp_gain":0,"max_hp_loss":0,"event_name":"The Joust","floor":19,"gold_loss":50},{"damage_healed":0,"gold_gain":0,"player_choice":"Fought Bandits","damage_taken":0,"max_hp_gain":0,"max_hp_loss":0,"event_name":"Masked Bandits","floor":31,"gold_loss":0}],"is_beta":false,"boss_relics":[{"not_picked":["Astrolabe","Tiny House"],"picked":"Orrery"}],"items_purged_floors":[],"is_endless":false,"potions_floor_spawned":[1,2,16,22,23,25,29,30],"killed_by":"Masked Bandits","ascension_level":0}