{"gold_per_floor":[210,210,225,97,110,135,155,155,155,155],"floor_reached":10,"playtime":388,"items_purged":["Strike_B"],"score":71,"play_id":"babd02e3-5bf5-436e-9a36-8516d970995c","local_time":"20190109170950","is_ascension_mode":true,"campfire_choices":[{"floor":8,"key":"RECALL"}],"neow_cost":"NONE","seed_source_timestamp":244054693229676,"circlet_count":0,"master_deck":["Strike_B","Strike_B","Strike_B","Defend_B","Defend_B","Defend_B","Defend_B","Zap","Dualcast","Sweeping Beam","Compile Driver","Genetic Algorithm","Core Surge","Cold Snap","Coolheaded"],"special_seed":0,"relics":["Cracked Core","Prayer Wheel"],"potions_floor_usage":[7,7],"damage_taken":[{"damage":0.0,"enemies":"Small Slimes","floor":1.0,"turns":3.0},{"damage":0,"enemies":"Cultist","floor":3,"turns":3},{"damage":2,"enemies":"2 Louse","floor":5,"turns":2},{"damage":65,"enemies":"3 Sentries","floor":6,"turns":9},{"damage":0,"enemies":"Lots of Slimes","floor":7,"turns":2},{"damage":12,"enemies":"Large Slime","floor":10,"turns":2}],"seed_played":"2500408522995803908","potions_obtained":[{"floor":3,"key":"SpeedPotion"},{"floor":6,"key":"LiquidBronze"}],"is_trial":false,"path_per_floor":["M","?","M","$","M","E","M","R","T","M"],"character_chosen":"DEFECT","items_purchased":["Compile Driver"],"campfire_rested":0,"item_purchase_floors":[4],"current_hp_per_floor":[75,68,68,68,66,1,1,1,1,0],"gold":155,"neow_bonus":"HUNDRED_GOLD","is_prod":false,"is_daily":false,"chose_seed":false,"campfire_upgraded":0,"win_rate":0,"timestamp":1547050190,"path_taken":["M","?","M","$","M","E","M","R","T","?"],"build_version":"2019-01-03v4","purchased_purges":1,"victory":false,"max_hp_per_floor":[75,75,75,75,75,75,75,75,75,75],"card_choices":[{"not_picked":["Barrage","Reprogram"],"picked":"Sweeping Beam","floor":1.0},{"not_picked":["Steam Power","Sunder","Lockon"],"picked":"SKIP","floor":3},{"not_picked":["Ball Lightning","Loop"],"picked":"Genetic Algorithm","floor":5},{"not_picked":["Reinforced Body","Heatsinks"],"picked":"Core Surge","floor":6},{"not_picked":["Consume","Loop"],"picked":"Cold Snap","floor":7},{"not_picked":["Self Repair","Cold Snap"],"picked":"Coolheaded","floor":7}],"player_experience":644911,"relics_obtained":[{"floor":6,"key":"Prayer Wheel"}],"event_choices":[{"damage_healed":0,"gold_gain":0,"player_choice":"Damaged","damage_taken":7,"max_hp_gain":0,"max_hp_loss":0,"event_name":"Wheel of Change","floor":2,"gold_loss":0}],"is_beta":false,"boss_relics":[],"items_purged_floors":[4],"is_endless":false,"potions_floor_spawned":[3,6],"killed_by":"Large Slime","ascension_level":1}