{"gold_per_floor":[109,109,126,139,158,158,191,207,207,207,219,19,39,55,55,157,157,175,90,0,14,14,14,27,27,27,27,27],"floor_reached":28,"playtime":1738,"items_purged":["Strike_R"],"score":325,"play_id":"02f64d51-2d88-44bd-8ef9-99f1264675da","local_time":"20190721205107","is_ascension_mode":true,"campfire_choices":[{"data":"Searing Blow","floor":6,"key":"SMITH"},{"data":"Searing Blow+1","floor":10,"key":"SMITH"},{"data":"Searing Blow+2","floor":15,"key":"SMITH"},{"floor":23,"key":"REST"},{"floor":25,"key":"REST"}],"neow_cost":"NONE","seed_source_timestamp":348208336964016,"circlet_count":0,"master_deck":["Strike_R","Strike_R+1","Defend_R","Defend_R","Defend_R","Defend_R","Bash+1","Pommel Strike","Searing Blow+3","Impervious","Headbutt","Armaments","Demon Form","Dual Wield","Whirlwind"],"relics":["Burning Blood","Whetstone","Smiling Mask","Pear","Pen Nib","Empty Cage","Calipers","Question Card","Toxic Egg 2"],"potions_floor_usage":[7,13,16,18,24,24],"damage_taken":[{"damage":3,"enemies":"Small Slimes","floor":1,"turns":3},{"damage":6,"enemies":"Cultist","floor":3,"turns":3},{"damage":8,"enemies":"Jaw Worm","floor":4,"turns":4},{"damage":10,"enemies":"Large Slime","floor":5,"turns":5},{"damage":16,"enemies":"Gremlin Nob","floor":7,"turns":3},{"damage":7,"enemies":"3 Louse","floor":8,"turns":3},{"damage":8,"enemies":"Red Slaver","floor":11,"turns":3},{"damage":11,"enemies":"Large Slime","floor":13,"turns":6},{"damage":7,"enemies":"3 Louse","floor":14,"turns":3},{"damage":38,"enemies":"The Guardian","floor":16,"turns":8},{"damage":38,"enemies":"3 Byrds","floor":18,"turns":7},{"damage":25,"enemies":"Spheric Guardian","floor":21,"turns":4},{"damage":45,"enemies":"Chosen and Byrds","floor":24,"turns":6},{"damage":46,"enemies":"Centurion and Healer","floor":28,"turns":7}],"seed_played":"670717451662950293","potions_obtained":[{"floor":1,"key":"Swift Potion"},{"floor":5,"key":"Fruit Juice"},{"floor":11,"key":"EssenceOfSteel"},{"floor":13,"key":"Strength Potion"},{"floor":18,"key":"Weak Potion"},{"floor":21,"key":"Ancient Potion"}],"is_trial":false,"path_per_floor":["M","?","M","M","M","R","E","M","T","R","M","$","M","M","R","B",null,"M","?","?","M","$","R","M","R","T","?","M"],"character_chosen":"IRONCLAD","items_purchased":["Pen Nib"],"campfire_rested":2,"item_purchase_floors":[12],"current_hp_per_floor":[75,75,75,73,69,69,64,63,73,73,71,71,66,65,65,33,80,48,48,48,29,29,57,18,46,46,46,0],"gold":27,"neow_bonus":"RANDOM_COMMON_RELIC","is_prod":false,"is_daily":false,"chose_seed":false,"campfire_upgraded":3,"win_rate":0,"timestamp":1563767467,"path_taken":["M","?","M","M","M","R","E","M","T","R","M","$","?","M","R","BOSS","M","?","?","M","$","R","M","R","T","?","M"],"build_version":"2019-07-05","purchased_purges":1,"victory":false,"max_hp_per_floor":[80,80,80,80,80,80,85,85,95,95,95,95,95,95,95,95,95,95,95,95,95,95,95,95,95,95,95,95],"card_choices":[{"not_picked":["Infernal Blade","Body Slam","Havoc"],"picked":"SKIP","floor":1},{"not_picked":["True Grit","Clothesline"],"picked":"Pommel Strike","floor":3},{"not_picked":["Reckless Charge","Clothesline"],"picked":"Searing Blow","floor":4},{"not_picked":["Body Slam","Anger","Wild Strike"],"picked":"SKIP","floor":5},{"not_picked":["Intimidate","Dual Wield"],"picked":"Impervious","floor":7},{"not_picked":["Seeing Red","Second Wind"],"picked":"Headbutt","floor":8},{"not_picked":["Reckless Charge","Seeing Red","Twin Strike"],"picked":"SKIP","floor":11},{"not_picked":["Warcry","Corruption","Twin Strike"],"picked":"SKIP","floor":13},{"not_picked":["Heavy Blade","Rage"],"picked":"Armaments","floor":14},{"not_picked":["Dark Embrace","Limit Break"],"picked":"Demon Form","floor":16},{"not_picked":["Fire Breathing","Clash"],"picked":"Dual Wield","floor":18},{"not_picked":["Wild Strike","Anger+1"],"picked":"Whirlwind","floor":21},{"not_picked":["True Grit","Infernal Blade","Reckless Charge"],"picked":"SKIP","floor":24}],"player_experience":93146,"relics_obtained":[{"floor":7,"key":"Smiling Mask"},{"floor":9,"key":"Pear"},{"floor":26,"key":"Question Card"}],"event_choices":[{"damage_healed":0,"gold_gain":0,"player_choice":"Bought 0 Potions","damage_taken":0,"max_hp_gain":0,"max_hp_loss":0,"event_name":"The Woman in Blue","floor":2,"gold_loss":0},{"damage_healed":0,"gold_gain":0,"player_choice":"Obtained Relic","damage_taken":0,"relics_obtained":["Calipers"],"max_hp_gain":0,"max_hp_loss":0,"event_name":"Addict","floor":19,"gold_loss":85},{"damage_healed":0,"gold_gain":0,"player_choice":"Paid Fearfully","damage_taken":0,"max_hp_gain":0,"max_hp_loss":0,"event_name":"Masked Bandits","floor":20,"gold_loss":90},{"damage_healed":0,"gold_gain":0,"player_choice":"Opened","damage_taken":0,"relics_obtained":["Toxic Egg 2"],"max_hp_gain":0,"max_hp_loss":0,"event_name":"The Mausoleum","floor":27,"gold_loss":0}],"is_beta":false,"boss_relics":[{"not_picked":["Runic Pyramid","Calling Bell"],"picked":"Empty Cage"}],"items_purged_floors":[12],"is_endless":false,"potions_floor_spawned":[1,5,11,13,18,21],"killed_by":"Centurion and Healer","ascension_level":7}