{"gold_per_floor":[112,112,387,5,21,21,36,69,93,126,141,169,169,180,180,284,284,302,67,67,67,67,67,82,138,138,138],"floor_reached":27,"playtime":1511,"items_purged":["Regret","Strike_R"],"score":398,"play_id":"54768f0b-2e96-42d1-ba93-63eb633bb586","local_time":"20190726201524","is_ascension_mode":true,"campfire_choices":[{"data":"Bash","floor":6,"key":"SMITH"},{"floor":15,"key":"REST"},{"data":"Apotheosis","floor":23,"key":"SMITH"}],"neow_cost":"NONE","seed_source_timestamp":778295325632170,"circlet_count":0,"master_deck":["AscendersBane","Strike_R+1","Strike_R+1","Strike_R+1","Strike_R+1","Defend_R+1","Defend_R+1","Defend_R+1","Defend_R+1","Bash+1","Inflame","Clothesline+1","True Grit+1","Seeing Red","Shrug It Off","Spot Weakness","Impervious","Feel No Pain","Limit Break","Warcry+1","Apotheosis+1","Necronomicurse","Bloodletting+1"],"relics":["Burning Blood","NeowsBlessing","Ice Cream","War Paint","Smiling Mask","Kunai","Anchor","Black Star","Necronomicon","Tiny Chest","Art of War","Blue Candle"],"potions_floor_usage":[11],"damage_taken":[{"damage":0,"enemies":"Cultist","floor":1,"turns":1},{"damage":0,"enemies":"Jaw Worm","floor":5,"turns":1},{"damage":0,"enemies":"Small Slimes","floor":7,"turns":1},{"damage":50,"enemies":"3 Sentries","floor":8,"turns":8},{"damage":5,"enemies":"Lagavulin","floor":10,"turns":6},{"damage":14,"enemies":"Exordium Thugs","floor":11,"turns":4},{"damage":20,"enemies":"Gremlin Nob","floor":12,"turns":5},{"damage":0,"enemies":"Large Slime","floor":14,"turns":3},{"damage":28,"enemies":"The Guardian","floor":16,"turns":12},{"damage":8,"enemies":"Shell Parasite","floor":18,"turns":7},{"damage":6,"enemies":"Spheric Guardian","floor":24,"turns":4},{"damage":45,"enemies":"Book of Stabbing","floor":25,"turns":6},{"damage":8,"enemies":"Snake Plant","floor":27,"turns":2}],"seed_played":"4094139381725796238","potions_obtained":[{"floor":1,"key":"Energy Potion"},{"floor":11,"key":"FearPotion"},{"floor":14,"key":"SpeedPotion"}],"is_trial":false,"path_per_floor":["M","?","?","$","M","R","M","E","T","E","M","E","?","M","R","B",null,"M","$","?","$","?","R","M","E","T","M"],"character_chosen":"IRONCLAD","items_purchased":["Ice Cream","Apotheosis"],"campfire_rested":1,"item_purchase_floors":[4,19],"current_hp_per_floor":[78,62,62,62,68,68,74,30,30,31,23,9,9,15,39,17,64,62,62,62,62,46,46,46,7,7,0],"gold":138,"neow_bonus":"THREE_ENEMY_KILL","is_prod":false,"is_daily":false,"chose_seed":false,"campfire_upgraded":2,"win_rate":0,"timestamp":1564197324,"path_taken":["M","?","?","$","M","R","?","E","T","E","M","E","?","M","R","BOSS","M","$","?","$","?","R","?","E","T","?"],"build_version":"2019-07-18","purchased_purges":2,"victory":false,"max_hp_per_floor":[80,80,80,80,80,80,80,80,80,80,80,80,80,80,80,80,80,80,80,80,80,80,80,80,80,80,80],"card_choices":[{"not_picked":["Bloodletting","Armaments"],"picked":"Inflame","floor":1},{"not_picked":["Wild Strike","Sword Boomerang"],"picked":"Clothesline","floor":5},{"not_picked":["Warcry","Pummel"],"picked":"True Grit","floor":7},{"not_picked":["Clash","Inflame"],"picked":"Seeing Red","floor":8},{"not_picked":["Headbutt","Power Through"],"picked":"Shrug It Off","floor":10},{"not_picked":["Combust","Havoc"],"picked":"Spot Weakness","floor":11},{"not_picked":["Metallicize","Burning Pact"],"picked":"Impervious","floor":12},{"not_picked":["Evolve","Sever Soul"],"picked":"Feel No Pain","floor":14},{"not_picked":["Berserk","Barricade"],"picked":"Limit Break","floor":16},{"not_picked":["Rage","Pommel Strike"],"picked":"Warcry+1","floor":18},{"not_picked":["Body Slam","Dual Wield+1"],"picked":"Bloodletting+1","floor":24},{"not_picked":["Body Slam","Thunderclap","Burning Pact"],"picked":"SKIP","floor":25}],"player_experience":198285,"relics_obtained":[{"floor":8,"key":"War Paint"},{"floor":9,"key":"Smiling Mask"},{"floor":10,"key":"Kunai"},{"floor":12,"key":"Anchor"},{"floor":22,"key":"Necronomicon"},{"floor":25,"key":"Tiny Chest"},{"floor":25,"key":"Art of War"},{"floor":26,"key":"Blue Candle"}],"event_choices":[{"damage_healed":0,"gold_gain":0,"player_choice":"Entered Light","damage_taken":16,"max_hp_gain":0,"max_hp_loss":0,"event_name":"Shining Light","floor":2,"gold_loss":0,"cards_upgraded":["Defend_R","Strike_R"]},{"damage_healed":0,"gold_gain":275,"player_choice":"Desecrate","damage_taken":0,"max_hp_gain":0,"max_hp_loss":0,"event_name":"Golden Shrine","floor":3,"gold_loss":0,"cards_obtained":["Regret"]},{"damage_healed":0,"gold_gain":0,"player_choice":"Upgraded","damage_taken":0,"max_hp_gain":0,"max_hp_loss":0,"event_name":"Upgrade Shrine","floor":13,"gold_loss":0,"cards_upgraded":["Clothesline"]},{"damage_healed":0,"gold_gain":0,"player_choice":"Simplicity","damage_taken":0,"max_hp_gain":0,"max_hp_loss":0,"event_name":"Back to Basics","floor":20,"gold_loss":0,"cards_upgraded":["Strike_R","Strike_R","Strike_R","Defend_R","Defend_R"]},{"damage_healed":0,"gold_gain":0,"player_choice":"Obtained Book","damage_taken":16,"max_hp_gain":0,"max_hp_loss":0,"event_name":"Cursed Tome","floor":22,"gold_loss":0}],"is_beta":true,"boss_relics":[{"not_picked":["Tiny House","Runic Dome"],"picked":"Black Star"}],"items_purged_floors":[4,19],"is_endless":false,"potions_floor_spawned":[1,11,14,16,25],"killed_by":"Snake Plant","ascension_level":12}