{"gold_per_floor":[119,119,44,61,61,61,71,81,81,95,124,138,138,138,138,210,210,229,241,54,54],"floor_reached":21,"playtime":841,"items_purged":["Strike_R","Defend_R"],"score":362,"play_id":"4a179a02-c240-4d53-a643-948c6ff309d2","local_time":"20190224224940","is_ascension_mode":true,"campfire_choices":[{"data":"Inflame","floor":6.0,"key":"SMITH"},{"data":"Limit Break","floor":13.0,"key":"SMITH"},{"data":"Battle Trance","floor":15.0,"key":"SMITH"}],"neow_cost":"NONE","seed_source_timestamp":1473223618722727,"circlet_count":0,"master_deck":["AscendersBane","Strike_R","Strike_R","Defend_R","Defend_R","Defend_R","Bash+1","Headbutt","Inflame+1","Battle Trance+1","Shrug It Off","Cleave","Limit Break+1","Rampage","Brutality+1","Rupture+1"],"special_seed":0,"relics":["Burning Blood","Frozen Egg 2","Blue Candle","Busted Crown"],"potions_floor_usage":[19,21,21],"damage_taken":[{"damage":10.0,"enemies":"2 Louse","floor":1.0,"turns":4.0},{"damage":1.0,"enemies":"Cultist","floor":4.0,"turns":3.0},{"damage":15.0,"enemies":"Small Slimes","floor":7.0,"turns":3.0},{"damage":13.0,"enemies":"Exordium Wildlife","floor":8.0,"turns":2.0},{"damage":12.0,"enemies":"3 Louse","floor":10.0,"turns":3.0},{"damage":12.0,"enemies":"Lagavulin","floor":11.0,"turns":4.0},{"damage":3.0,"enemies":"Blue Slaver","floor":12.0,"turns":5.0},{"damage":19.0,"enemies":"The Guardian","floor":16.0,"turns":11.0},{"damage":2,"enemies":"Chosen","floor":18,"turns":3},{"damage":30,"enemies":"Shell Parasite","floor":19,"turns":4},{"damage":67,"enemies":"Shelled Parasite and Fungi","floor":21,"turns":3}],"seed_played":"-6537161829351271514","potions_obtained":[{"floor":8.0,"key":"Fire Potion"},{"floor":11.0,"key":"Swift Potion"},{"floor":12.0,"key":"Fire Potion"},{"floor":19,"key":"Poison Potion"}],"is_trial":false,"path_per_floor":["M","?","$","M","?","R","M","M","T","M","E","M","R","?","R","B",null,"M","M","$","M"],"character_chosen":"IRONCLAD","items_purchased":["Rupture+1"],"campfire_rested":0,"item_purchase_floors":[20],"current_hp_per_floor":[64,64,64,69,69,69,60,53,53,47,41,44,44,44,44,31,64,68,44,44,0],"gold":54,"neow_bonus":"REMOVE_CARD","is_prod":false,"is_daily":false,"chose_seed":false,"campfire_upgraded":3,"win_rate":0,"timestamp":1551044980,"path_taken":["M","?","$","?","?","R","M","M","T","M","E","M","R","?","R","BOSS","M","M","$","M"],"build_version":"2019-01-23","purchased_purges":2,"victory":false,"max_hp_per_floor":[75,75,75,75,75,75,75,75,75,75,75,75,75,75,75,75,75,75,75,75,75],"card_choices":[{"not_picked":["Rupture","Body Slam"],"picked":"Headbutt","floor":1.0},{"not_picked":["Thunderclap","Rupture"],"picked":"Inflame","floor":4.0},{"not_picked":["Wild Strike","Havoc"],"picked":"Battle Trance","floor":7.0},{"not_picked":["Sentinel","Havoc"],"picked":"Shrug It Off","floor":8.0},{"not_picked":["Flex","Iron Wave"],"picked":"Cleave","floor":10.0},{"not_picked":["Dropkick","Anger","Reckless Charge"],"picked":"SKIP","floor":11.0},{"not_picked":["Shockwave","True Grit"],"picked":"Limit Break","floor":12.0},{"not_picked":["Juggernaut+1","Feed"],"picked":"Brutality+1","floor":16.0},{"not_picked":["Wild Strike"],"picked":"SKIP","floor":18},{"not_picked":["Shrug It Off"],"picked":"SKIP","floor":19}],"player_experience":897365,"relics_obtained":[{"floor":9.0,"key":"Frozen Egg 2"},{"floor":11.0,"key":"Blue Candle"}],"event_choices":[{"damage_healed":0.0,"max_hp_gain":0.0,"max_hp_loss":0.0,"gold_gain":0.0,"event_name":"Accursed Blacksmith","player_choice":"Forge","floor":2.0,"gold_loss":0.0,"damage_taken":0.0,"cards_upgraded":["Bash"]},{"damage_healed":0.0,"max_hp_gain":0.0,"max_hp_loss":0.0,"gold_gain":0.0,"event_name":"The Cleric","player_choice":"Leave","floor":5.0,"gold_loss":0.0,"damage_taken":0.0},{"damage_healed":0.0,"max_hp_gain":0.0,"max_hp_loss":0.0,"gold_gain":0.0,"cards_transformed":["Strike_R"],"event_name":"Transmorgrifier","player_choice":"Transformed","floor":14.0,"gold_loss":0.0,"damage_taken":0.0,"cards_obtained":["Rampage"]}],"is_beta":false,"boss_relics":[{"not_picked":["Velvet Choker","Pandora\u0027s Box"],"picked":"Busted Crown"}],"items_purged_floors":[3,20],"is_endless":false,"potions_floor_spawned":[8,11,12,16,19],"killed_by":"Shelled Parasite and Fungi","ascension_level":20}