{"gold_per_floor":[116,131,131,206,206,216,247,270,282,310,333,345,367,344,356,471,483,514,100,68,68,68,95,95,112,112,36,36,36,49,67,67,67],"floor_reached":33,"playtime":2009,"items_purged":[],"score":332,"play_id":"a197c901-69af-449c-bb7b-ab2bbe025977","local_time":"20190717002600","daily_mods":["SealedDeck","Heirloom"],"is_ascension_mode":true,"campfire_choices":[{"data":"Disarm","floor":12.0,"key":"SMITH"},{"data":"Feed","floor":15.0,"key":"SMITH"},{"floor":24.0,"key":"REST"},{"data":"1","floor":29,"key":"LIFT"},{"data":"2","floor":32,"key":"LIFT"}],"neow_cost":"","seed_source_timestamp":0,"circlet_count":0,"master_deck":["Shrug It Off","Shrug It Off","Iron Wave","Iron Wave","Clothesline","Clothesline","Disarm+1","Intimidate","Clothesline","Dual Wield","Metallicize","Entrench","Shrug It Off","Disarm","Shrug It Off","Feed+1","Berserk","Fire Breathing","Shrug It Off","Infernal Blade+1","Power Through+1","Dual Wield","Fire Breathing+1","Heavy Blade+1","Corruption+1"],"special_seed":0,"relics":["Burning Blood","Torii","MawBank","Sozu","Bronze Scales","Frozen Egg 2","Girya","Molten Egg 2","Nloth\u0027s Gift"],"potions_floor_usage":[30],"damage_taken":[{"damage":2.0,"enemies":"Jaw Worm","floor":1.0,"turns":5.0},{"damage":2.0,"enemies":"Cultist","floor":2.0,"turns":5.0},{"damage":0.0,"enemies":"2 Louse","floor":6.0,"turns":3.0},{"damage":27.0,"enemies":"Gremlin Nob","floor":7.0,"turns":7.0},{"damage":0.0,"enemies":"Blue Slaver","floor":8.0,"turns":4.0},{"damage":0.0,"enemies":"3 Louse","floor":10.0,"turns":5.0},{"damage":13.0,"enemies":"Exordium Thugs","floor":11.0,"turns":8.0},{"damage":1.0,"enemies":"2 Fungi Beasts","floor":13.0,"turns":5.0},{"damage":79.0,"enemies":"Slime Boss","floor":16.0,"turns":37.0},{"damage":0.0,"enemies":"3 Byrds","floor":18.0,"turns":10.0},{"damage":18.0,"enemies":"2 Thieves","floor":20.0,"turns":5.0},{"damage":65.0,"enemies":"Slavers","floor":23.0,"turns":7.0},{"damage":16,"enemies":"3 Cultists","floor":25,"turns":7},{"damage":1,"enemies":"Chosen and Byrds","floor":30,"turns":7},{"damage":2,"enemies":"Snake Plant","floor":31,"turns":4},{"damage":66,"enemies":"Collector","floor":33,"turns":6}],"seed_played":"510382532901638410","potions_obtained":[{"floor":2.0,"key":"SpeedPotion"},{"floor":8.0,"key":"Weak Potion"},{"floor":11.0,"key":"EssenceOfSteel"},{"floor":13.0,"key":"Block Potion"},{"floor":16.0,"key":"SteroidPotion"}],"is_trial":true,"path_per_floor":["M","M","$","?","$","M","E","M","T","M","M","R","M","?","R","B",null,"M","$","M","?","?","E","R","M","T","$","?","R","M","M","R","B"],"character_chosen":"IRONCLAD","items_purchased":["Shrug It Off","Bronze Scales","Frozen Egg 2","Fire Breathing+1"],"campfire_rested":1,"item_purchase_floors":[19,19,19,27],"current_hp_per_floor":[80,80,80,72,72,78,57,63,63,69,62,62,67,80,80,15,88,88,88,76,76,76,21,48,42,42,42,42,42,47,55,55,0],"gold":67,"neow_bonus":"","is_prod":false,"is_daily":false,"chose_seed":false,"campfire_upgraded":2,"win_rate":0,"timestamp":1563341160,"path_taken":["M","M","$","?","$","M","E","M","T","M","?","R","M","?","R","BOSS","M","$","M","?","?","E","R","M","T","$","?","R","M","M","R","BOSS"],"build_version":"2019-07-05","purchased_purges":0,"victory":false,"max_hp_per_floor":[80,80,80,80,80,80,80,80,80,80,80,80,80,80,80,88,88,88,88,88,88,88,92,92,96,96,96,96,96,96,100,100,100],"card_choices":[{"not_picked":["Pummel","Clash"],"picked":"Dual Wield","floor":1.0},{"not_picked":["Perfected Strike","Sword Boomerang","Flex"],"picked":"SKIP","floor":2.0},{"not_picked":["Body Slam","Twin Strike"],"picked":"Metallicize","floor":6.0},{"not_picked":["Twin Strike","Second Wind"],"picked":"Entrench","floor":7.0},{"not_picked":["Heavy Blade","Havoc"],"picked":"Shrug It Off","floor":8.0},{"not_picked":["Armaments","Headbutt"],"picked":"Disarm","floor":10.0},{"not_picked":["Wild Strike","Searing Blow"],"picked":"Shrug It Off","floor":11.0},{"not_picked":["Clothesline","Burning Pact"],"picked":"Feed","floor":13.0},{"not_picked":["Bludgeon","Impervious"],"picked":"Berserk","floor":16.0},{"not_picked":["Warcry+1","Perfected Strike+1"],"picked":"Fire Breathing","floor":18.0},{"not_picked":["Wild Strike","Warcry"],"picked":"Infernal Blade+1","floor":20.0},{"not_picked":["Entrench","Clothesline"],"picked":"Power Through+1","floor":23.0},{"not_picked":["Pommel Strike","Intimidate"],"picked":"Dual Wield","floor":25},{"not_picked":["Second Wind","Rampage+1"],"picked":"Heavy Blade+1","floor":30},{"not_picked":["Pommel Strike+1","Sentinel"],"picked":"Corruption+1","floor":31}],"player_experience":99965,"relics_obtained":[{"floor":7.0,"key":"MawBank"},{"floor":9.0,"key":"Ornamental Fan"},{"floor":23.0,"key":"Girya"},{"floor":26,"key":"Molten Egg 2"}],"event_choices":[{"damage_healed":0.0,"max_hp_gain":0.0,"max_hp_loss":0.0,"gold_gain":75.0,"event_name":"FaceTrader","player_choice":"Touch","floor":4.0,"gold_loss":0.0,"damage_taken":8.0},{"damage_healed":20.0,"max_hp_gain":0.0,"max_hp_loss":0.0,"gold_gain":0.0,"event_name":"The Cleric","player_choice":"Healed","floor":14.0,"gold_loss":35.0,"damage_taken":0.0},{"cards_removed":["Shrug It Off"],"damage_healed":0.0,"max_hp_gain":0.0,"max_hp_loss":0.0,"gold_gain":0.0,"event_name":"Back to Basics","player_choice":"Elegance","floor":21.0,"gold_loss":0.0,"damage_taken":0.0},{"damage_healed":0.0,"max_hp_gain":0.0,"max_hp_loss":0.0,"gold_gain":0.0,"event_name":"Ghosts","player_choice":"Ignored","floor":22.0,"gold_loss":0.0,"damage_taken":0.0},{"damage_healed":0,"gold_gain":0,"player_choice":"Traded Relic","damage_taken":0,"relics_obtained":["Nloth\u0027s Gift"],"max_hp_gain":0,"max_hp_loss":0,"event_name":"N\u0027loth","floor":28,"relics_lost":["Ornamental Fan"],"gold_loss":0}],"is_beta":false,"boss_relics":[{"not_picked":["Astrolabe","Empty Cage"],"picked":"Sozu"}],"items_purged_floors":[],"is_endless":true,"potions_floor_spawned":[2,8,11,13,16,20,23,31],"killed_by":"Collector","ascension_level":1}