{"gold_per_floor":[117,117,131,141,155,155,155,155,178,178,71,87,117,117,117,217,217,234,246,6,6,81,81,115,125,148,148,48,48,48],"floor_reached":30,"playtime":1910,"items_purged":["Writhe","Decay"],"score":258,"play_id":"482cbce0-281e-4158-a6eb-dc56b5abe2be","local_time":"20190716164913","is_ascension_mode":true,"campfire_choices":[{"data":"Defragment","floor":6,"key":"SMITH"},{"data":"Capacitor","floor":8,"key":"SMITH"},{"data":"Chaos","floor":10,"key":"SMITH"},{"data":"Defragment","floor":15,"key":"SMITH"},{"data":"Apotheosis","floor":23,"key":"SMITH"},{"data":"Buffer","floor":27,"key":"SMITH"}],"neow_cost":"NONE","seed_source_timestamp":424873429620973,"circlet_count":0,"master_deck":["Strike_B","Strike_B","Strike_B","Strike_B","Defend_B","Defend_B","Defend_B+1","Defend_B","Zap","Dualcast+1","BootSequence+1","Capacitor+1","Defragment+1","Chaos+1","Defragment+1","Rip and Tear","Buffer+1","Doubt","Leap","Steam Power+1","Apotheosis+1","Creative AI","Melter"],"relics":["Cracked Core","War Paint","Bottled Tornado","Calling Bell","Pen Nib","Dodecahedron","Gambling Chip","Omamori","Bottled Lightning","Boot"],"potions_floor_usage":[13,16,30],"damage_taken":[{"damage":1,"enemies":"Jaw Worm","floor":1,"turns":4},{"damage":1,"enemies":"Cultist","floor":3,"turns":4},{"damage":0,"enemies":"2 Louse","floor":4,"turns":3},{"damage":9,"enemies":"Blue Slaver","floor":5,"turns":5},{"damage":0,"enemies":"3 Louse","floor":12,"turns":4},{"damage":34,"enemies":"Gremlin Nob","floor":13,"turns":5},{"damage":51,"enemies":"The Guardian","floor":16,"turns":8},{"damage":47,"enemies":"3 Byrds","floor":18,"turns":5},{"damage":17,"enemies":"Spheric Guardian","floor":19,"turns":4},{"damage":1,"enemies":"Book of Stabbing","floor":24,"turns":6},{"damage":2,"enemies":"Snecko","floor":25,"turns":4},{"damage":18,"enemies":"Gremlin Leader","floor":30,"turns":2}],"seed_played":"-8390859949027060844","potions_obtained":[{"floor":1,"key":"SteroidPotion"},{"floor":3,"key":"Poison Potion"},{"floor":5,"key":"Regen Potion"},{"floor":12,"key":"Regen Potion"},{"floor":16,"key":"SteroidPotion"},{"floor":19,"key":"Fire Potion"}],"is_trial":false,"path_per_floor":["M","?","M","M","M","R","?","R","T","R","$","M","E","T","R","B",null,"M","M","$","?","?","R","E","M","T","R","$","?","E"],"character_chosen":"DEFECT","items_purchased":["Defragment","Rip and Tear","Apotheosis"],"campfire_rested":0,"item_purchase_floors":[11,11,20],"current_hp_per_floor":[81,81,80,80,71,71,76,76,76,76,76,76,54,54,54,17,87,40,23,23,23,15,15,14,12,12,12,12,12,0],"gold":48,"neow_bonus":"TEN_PERCENT_HP_BONUS","is_prod":false,"is_daily":false,"chose_seed":false,"campfire_upgraded":6,"win_rate":0,"timestamp":1563310153,"path_taken":["M","?","M","M","?","R","?","R","T","R","$","M","E","?","R","BOSS","M","M","$","?","?","R","E","?","T","R","?","?","E"],"build_version":"2019-07-05","purchased_purges":2,"victory":false,"max_hp_per_floor":[82,82,82,82,82,82,87,87,87,87,87,87,87,87,87,87,87,87,87,87,87,87,87,87,87,87,87,87,87,87],"card_choices":[{"not_picked":["Go for the Eyes","Turbo"],"picked":"BootSequence","floor":1},{"not_picked":["Blizzard","Steam"],"picked":"Capacitor","floor":3},{"not_picked":["Streamline","Stack"],"picked":"Defragment","floor":4},{"not_picked":["Turbo","Leap"],"picked":"Chaos","floor":5},{"not_picked":["Streamline","Redo","Force Field"],"picked":"SKIP","floor":12},{"not_picked":["Turbo","FTL","Reprogram"],"picked":"SKIP","floor":13},{"not_picked":["Rainbow","Fission"],"picked":"Buffer","floor":16},{"not_picked":["Conserve Battery","Gash"],"picked":"Leap","floor":18},{"not_picked":["Conserve Battery","Compile Driver+1"],"picked":"Steam Power+1","floor":19},{"not_picked":["Melter","Lockon"],"picked":"Creative AI","floor":24},{"not_picked":["Rebound","Reprogram"],"picked":"Melter","floor":25}],"player_experience":160651,"relics_obtained":[{"floor":13,"key":"War Paint"},{"floor":14,"key":"Bottled Tornado"},{"floor":17,"key":"Pen Nib"},{"floor":17,"key":"Dodecahedron"},{"floor":17,"key":"Gambling Chip"},{"floor":24,"key":"Bottled Lightning"},{"floor":26,"key":"Boot"}],"event_choices":[{"damage_healed":0,"gold_gain":0,"player_choice":"Forge","damage_taken":0,"max_hp_gain":0,"max_hp_loss":0,"event_name":"Accursed Blacksmith","floor":2,"gold_loss":0,"cards_upgraded":["BootSequence"]},{"damage_healed":0,"gold_gain":0,"player_choice":"Donut","damage_taken":0,"max_hp_gain":5,"max_hp_loss":0,"event_name":"Big Fish","floor":7,"gold_loss":0},{"damage_healed":0,"gold_gain":0,"player_choice":"Opened","damage_taken":0,"relics_obtained":["Omamori"],"max_hp_gain":0,"max_hp_loss":0,"event_name":"The Mausoleum","floor":21,"gold_loss":0},{"damage_healed":0,"gold_gain":75,"player_choice":"Touch","damage_taken":8,"max_hp_gain":0,"max_hp_loss":0,"event_name":"FaceTrader","floor":22,"gold_loss":0},{"damage_healed":0,"gold_gain":0,"player_choice":"Ignored","damage_taken":0,"max_hp_gain":0,"max_hp_loss":0,"event_name":"Vampires","floor":29,"gold_loss":0}],"is_beta":false,"boss_relics":[{"not_picked":["Velvet Choker","Snecko Eye"],"picked":"Calling Bell"}],"items_purged_floors":[20,28],"is_endless":false,"potions_floor_spawned":[1,3,5,12,16,19],"killed_by":"Gremlin Leader","ascension_level":1}