{"gold_per_floor":[111,111,111,87,87,87,101,101,128,128,145,156,173,186,186,257,257,270,270,185,232,247,247,258,258,258,269,282,282,99,116,116,190,190,207,157,177,190,202,202,202],"floor_reached":41,"playtime":1819,"items_purged":["Strike_B","Strike_B"],"score":774,"play_id":"5c1d503d-c47e-43c6-bbe1-1c43fa5a94f2","local_time":"20190225222915","is_ascension_mode":true,"campfire_choices":[{"data":"Zap","floor":6.0,"key":"SMITH"},{"data":"Coolheaded","floor":8.0,"key":"SMITH"},{"data":"Steam","floor":10.0,"key":"SMITH"},{"data":"Coolheaded","floor":15.0,"key":"SMITH"},{"floor":23.0,"key":"REST"},{"data":"Dualcast","floor":25.0,"key":"SMITH"},{"data":"Defragment","floor":29,"key":"SMITH"},{"data":"Defragment","floor":32,"key":"SMITH"},{"floor":40,"key":"REST"}],"neow_cost":"TEN_PERCENT_HP_LOSS","seed_source_timestamp":1528026279665777,"circlet_count":0,"master_deck":["AscendersBane","Defend_B","Defend_B","Zap+1","Dualcast+1","Steam+1","Coolheaded+1","Gash","Gash","Gash","Coolheaded+1","Machine Learning","Defragment+1","Defragment+1","Turbo","Defragment","Seek","FTL","Coolheaded+1"],"special_seed":0,"relics":["Cracked Core","Bag of Preparation","Smiling Mask","Sozu","Anchor","Art of War","Shuriken","Inserter"],"potions_floor_usage":[37],"damage_taken":[{"damage":2.0,"enemies":"Small Slimes","floor":1.0,"turns":3.0},{"damage":0.0,"enemies":"2 Louse","floor":7.0,"turns":3.0},{"damage":0.0,"enemies":"Cultist","floor":11.0,"turns":3.0},{"damage":0.0,"enemies":"2 Fungi Beasts","floor":12.0,"turns":2.0},{"damage":6.0,"enemies":"Blue Slaver","floor":13.0,"turns":3.0},{"damage":0.0,"enemies":"Large Slime","floor":14.0,"turns":4.0},{"damage":7.0,"enemies":"The Guardian","floor":16.0,"turns":7.0},{"damage":13.0,"enemies":"Chosen","floor":18.0,"turns":4.0},{"damage":5.0,"enemies":"Shell Parasite","floor":22.0,"turns":3.0},{"damage":7.0,"enemies":"Snecko","floor":24.0,"turns":6.0},{"damage":4.0,"enemies":"Cultist and Chosen","floor":27.0,"turns":5.0},{"damage":10,"enemies":"Snake Plant","floor":28,"turns":4},{"damage":9,"enemies":"Centurion and Healer","floor":31,"turns":6},{"damage":3,"enemies":"Collector","floor":33,"turns":9},{"damage":10,"enemies":"3 Darklings","floor":35,"turns":5},{"damage":12,"enemies":"3 Shapes","floor":37,"turns":4},{"damage":18,"enemies":"Sphere and 2 Shapes","floor":38,"turns":6},{"damage":10,"enemies":"Maw","floor":39,"turns":7},{"damage":31,"enemies":"Reptomancer","floor":41,"turns":2}],"seed_played":"4113552486647116576","potions_obtained":[{"floor":7.0,"key":"GamblersBrew"},{"floor":11.0,"key":"SteroidPotion"}],"is_trial":false,"path_per_floor":["M","?","?","$","?","R","M","R","T","R","M","M","M","M","R","B",null,"M","?","?","T","M","R","M","R","T","M","M","R","$","M","R","B",null,"M","$","M","M","M","R","E"],"character_chosen":"DEFECT","items_purchased":["Coolheaded","Defragment","Turbo"],"campfire_rested":2,"item_purchase_floors":[4,30,30],"current_hp_per_floor":[62,55,50,50,50,50,50,50,50,50,50,50,44,44,44,37,57,44,44,44,44,39,58,51,51,51,47,37,37,37,28,28,25,54,44,44,32,14,4,23,0],"gold":202,"neow_bonus":"REMOVE_TWO","is_prod":false,"is_daily":false,"chose_seed":false,"campfire_upgraded":7,"win_rate":0,"timestamp":1551130155,"path_taken":["M","?","?","$","?","R","M","R","T","R","M","M","M","?","R","BOSS","M","?","?","?","M","R","M","R","T","M","M","R","$","M","R","BOSS","M","$","M","M","M","R","E"],"build_version":"2019-01-23","purchased_purges":2,"victory":false,"max_hp_per_floor":[64,64,64,64,64,64,64,64,64,64,64,64,64,64,64,64,64,64,64,64,64,64,64,64,64,64,64,64,64,64,64,64,64,64,64,64,64,64,64,64,64],"card_choices":[{"not_picked":["Consume","Rebound"],"picked":"Steam","floor":1.0},{"not_picked":["Lockon","Reinforced Body"],"picked":"Gash","floor":7.0},{"not_picked":["Hologram","Chaos"],"picked":"Gash","floor":11.0},{"not_picked":["Leap","Barrage"],"picked":"Gash","floor":12.0},{"not_picked":["Recycle","Go for the Eyes"],"picked":"Coolheaded","floor":13.0},{"not_picked":["Streamline","Hologram","Rebound"],"picked":"SKIP","floor":14.0},{"not_picked":["Core Surge","All For One"],"picked":"Machine Learning","floor":16.0},{"not_picked":["Steam","Undo","Compile Driver"],"picked":"SKIP","floor":18.0},{"not_picked":["Auto Shields+1","Compile Driver","Chill"],"picked":"SKIP","floor":22.0},{"not_picked":["Steam","Barrage","Turbo"],"picked":"SKIP","floor":24.0},{"not_picked":["Ball Lightning","Rip and Tear","Aggregate"],"picked":"SKIP","floor":27.0},{"not_picked":["Sweeping Beam","Streamline"],"picked":"Defragment","floor":28},{"not_picked":["Beam Cell","Thunder Strike"],"picked":"Defragment","floor":31},{"not_picked":["Hyperbeam","Reboot"],"picked":"Seek","floor":33},{"not_picked":["Sunder","Stack","Rebound"],"picked":"SKIP","floor":35},{"not_picked":["Reprogram+1","Barrage"],"picked":"FTL","floor":37},{"not_picked":["Turbo","Reprogram","Hologram"],"picked":"SKIP","floor":38},{"not_picked":["Go for the Eyes+1","Turbo"],"picked":"Coolheaded+1","floor":39}],"player_experience":900417,"relics_obtained":[{"floor":9.0,"key":"Smiling Mask"},{"floor":21.0,"key":"Art of War"},{"floor":26.0,"key":"Shuriken"}],"event_choices":[{"cards_removed":["Defend_B"],"damage_healed":0.0,"max_hp_gain":0.0,"max_hp_loss":0.0,"gold_gain":0.0,"event_name":"Golden Wing","player_choice":"Card Removal","floor":2.0,"gold_loss":0.0,"damage_taken":7.0},{"damage_healed":0.0,"max_hp_gain":0.0,"max_hp_loss":0.0,"gold_gain":0.0,"event_name":"Scrap Ooze","player_choice":"Success","floor":3.0,"gold_loss":0.0,"damage_taken":5.0,"relics_obtained":["Bag of Preparation"]},{"cards_removed":["Strike_B"],"damage_healed":0.0,"max_hp_gain":0.0,"max_hp_loss":0.0,"gold_gain":0.0,"event_name":"Bonfire Elementals","player_choice":"Offered Basic","floor":5.0,"gold_loss":0.0,"damage_taken":0.0},{"damage_healed":0.0,"max_hp_gain":0.0,"max_hp_loss":0.0,"gold_gain":0.0,"event_name":"The Mausoleum","player_choice":"Ignored","floor":19.0,"gold_loss":0.0,"damage_taken":0.0},{"damage_healed":0.0,"max_hp_gain":0.0,"max_hp_loss":0.0,"gold_gain":0.0,"event_name":"Addict","player_choice":"Obtained Relic","floor":20.0,"gold_loss":85.0,"damage_taken":0.0,"relics_obtained":["Anchor"]}],"is_beta":false,"boss_relics":[{"not_picked":["Calling Bell","Runic Dome"],"picked":"Sozu"},{"not_picked":["Tiny House","Lizard Tail"],"picked":"Inserter"}],"items_purged_floors":[30,36],"is_endless":false,"potions_floor_spawned":[7,11,14,16,22,33,37],"killed_by":"Reptomancer","ascension_level":20}