{"gold_per_floor":[116,116,116,126,126,156,156,182,182,182,21,34,34,34,34,111,111,124,124,124,138,59,59,88,13,60,60,77,77,102,112,112,112],"floor_reached":33,"playtime":1211,"items_purged":[],"score":644,"play_id":"928122ea-745c-4afc-b099-06cab8a8a1a9","local_time":"20190221123313","is_ascension_mode":true,"campfire_choices":[{"data":"Bash","floor":10.0,"key":"SMITH"},{"data":"Seeing Red","floor":15.0,"key":"SMITH"},{"data":"Exhume","floor":23.0,"key":"SMITH"},{"data":"True Grit","floor":27,"key":"SMITH"},{"data":"Burning Pact","floor":32,"key":"SMITH"}],"neow_cost":"NONE","seed_source_timestamp":1264365663666062,"circlet_count":0,"master_deck":["AscendersBane","Strike_R","Strike_R","Defend_R","Defend_R","Defend_R","Bash+1","Twin Strike","Brutality","Iron Wave","Seeing Red+1","Exhume+1","Sever Soul+1","Bludgeon+1","Carnage+1","Disarm","Second Wind+1","Ghostly Armor","True Grit+1","Blood for Blood+1","Flame Barrier+1","Burning Pact+1"],"special_seed":0,"relics":["Burning Blood","NeowsBlessing","Dead Branch","Orichalcum","Art of War","Ginger","Vajra","Astrolabe","Incense Burner","PreservedInsect","Molten Egg 2","Bag of Preparation","Happy Flower"],"potions_floor_usage":[33,33],"damage_taken":[{"damage":0.0,"enemies":"Small Slimes","floor":1.0,"turns":1.0},{"damage":0.0,"enemies":"Jaw Worm","floor":4.0,"turns":1.0},{"damage":0.0,"enemies":"3 Sentries","floor":6.0,"turns":2.0},{"damage":22.0,"enemies":"Gremlin Nob","floor":8.0,"turns":4.0},{"damage":1.0,"enemies":"Cultist","floor":12.0,"turns":2.0},{"damage":40.0,"enemies":"The Guardian","floor":16.0,"turns":10.0},{"damage":9.0,"enemies":"Chosen","floor":18.0,"turns":3.0},{"damage":23.0,"enemies":"2 Thieves","floor":21.0,"turns":3.0},{"damage":12,"enemies":"Slavers","floor":24,"turns":6},{"damage":30,"enemies":"Shelled Parasite and Fungi","floor":28,"turns":7},{"damage":6,"enemies":"Book of Stabbing","floor":30,"turns":5},{"damage":1,"enemies":"Snake Plant","floor":31,"turns":3},{"damage":34,"enemies":"Collector","floor":33,"turns":8}],"seed_played":"-8925522010074464912","potions_obtained":[{"floor":1.0,"key":"SkillPotion"},{"floor":6.0,"key":"Fire Potion"},{"floor":16.0,"key":"FearPotion"},{"floor":28,"key":"Block Potion"},{"floor":30,"key":"GamblersBrew"}],"is_trial":false,"path_per_floor":["M","?","?","M","$","E","?","E","T","R","$","M","$","?","R","B",null,"M","?","?","M","$","R","E","?","T","R","M","$","E","M","R","B"],"character_chosen":"IRONCLAD","items_purchased":["Vajra","Ghostly Armor"],"campfire_rested":0,"item_purchase_floors":[11,22],"current_hp_per_floor":[74,74,74,75,75,75,64,48,48,48,48,53,53,58,58,24,66,63,63,63,46,46,46,40,40,40,40,16,16,16,21,21,0],"gold":112,"neow_bonus":"THREE_ENEMY_KILL","is_prod":false,"is_daily":false,"chose_seed":false,"campfire_upgraded":5,"win_rate":0,"timestamp":1550748793,"path_taken":["M","?","?","?","?","E","?","E","T","R","$","M","$","?","R","BOSS","M","?","?","?","$","R","E","?","T","R","M","$","E","M","R","BOSS"],"build_version":"2019-01-23","purchased_purges":0,"victory":false,"max_hp_per_floor":[75,75,75,75,75,75,75,75,75,75,75,75,75,80,80,80,80,80,80,80,80,80,80,80,80,80,80,80,80,80,80,80,80],"card_choices":[{"not_picked":["Feel No Pain","Anger"],"picked":"Twin Strike","floor":1.0},{"not_picked":["Twin Strike","Body Slam","Clothesline"],"picked":"SKIP","floor":4.0},{"not_picked":["Blood for Blood","Perfected Strike","Brutality"],"picked":"SKIP","floor":6.0},{"not_picked":["Thunderclap","Berserk"],"picked":"Iron Wave","floor":8.0},{"not_picked":["Shrug It Off","Havoc"],"picked":"Seeing Red","floor":12.0},{"not_picked":["Brutality","Immolate"],"picked":"Exhume","floor":16.0},{"not_picked":["Cleave","Flex"],"picked":"Disarm","floor":18.0},{"not_picked":["Heavy Blade","Reckless Charge"],"picked":"Second Wind+1","floor":21.0},{"not_picked":["Heavy Blade","Searing Blow"],"picked":"True Grit","floor":24},{"not_picked":["Power Through","Infernal Blade"],"picked":"Blood for Blood+1","floor":28},{"not_picked":["Flex","Dual Wield"],"picked":"Flame Barrier+1","floor":30},{"not_picked":["Carnage+1","Uppercut+1"],"picked":"Burning Pact","floor":31}],"player_experience":845576,"relics_obtained":[{"floor":6.0,"key":"Dead Branch"},{"floor":8.0,"key":"Art of War"},{"floor":9.0,"key":"Ginger"},{"floor":24,"key":"Molten Egg 2"},{"floor":26,"key":"Bag of Preparation"},{"floor":30,"key":"Happy Flower"}],"event_choices":[{"cards_removed":["Strike_R"],"damage_healed":0.0,"max_hp_gain":0.0,"max_hp_loss":0.0,"gold_gain":0.0,"event_name":"Living Wall","player_choice":"Forget","floor":2.0,"gold_loss":0.0,"damage_taken":0.0},{"damage_healed":0.0,"max_hp_gain":0.0,"max_hp_loss":0.0,"gold_gain":0.0,"event_name":"Match and Keep!","player_choice":"1 cards matched","floor":3.0,"gold_loss":0.0,"damage_taken":0.0,"cards_obtained":["Brutality"]},{"damage_healed":0.0,"max_hp_gain":0.0,"max_hp_loss":0.0,"gold_gain":0.0,"event_name":"Scrap Ooze","player_choice":"Success","floor":7.0,"gold_loss":0.0,"damage_taken":11.0,"relics_obtained":["Orichalcum"]},{"damage_healed":0.0,"max_hp_gain":5.0,"max_hp_loss":0.0,"gold_gain":0.0,"event_name":"Big Fish","player_choice":"Donut","floor":14.0,"gold_loss":0.0,"damage_taken":0.0},{"damage_healed":0.0,"max_hp_gain":0.0,"max_hp_loss":0.0,"gold_gain":0.0,"event_name":"The Mausoleum","player_choice":"Opened","floor":19.0,"gold_loss":0.0,"damage_taken":0.0,"relics_obtained":["Incense Burner"],"cards_obtained":["Writhe"]},{"damage_healed":0.0,"max_hp_gain":0.0,"max_hp_loss":0.0,"gold_gain":0.0,"event_name":"WeMeetAgain","player_choice":"Gave Potion","floor":20.0,"gold_loss":0.0,"damage_taken":0.0,"relics_obtained":["PreservedInsect"]},{"cards_removed":["Writhe"],"damage_healed":0,"gold_gain":0,"player_choice":"Gave Gold","damage_taken":0,"max_hp_gain":0,"max_hp_loss":0,"event_name":"Beggar","floor":25,"gold_loss":75}],"is_beta":false,"boss_relics":[{"not_picked":["Black Blood","Runic Cube"],"picked":"Astrolabe"}],"items_purged_floors":[],"is_endless":false,"potions_floor_spawned":[1,6,16,28,30,31],"killed_by":"Collector","ascension_level":18}