{"path_per_floor":["M","M","?","?","M","R","M","M","T","R","M","R","E","M","R","B",null,"M","M","$","M","M","R"],"character_chosen":"DEFECT","items_purchased":["Bottled Tornado"],"gold_per_floor":[119,138,213,213,227,227,246,260,329,329,341,341,367,379,379,474,474,492,479,145,161,174,174,174],"floor_reached":24,"campfire_rested":1,"playtime":1352,"item_purchase_floors":[],"current_hp_per_floor":[74,74,63,63,61,61,61,36,36,36,25,47,38,33,33,19,61,61,38,38,45,32,38,0],"items_purged":["Strike_B"],"gold":174,"score":253,"play_id":"ebfdf339-9b50-42e3-ae8b-17907dd3b8f6","local_time":"20180607233805","is_prod":false,"is_daily":false,"chose_seed":false,"is_ascension_mode":true,"campfire_upgraded":4,"win_rate":0,"timestamp":1528407485,"campfire_choices":[{"data":"Coolheaded","floor":6.0,"key":"SMITH"},{"data":"Dualcast","floor":10.0,"key":"SMITH"},{"floor":12.0,"key":"REST"},{"data":"Barrage","floor":15.0,"key":"SMITH"},{"data":"Amplify","floor":23.0,"key":"SMITH"}],"path_taken":["M","?","?","?","?","R","M","M","T","R","M","R","E","M","R","BOSS","M","M","?","?","?","R","E"],"build_version":"2018-05-31","seed_source_timestamp":34894375181469,"purchased_purges":1,"victory":false,"master_deck":["Strike_B","Strike_B","Strike_B","Defend_B","Defend_B","Defend_B","Defend_B","Zap+1","Dualcast+1","Amplify+1","Compile Driver","Coolheaded+1","Heatsinks","Glacier","Barrage+1","Self Repair","Electrodynamics","Melter+1","Redo+1"],"max_hp_per_floor":[75,75,75,75,75,75,75,75,75,75,75,75,75,75,75,75,75,75,75,75,75,75,75,75],"relics":["Cracked Core","Mummified Hand","Ginger","Eternal Feather","Bottled Tornado"],"card_choices":[{"not_picked":["Fusion","Ball Lightning"],"picked":"Compile Driver","floor":1.0},{"not_picked":["Sweeping Beam","Undo"],"picked":"Coolheaded","floor":2.0},{"not_picked":["Double Energy","Steam","Hologram"],"picked":"SKIP","floor":5.0},{"not_picked":["Leap","Redo"],"picked":"Heatsinks","floor":7.0},{"not_picked":["Leap","Reinforced Body"],"picked":"Glacier","floor":8.0},{"not_picked":["Sunder","Consume","Hologram"],"picked":"SKIP","floor":11.0},{"not_picked":["Steam Power","Glacier"],"picked":"Barrage","floor":13.0},{"not_picked":["Redo","Sweeping Beam"],"picked":"Self Repair","floor":14.0},{"not_picked":["Seek","Fission"],"picked":"Electrodynamics","floor":16.0},{"not_picked":["Stack","Steam+1"],"picked":"Melter+1","floor":18.0},{"not_picked":["Turbo","Rip and Tear"],"picked":"Redo+1","floor":19.0},{"not_picked":["Barrage+1","Cold Snap+1","Scrape"],"picked":"SKIP","floor":21.0},{"not_picked":["Streamline","Compile Driver","Rebound+1"],"picked":"SKIP","floor":22.0}],"player_experience":555169,"potions_floor_usage":[24],"damage_taken":[{"damage":1.0,"enemies":"Cultist","floor":1.0,"turns":3.0},{"damage":0.0,"enemies":"Small Slimes","floor":2.0,"turns":3.0},{"damage":2.0,"enemies":"Jaw Worm","floor":5.0,"turns":4.0},{"damage":0.0,"enemies":"2 Fungi Beasts","floor":7.0,"turns":4.0},{"damage":25.0,"enemies":"Gremlin Gang","floor":8.0,"turns":5.0},{"damage":11.0,"enemies":"Exordium Thugs","floor":11.0,"turns":5.0},{"damage":9.0,"enemies":"Lagavulin","floor":13.0,"turns":7.0},{"damage":5.0,"enemies":"Lots of Slimes","floor":14.0,"turns":3.0},{"damage":21.0,"enemies":"The Guardian","floor":16.0,"turns":16.0},{"damage":14.0,"enemies":"3 Byrds","floor":18.0,"turns":5.0},{"damage":30.0,"enemies":"2 Thieves","floor":19.0,"turns":4.0},{"damage":0.0,"enemies":"3 Cultists","floor":21.0,"turns":2.0},{"damage":20.0,"enemies":"Cultist and Chosen","floor":22.0,"turns":4.0},{"damage":48,"enemies":"Book of Stabbing","floor":24,"turns":6}],"relics_obtained":[{"floor":9.0,"key":"Mummified Hand"},{"floor":13.0,"key":"Ginger"}],"event_choices":[{"event_name":"World of Goop","player_choice":"Gather Gold","floor":3.0,"damage_taken":0.0},{"event_name":"Accursed Blacksmith","player_choice":"Forge","floor":4.0,"damage_taken":0.0}],"boss_relics":[],"items_purged_floors":[],"potions_floor_spawned":[1,11,14,16,18,19,22],"seed_played":"5082354187812345233","killed_by":"Book of Stabbing","ascension_level":5,"potions_obtained":[{"floor":1.0,"key":"FearPotion"},{"floor":11.0,"key":"Strength Potion"},{"floor":14.0,"key":"FearPotion"},{"floor":16.0,"key":"LiquidBronze"},{"floor":19.0,"key":"AttackPotion"}],"is_trial":false}