{"gold_per_floor":[110,53,53,13,13,42,42,75,121,121,121,147,147,166,166,240,240,258,268,268,268],"floor_reached":21,"playtime":434,"items_purged":[],"score":475,"play_id":"d43621fd-2195-4b96-a13a-2b8d91a136a3","local_time":"20190118123522","is_ascension_mode":true,"campfire_choices":[{"data":"Coolheaded","floor":13,"key":"SMITH"},{"data":"Loop","floor":15,"key":"SMITH"}],"neow_cost":"NONE","seed_source_timestamp":779048027426325,"circlet_count":0,"master_deck":["AscendersBane","Defend_B","Defend_B","Defend_B","Defend_B","Zap+1","Dualcast","Ball Lightning","Coolheaded+1","Capacitor","Loop+1","Core Surge","Chill","Compile Driver","Redo","Bite","Bite","Bite","Bite","Bite"],"relics":["Cracked Core","NeowsBlessing","Dodecahedron","Darkstone Periapt","Vajra","Gremlin Horn","Frozen Egg 2","Inserter"],"potions_floor_usage":[17,19],"damage_taken":[{"damage":0,"enemies":"Small Slimes","floor":1,"turns":1},{"damage":0,"enemies":"3 Sentries","floor":6,"turns":1},{"damage":0,"enemies":"Lagavulin","floor":8,"turns":1},{"damage":23,"enemies":"3 Sentries","floor":12,"turns":5},{"damage":0,"enemies":"2 Louse","floor":14,"turns":2},{"damage":17,"enemies":"The Guardian","floor":16,"turns":11},{"damage":22,"enemies":"Spheric Guardian","floor":18,"turns":4},{"damage":40,"enemies":"3 Byrds","floor":19,"turns":3},{"damage":13,"enemies":"3 Cultists","floor":21,"turns":2}],"seed_played":"-2477099798578575726","potions_obtained":[{"floor":6,"key":"SpeedPotion"},{"floor":14,"key":"Explosive Potion"},{"floor":16,"key":"Fruit Juice"},{"floor":19,"key":"Block Potion"}],"is_trial":false,"path_per_floor":["M","$","?","$","?","E","?","E","T","?","T","E","R","M","R","B",null,"M","M","?","M"],"character_chosen":"DEFECT","items_purchased":["Coolheaded","Capacitor"],"campfire_rested":0,"item_purchase_floors":[2,4],"current_hp_per_floor":[64,64,43,43,48,48,67,67,67,67,67,44,44,44,44,27,67,45,5,5,0],"gold":268,"neow_bonus":"THREE_ENEMY_KILL","is_prod":false,"is_daily":false,"chose_seed":false,"campfire_upgraded":2,"win_rate":0,"timestamp":1547811322,"path_taken":["M","$","?","$","?","E","?","E","T","?","?","E","R","M","R","BOSS","M","?","?","M"],"build_version":"2019-01-17v2","purchased_purges":0,"victory":false,"max_hp_per_floor":[71,71,71,71,76,76,76,76,76,73,73,73,73,73,73,73,78,78,78,54,54],"card_choices":[{"not_picked":["Beam Cell","Tempest"],"picked":"Ball Lightning","floor":1},{"not_picked":["Leap","Genetic Algorithm"],"picked":"Loop","floor":6},{"not_picked":["Ball Lightning","Leap"],"picked":"Core Surge","floor":8},{"not_picked":["Rebound","Tempest"],"picked":"Chill","floor":12},{"not_picked":["White Noise","Streamline","Reprogram"],"picked":"SKIP","floor":14},{"not_picked":["Recycle","Cold Snap"],"picked":"Compile Driver","floor":18},{"not_picked":["Turbo","Rebound"],"picked":"Redo","floor":19}],"player_experience":772116,"relics_obtained":[{"floor":6,"key":"Dodecahedron"},{"floor":8,"key":"Darkstone Periapt"},{"floor":9,"key":"Vajra"},{"floor":11,"key":"Gremlin Horn"},{"floor":12,"key":"Frozen Egg 2"}],"event_choices":[{"damage_healed":0,"gold_gain":0,"player_choice":"Entered Light","damage_taken":21,"max_hp_gain":0,"max_hp_loss":0,"event_name":"Shining Light","floor":3,"gold_loss":0,"cards_upgraded":["Zap","Strike_B"]},{"damage_healed":0,"gold_gain":0,"player_choice":"Donut","damage_taken":0,"max_hp_gain":5,"max_hp_loss":0,"event_name":"Big Fish","floor":5,"gold_loss":0},{"damage_healed":19,"gold_gain":0,"player_choice":"Healed and dodged fight","damage_taken":0,"max_hp_gain":0,"max_hp_loss":0,"event_name":"Mushrooms","floor":7,"gold_loss":0,"cards_obtained":["Parasite"]},{"cards_removed":["Parasite"],"damage_healed":0,"gold_gain":0,"player_choice":"Forget","damage_taken":0,"max_hp_gain":0,"max_hp_loss":0,"event_name":"Living Wall","floor":10,"gold_loss":0},{"damage_healed":0,"gold_gain":0,"player_choice":"Became a vampire","damage_taken":0,"max_hp_gain":0,"max_hp_loss":24,"event_name":"Vampires","floor":20,"gold_loss":0,"cards_obtained":["Bite","Bite","Bite","Bite","Bite"]}],"is_beta":false,"boss_relics":[{"not_picked":["Lizard Tail","Cursed Key"],"picked":"Inserter"}],"items_purged_floors":[],"is_endless":false,"potions_floor_spawned":[6,14,16,19],"killed_by":"3 Cultists","ascension_level":17}