{"gold_per_floor":[115,115,115,115,134,134,174,174,174,174,174,187,187,221,221,352,352,377,157,257,277,302,302],"floor_reached":23,"playtime":990,"items_purged":["Strike_R"],"score":300,"play_id":"ed54bb7f-8522-4aa9-b927-341030f05eeb","local_time":"20190721223904","is_ascension_mode":true,"campfire_choices":[{"data":"Pommel Strike","floor":6,"key":"SMITH"},{"data":"Armaments","floor":8,"key":"SMITH"},{"data":"Bash","floor":11,"key":"SMITH"},{"data":"Disarm","floor":13,"key":"SMITH"},{"floor":15,"key":"REST"}],"neow_cost":"NONE","seed_source_timestamp":355439650119627,"circlet_count":0,"master_deck":["Strike_R","Strike_R","Strike_R","Defend_R","Defend_R","Defend_R","Defend_R","Bash+1","Pommel Strike+1","Ghostly Armor","Armaments+1","Disarm+1","Shrug It Off","Bludgeon","Corruption"],"relics":["Burning Blood","NeowsBlessing","Golden Idol","GremlinMask","Paper Frog","Shuriken","Gremlin Horn","Busted Crown","Anchor"],"potions_floor_usage":[14,23],"damage_taken":[{"damage":0,"enemies":"Small Slimes","floor":1,"turns":1},{"damage":0,"enemies":"Cultist","floor":5,"turns":1},{"damage":0,"enemies":"3 Sentries","floor":7,"turns":1},{"damage":7,"enemies":"2 Louse","floor":12,"turns":3},{"damage":29,"enemies":"Gremlin Nob","floor":14,"turns":4},{"damage":34,"enemies":"Hexaghost","floor":16,"turns":11},{"damage":2,"enemies":"3 Byrds","floor":18,"turns":7},{"damage":12,"enemies":"Chosen","floor":21,"turns":4},{"damage":23,"enemies":"Snake Plant","floor":22,"turns":5},{"damage":52,"enemies":"Slavers","floor":23,"turns":4}],"seed_played":"4751451857031823371","potions_obtained":[{"floor":12,"key":"SteroidPotion"},{"floor":16,"key":"SteroidPotion"},{"floor":18,"key":"Energy Potion"},{"floor":21,"key":"GamblersBrew"}],"is_trial":false,"path_per_floor":["M","?","?","?","M","R","E","R","T","$","R","M","R","E","R","B",null,"M","$","?","M","M","E"],"character_chosen":"IRONCLAD","items_purchased":["Anchor"],"campfire_rested":1,"item_purchase_floors":[19],"current_hp_per_floor":[78,58,51,51,57,57,63,63,63,63,63,62,62,39,63,35,69,73,73,73,67,50,0],"gold":302,"neow_bonus":"THREE_ENEMY_KILL","is_prod":false,"is_daily":false,"chose_seed":false,"campfire_upgraded":4,"win_rate":0,"timestamp":1563773944,"path_taken":["M","?","?","?","M","R","E","R","T","$","R","?","R","E","R","BOSS","M","$","?","?","?","E"],"build_version":"2019-07-05","purchased_purges":1,"victory":false,"max_hp_per_floor":[80,80,80,80,80,80,80,80,80,80,80,80,80,80,80,80,80,80,80,80,80,80,80],"card_choices":[{"not_picked":["Sword Boomerang","Warcry"],"picked":"Pommel Strike","floor":1},{"not_picked":["Thunderclap","Headbutt"],"picked":"Ghostly Armor","floor":5},{"not_picked":["Infernal Blade","Iron Wave"],"picked":"Armaments","floor":7},{"not_picked":["Clash","Infernal Blade"],"picked":"Disarm","floor":12},{"not_picked":["Spot Weakness","Fiend Fire"],"picked":"Shrug It Off","floor":14},{"not_picked":["Exhume","Immolate"],"picked":"Bludgeon","floor":16},{"not_picked":[],"picked":"Corruption","floor":18},{"not_picked":["Clash"],"picked":"SKIP","floor":21},{"not_picked":["Thunderclap"],"picked":"SKIP","floor":22}],"player_experience":94901,"relics_obtained":[{"floor":7,"key":"Paper Frog"},{"floor":9,"key":"Shuriken"},{"floor":14,"key":"Gremlin Horn"}],"event_choices":[{"damage_healed":0,"gold_gain":0,"player_choice":"Take Damage","damage_taken":20,"relics_obtained":["Golden Idol"],"max_hp_gain":0,"max_hp_loss":0,"event_name":"Golden Idol","floor":2,"gold_loss":0},{"cards_removed":["Strike_R"],"damage_healed":0,"gold_gain":0,"player_choice":"Card Removal","damage_taken":7,"max_hp_gain":0,"max_hp_loss":0,"event_name":"Golden Wing","floor":3,"gold_loss":0},{"damage_healed":0,"gold_gain":0,"player_choice":"Trade","damage_taken":0,"relics_obtained":["GremlinMask"],"max_hp_gain":0,"max_hp_loss":0,"event_name":"FaceTrader","floor":4,"gold_loss":0},{"damage_healed":0,"gold_gain":100,"player_choice":"Pray","damage_taken":0,"max_hp_gain":0,"max_hp_loss":0,"event_name":"Golden Shrine","floor":20,"gold_loss":0}],"is_beta":false,"boss_relics":[{"not_picked":["Tiny House","Runic Dome"],"picked":"Busted Crown"}],"items_purged_floors":[19],"is_endless":false,"potions_floor_spawned":[12,16,18,21,22],"killed_by":"Slavers","ascension_level":7}