{"path_per_floor":["M","M","$","M","?","R","?","R","T","M","E","M","R","M","R","B",null,"M","?","M","?","M","R","$","R","T","M","M","?"],"character_chosen":"THE_SILENT","items_purchased":["Dagger Throw"],"gold_per_floor":[17,35,12,31,31,31,31,31,31,45,106,122,122,138,138,237,237,237,237,237,237,237,237,162,162,162,162,162,162],"floor_reached":30,"campfire_rested":0,"playtime":1975,"current_hp_per_floor":[57,57,57,53,58,58,58,58,58,58,39,37,37,37,37,13,60,58,58,51,51,51,51,51,51,51,10,1,25],"items_purged":["Parasite"],"gold":162,"score":371,"play_id":"2f83c83b-0ba7-4d1f-85b0-ce84ae38d993","local_time":"20180320013959","is_prod":false,"is_daily":false,"is_ascension_mode":true,"campfire_upgraded":6,"timestamp":1521506399,"path_taken":["M","?","?","M","?","R","?","R","T","?","E","?","R","M","R","BOSS","M","?","M","?","M","R","$","R","T","M","M","?","E"],"build_version":"2018-03-15v3","purchased_purges":1,"victory":false,"master_deck":["Defend_G","Defend_G","Defend_G","Defend_G","Defend_G","Strike_G","Strike_G","Strike_G","Strike_G","Strike_G","Survivor","Neutralize","Tactician+1","Backflip","Acrobatics+1","Dagger Throw","Cloak And Dagger+1","Acrobatics","Escape Plan","Noxious Fumes+1","Burst+1","Footwork+1"],"max_hp_per_floor":[70,70,70,70,75,75,75,75,75,75,75,75,75,75,75,75,75,75,75,75,75,75,75,72,72,72,72,72,72],"relics":["Ring of the Snake","Happy Flower","Gambling Chip","Tiny Chest","Ectoplasm","Blood Vial"],"card_choices":[{"not_picked":["Doppelganger","Grand Finale"],"picked":"Tactician"},{"not_picked":["Heel Hook","Bane"],"picked":"Backflip"},{"not_picked":["Backflip","Quick Slash"],"picked":"Acrobatics"},{"not_picked":["Heel Hook","PiercingWail"],"picked":"Cloak And Dagger"},{"not_picked":["Sucker Punch","Catalyst"],"picked":"Acrobatics"},{"not_picked":["Bane","Poisoned Stab"],"picked":"Escape Plan"},{"not_picked":["Night Terror","Cloak And Dagger"],"picked":"Noxious Fumes"},{"not_picked":["Die Die Die","Wraith Form"],"picked":"Burst"},{"not_picked":["Outmaneuver","Acrobatics"],"picked":"Footwork"}],"player_experience":431555,"potions_floor_usage":[],"damage_taken":[{"damage":6.0,"enemies":"Cultist","floor":1.0,"turns":5.0},{"damage":0.0,"enemies":"2 Louse","floor":2.0,"turns":4.0},{"damage":4.0,"enemies":"Small Slimes","floor":4.0,"turns":5.0},{"damage":0.0,"enemies":"Red Slaver","floor":10.0,"turns":5.0},{"damage":19.0,"enemies":"Gremlin Nob","floor":11.0,"turns":4.0},{"damage":2.0,"enemies":"Looter","floor":12.0,"turns":3.0},{"damage":0.0,"enemies":"2 Fungi Beasts","floor":14.0,"turns":3.0},{"damage":24.0,"enemies":"The Guardian","floor":16.0,"turns":13.0},{"damage":2.0,"enemies":"Chosen","floor":18.0,"turns":6.0},{"damage":7.0,"enemies":"3 Byrds","floor":20.0,"turns":6.0},{"damage":0.0,"enemies":"Snake Plant","floor":22.0,"turns":6.0},{"damage":43,"enemies":"Cultist and Chosen","floor":27,"turns":9},{"damage":11,"enemies":"3 Cultists","floor":28,"turns":5},{"damage":32,"enemies":"Book of Stabbing","floor":30,"turns":9}],"event_choices":[{"event_name":"Big Fish","player_choice":"Donut","floor":5.0,"damage_taken":0.0},{"event_name":"Dead Adventurer","player_choice":"Searched \u00272\u0027 times","floor":7.0,"damage_taken":0.0},{"event_name":"Drug Dealer","player_choice":"Ignored","floor":19.0,"damage_taken":0.0},{"event_name":"The Mausoleum","player_choice":"No","floor":21.0,"damage_taken":0.0},{"event_name":"The Library","player_choice":"Heal","floor":29,"damage_taken":0}],"boss_relics":[],"potions_floor_spawned":[4,10,11,12,20],"seed_played":"-9112916492108682066","killed_by":"Book of Stabbing","ascension_level":12,"is_trial":false}