{"gold_per_floor":[112,112,37,62,75,75,107,107,107,107,118,147,47,59,59,59],"floor_reached":16,"playtime":433,"items_purged":["Strike_R","Strike_R"],"score":246,"play_id":"ffec510c-3d23-46dd-bdf8-73cc7f4e6794","local_time":"20190727193150","is_ascension_mode":true,"campfire_choices":[{"data":"Searing Blow","floor":6,"key":"SMITH"},{"data":"Searing Blow+1","floor":8,"key":"SMITH"},{"data":"Searing Blow+2","floor":15,"key":"SMITH"}],"neow_cost":"NONE","seed_source_timestamp":863161709239991,"circlet_count":0,"master_deck":["AscendersBane","Strike_R","Strike_R","Strike_R","Defend_R","Defend_R","Defend_R","Defend_R","Bash","Searing Blow+3","Corruption","Shockwave","Warcry"],"relics":["Burning Blood","NeowsBlessing","Centennial Puzzle","Anchor","Molten Egg 2","Question Card"],"potions_floor_usage":[12],"damage_taken":[{"damage":0,"enemies":"2 Louse","floor":1,"turns":1},{"damage":0,"enemies":"Cultist","floor":5,"turns":1},{"damage":0,"enemies":"3 Sentries","floor":7,"turns":2},{"damage":0,"enemies":"Jaw Worm","floor":11,"turns":3},{"damage":32,"enemies":"Gremlin Nob","floor":12,"turns":4},{"damage":2,"enemies":"Large Slime","floor":14,"turns":5},{"damage":59,"enemies":"Hexaghost","floor":16,"turns":9}],"seed_played":"-5383508388166554595","potions_obtained":[{"floor":2,"key":"Fruit Juice"},{"floor":2,"key":"GamblersBrew"},{"floor":12,"key":"Ancient Potion"}],"is_trial":false,"path_per_floor":["M","?","$","T","M","R","E","R","T","?","M","E","$","M","R","B"],"character_chosen":"IRONCLAD","items_purchased":[],"campfire_rested":0,"item_purchase_floors":[],"current_hp_per_floor":[74,74,74,74,75,75,75,75,75,75,75,54,54,58,58,0],"gold":59,"neow_bonus":"THREE_ENEMY_KILL","is_prod":false,"is_daily":false,"chose_seed":false,"campfire_upgraded":3,"win_rate":0,"timestamp":1564281110,"path_taken":["M","?","$","?","M","R","E","R","T","?","M","E","?","M","R","BOSS"],"build_version":"2019-07-18","purchased_purges":2,"victory":false,"max_hp_per_floor":[75,75,75,75,75,75,75,75,75,75,75,80,80,80,80,80],"card_choices":[{"not_picked":["Flex","Entrench"],"picked":"Searing Blow","floor":1},{"not_picked":["Clothesline","Clash","Wild Strike"],"picked":"SKIP","floor":5},{"not_picked":["Entrench","Burning Pact"],"picked":"Corruption","floor":7},{"not_picked":["Anger+1","Perfected Strike+1","Wild Strike+1"],"picked":"SKIP","floor":11},{"not_picked":["Second Wind","Reaper+1"],"picked":"Shockwave","floor":12},{"not_picked":["Warcry","Rupture","Carnage+1","Pommel Strike+1"],"picked":"SKIP","floor":14},{"not_picked":["Rupture","Carnage+1","Pommel Strike+1"],"picked":"Warcry","floor":14}],"player_experience":236336,"relics_obtained":[{"floor":4,"key":"Centennial Puzzle"},{"floor":7,"key":"Anchor"},{"floor":9,"key":"Molten Egg 2"},{"floor":12,"key":"Question Card"}],"event_choices":[{"damage_healed":0,"gold_gain":0,"player_choice":"Got Potions","damage_taken":0,"max_hp_gain":0,"max_hp_loss":0,"event_name":"Lab","floor":2,"gold_loss":0},{"damage_healed":0,"gold_gain":0,"player_choice":"Ignored","damage_taken":0,"max_hp_gain":0,"max_hp_loss":0,"event_name":"Golden Idol","floor":10,"gold_loss":0}],"is_beta":true,"boss_relics":[],"items_purged_floors":[3,13],"is_endless":false,"potions_floor_spawned":[5,12],"killed_by":"Hexaghost","ascension_level":17}