{"gold_per_floor":[109,109,25,25,25,25,25,36,36,36,52,52,67,82,82,82],"floor_reached":16,"playtime":557,"items_purged":[],"score":171,"play_id":"f8a6cf7a-5df9-40a5-b85f-f03bb905a7a9","local_time":"20190221235543","is_ascension_mode":true,"campfire_choices":[{"data":"Neutralize","floor":6.0,"key":"SMITH"},{"data":"Defend_G","floor":10.0,"key":"PURGE"},{"data":"Strike_G","floor":12.0,"key":"PURGE"},{"data":"Strike_G","floor":15.0,"key":"PURGE"}],"neow_cost":"NONE","seed_source_timestamp":1299181636798655,"circlet_count":0,"master_deck":["AscendersBane","Defend_G","Defend_G","Defend_G","Defend_G","Strike_G","Survivor","Neutralize+1","Flying Knee","After Image","Acrobatics","Infinite Blades","Dagger Throw","Deadly Poison"],"special_seed":0,"relics":["Ring of the Snake","Ancient Tea Set","Peace Pipe"],"potions_floor_usage":[],"damage_taken":[{"damage":1.0,"enemies":"Small Slimes","floor":1.0,"turns":4.0},{"damage":0.0,"enemies":"Jaw Worm","floor":8.0,"turns":5.0},{"damage":0.0,"enemies":"Cultist","floor":11.0,"turns":3.0},{"damage":5.0,"enemies":"Large Slime","floor":13.0,"turns":6.0},{"damage":3.0,"enemies":"Looter","floor":14.0,"turns":4.0},{"damage":58,"enemies":"Slime Boss","floor":16,"turns":9}],"seed_played":"-2897248038610409407","potions_obtained":[{"floor":11.0,"key":"AttackPotion"},{"floor":14.0,"key":"Dexterity Potion"}],"is_trial":false,"path_per_floor":["M","?","$","?","$","R","$","M","T","R","M","R","M","M","R","B"],"character_chosen":"THE_SILENT","items_purchased":["After Image"],"campfire_rested":0,"item_purchase_floors":[3],"current_hp_per_floor":[58,58,58,51,51,51,51,51,51,51,51,51,46,43,43,0],"gold":82,"neow_bonus":"RANDOM_COMMON_RELIC","is_prod":false,"is_daily":false,"chose_seed":false,"campfire_upgraded":1,"win_rate":0,"timestamp":1550789743,"path_taken":["M","?","$","?","$","R","?","?","T","R","M","R","M","M","R","BOSS"],"build_version":"2019-01-23","purchased_purges":0,"victory":false,"max_hp_per_floor":[66,66,66,66,66,66,66,66,66,66,66,66,66,66,66,66],"card_choices":[{"not_picked":["Dagger Throw","Terror"],"picked":"Flying Knee","floor":1.0},{"not_picked":["Dodge and Roll","Outmaneuver"],"picked":"Acrobatics","floor":8.0},{"not_picked":["Bane","Cloak And Dagger"],"picked":"Infinite Blades","floor":11.0},{"not_picked":["Dodge and Roll","Skewer"],"picked":"Dagger Throw","floor":13.0},{"not_picked":["Deflect","Masterful Stab"],"picked":"Deadly Poison","floor":14.0}],"player_experience":852675,"relics_obtained":[{"floor":9.0,"key":"Peace Pipe"}],"event_choices":[{"cards_removed":["Strike_G"],"damage_healed":0.0,"max_hp_gain":0.0,"max_hp_loss":0.0,"gold_gain":0.0,"event_name":"Living Wall","player_choice":"Forget","floor":2.0,"gold_loss":0.0,"damage_taken":0.0},{"cards_removed":["Strike_G"],"damage_healed":0.0,"max_hp_gain":0.0,"max_hp_loss":0.0,"gold_gain":0.0,"event_name":"Golden Wing","player_choice":"Card Removal","floor":4.0,"gold_loss":0.0,"damage_taken":7.0}],"is_beta":false,"boss_relics":[],"items_purged_floors":[],"is_endless":false,"potions_floor_spawned":[11,14],"killed_by":"Slime Boss","ascension_level":18}