{"gold_per_floor":[112,128,146,161,97,97,130,146,173,323,323,323,346,361,361,457,457,478,478,67,67,25,40,65,65,65,65,84,84],"floor_reached":29,"playtime":4994,"items_purged":["Doubt"],"score":431,"play_id":"37cb6741-dc32-4893-ad27-0ff46b95f9fe","local_time":"20190730151531","is_ascension_mode":true,"campfire_choices":[{"data":"Poisoned Stab","floor":6.0,"key":"SMITH"},{"data":"Dagger Spray","floor":12.0,"key":"SMITH"},{"floor":15.0,"key":"REST"},{"floor":25.0,"key":"REST"}],"neow_cost":"NONE","seed_source_timestamp":436551768485900,"circlet_count":0,"master_deck":["AscendersBane","Strike_G","Strike_G","Strike_G","Strike_G","Strike_G","Defend_G","Defend_G","Defend_G","Defend_G","Defend_G","Survivor","Neutralize+1","Sucker Punch","Deadly Poison","Poisoned Stab+1","Deflect","Tools of the Trade","Dagger Spray+1","Backflip","Poisoned Stab","Corpse Explosion","Footwork","Dodge and Roll","PiercingWail","Dash","RitualDagger","Noxious Fumes","Venomology","Pain","PiercingWail"],"special_seed":0,"relics":["Ring of the Snake","Question Card","Snake Skull","Golden Idol","Orrery","Tough Bandages","Orichalcum","WarpedTongs"],"potions_floor_usage":[29,29],"damage_taken":[{"damage":0.0,"enemies":"2 Louse","floor":1.0,"turns":5.0},{"damage":5.0,"enemies":"Jaw Worm","floor":2.0,"turns":6.0},{"damage":4.0,"enemies":"Small Slimes","floor":3.0,"turns":3.0},{"damage":4.0,"enemies":"2 Fungi Beasts","floor":4.0,"turns":4.0},{"damage":15.0,"enemies":"3 Sentries","floor":7.0,"turns":10.0},{"damage":4.0,"enemies":"Blue Slaver","floor":8.0,"turns":3.0},{"damage":8.0,"enemies":"Large Slime","floor":13.0,"turns":6.0},{"damage":10.0,"enemies":"Lots of Slimes","floor":14.0,"turns":4.0},{"damage":23.0,"enemies":"Slime Boss","floor":16.0,"turns":14.0},{"damage":17.0,"enemies":"Spheric Guardian","floor":18.0,"turns":6.0},{"damage":13.0,"enemies":"Chosen","floor":23.0,"turns":5.0},{"damage":15.0,"enemies":"Snake Plant","floor":24.0,"turns":5.0},{"damage":18,"enemies":"Chosen and Byrds","floor":28,"turns":5},{"damage":12,"enemies":"Shelled Parasite and Fungi","floor":29,"turns":3}],"seed_played":"-6515566277191171675","potions_obtained":[{"floor":1.0,"key":"FairyPotion"},{"floor":3.0,"key":"Swift Potion"},{"floor":7.0,"key":"Poison Potion"},{"floor":8.0,"key":"Dexterity Potion"},{"floor":28,"key":"SpeedPotion"}],"is_trial":false,"path_per_floor":["M","M","M","M","?","R","E","M","T","?","?","R","M","M","R","B",null,"M","?","$","?","$","M","M","R","T","?","M","M"],"character_chosen":"THE_SILENT","items_purchased":["Tough Bandages","Noxious Fumes"],"campfire_rested":2,"item_purchase_floors":[20,22],"current_hp_per_floor":[59,54,50,46,46,46,31,27,27,27,27,27,19,9,27,4,46,29,23,23,23,23,10,6,24,24,24,6,0],"gold":84,"neow_bonus":"UPGRADE_CARD","is_prod":false,"is_daily":false,"chose_seed":false,"campfire_upgraded":2,"win_rate":0,"timestamp":1564492531,"path_taken":["M","M","M","M","?","R","E","M","T","?","?","R","M","M","R","BOSS","M","?","$","?","$","M","M","R","T","?","?","M"],"build_version":"2019-07-17","purchased_purges":1,"victory":false,"max_hp_per_floor":[66,66,66,66,66,66,66,66,66,66,60,60,60,60,60,60,60,60,60,60,60,60,60,60,60,60,60,60,60],"card_choices":[{"not_picked":["Underhanded Strike","Choke"],"picked":"Sucker Punch","floor":1.0},{"not_picked":["Slice","Acrobatics"],"picked":"Deadly Poison","floor":2.0},{"not_picked":["Prepared","Concentrate"],"picked":"Poisoned Stab","floor":3.0},{"not_picked":["PiercingWail","Prepared"],"picked":"Deflect","floor":4.0},{"not_picked":["Deflect","Backflip"],"picked":"Tools of the Trade","floor":7.0},{"not_picked":["Deadly Poison","Setup","Acrobatics"],"picked":"Dagger Spray","floor":8.0},{"not_picked":["Unload","Endless Agony","Well Laid Plans"],"picked":"Backflip","floor":13.0},{"not_picked":["Sucker Punch","Flying Knee","Underhanded Strike"],"picked":"Poisoned Stab","floor":14.0},{"not_picked":["Unload","Burst","A Thousand Cuts"],"picked":"Corpse Explosion","floor":16.0},{"not_picked":["Poisoned Stab","Cloak And Dagger","Dodge and Roll"],"picked":"Footwork","floor":17.0},{"not_picked":["Poisoned Stab","Slice","Underhanded Strike"],"picked":"Dodge and Roll","floor":17.0},{"not_picked":["Tactician","Deadly Poison","Blade Dance"],"picked":"PiercingWail","floor":17.0},{"not_picked":["Outmaneuver","Underhanded Strike+1","Setup"],"picked":"Dash","floor":18.0},{"not_picked":["PiercingWail","Poisoned Stab+1","Terror","Dodge and Roll"],"picked":"SKIP","floor":23.0},{"not_picked":["Underhanded Strike","Sucker Punch","Predator"],"picked":"Venomology","floor":24.0},{"not_picked":["Dash","Underhanded Strike","Dodge and Roll"],"picked":"PiercingWail","floor":28}],"player_experience":915018,"relics_obtained":[{"floor":7.0,"key":"Question Card"},{"floor":9.0,"key":"Snake Skull"},{"floor":26.0,"key":"Orichalcum"}],"event_choices":[{"damage_healed":0.0,"max_hp_gain":0.0,"max_hp_loss":0.0,"gold_gain":0.0,"event_name":"World of Goop","player_choice":"Left Gold","floor":5.0,"gold_loss":64.0,"damage_taken":0.0},{"damage_healed":0.0,"max_hp_gain":0.0,"max_hp_loss":0.0,"gold_gain":150.0,"event_name":"Liars Game","player_choice":"AGREE","floor":10.0,"gold_loss":0.0,"damage_taken":0.0,"cards_obtained":["Doubt"]},{"damage_healed":0.0,"max_hp_gain":0.0,"max_hp_loss":6.0,"gold_gain":0.0,"event_name":"Golden Idol","player_choice":"Lose Max HP","floor":11.0,"gold_loss":0.0,"damage_taken":0.0,"relics_obtained":["Golden Idol"]},{"damage_healed":0.0,"max_hp_gain":0.0,"max_hp_loss":0.0,"gold_gain":0.0,"event_name":"Nest","player_choice":"Joined the Cult","floor":19.0,"gold_loss":0.0,"damage_taken":6.0,"cards_obtained":["RitualDagger"]},{"damage_healed":0.0,"max_hp_gain":0.0,"max_hp_loss":0.0,"gold_gain":0.0,"event_name":"Vampires","player_choice":"Ignored","floor":21.0,"gold_loss":0.0,"damage_taken":0.0},{"damage_healed":0.0,"max_hp_gain":0.0,"max_hp_loss":0.0,"gold_gain":0.0,"event_name":"Accursed Blacksmith","player_choice":"Rummage","floor":27.0,"gold_loss":0.0,"damage_taken":0.0,"relics_obtained":["WarpedTongs"],"cards_obtained":["Pain"]}],"is_beta":false,"boss_relics":[{"not_picked":["Runic Pyramid","Philosopher\u0027s Stone"],"picked":"Orrery"}],"items_purged_floors":[20],"is_endless":false,"potions_floor_spawned":[1,3,7,8,28],"killed_by":"Shelled Parasite and Fungi","ascension_level":18}