{"gold_per_floor":[110,185,201,201,221,221,221,221,295,315,348,348,373,388,388,388],"floor_reached":16,"playtime":457,"items_purged":[],"score":190,"play_id":"4cd6f146-1f5f-4c27-976f-d2df96bf8f93","local_time":"20190221100154","is_ascension_mode":true,"campfire_choices":[{"data":"Neutralize","floor":6.0,"key":"SMITH"},{"data":"Poisoned Stab","floor":8.0,"key":"SMITH"},{"floor":12.0,"key":"REST"},{"data":"Deadly Poison","floor":15.0,"key":"SMITH"}],"neow_cost":"NONE","seed_source_timestamp":1255899423547288,"circlet_count":0,"master_deck":["AscendersBane","Defend_G","Defend_G","Defend_G","Defend_G","Defend_G","Strike_G","Strike_G","Strike_G","Strike_G","Strike_G","Survivor","Neutralize+1","Poisoned Stab+1","Bane","Blur","Blur","Poisoned Stab","Backflip","PiercingWail","Deadly Poison+1"],"special_seed":0,"relics":["Ring of the Snake","Dream Catcher","Sundial","Anchor","Odd Mushroom"],"potions_floor_usage":[],"damage_taken":[{"damage":0.0,"enemies":"2 Louse","floor":1.0,"turns":3.0},{"damage":1.0,"enemies":"Jaw Worm","floor":3.0,"turns":3.0},{"damage":4.0,"enemies":"Small Slimes","floor":5.0,"turns":5.0},{"damage":0.0,"enemies":"Blue Slaver","floor":10.0,"turns":5.0},{"damage":35.0,"enemies":"Gremlin Nob","floor":11.0,"turns":5.0},{"damage":2.0,"enemies":"The Mushroom Lair","floor":13.0,"turns":4.0},{"damage":13.0,"enemies":"Large Slime","floor":14.0,"turns":6.0},{"damage":0,"enemies":"Slime Boss","floor":16,"turns":1}],"seed_played":"7666531765062424765","potions_obtained":[{"floor":3.0,"key":"GamblersBrew"},{"floor":5.0,"key":"PowerPotion"},{"floor":13.0,"key":"Regen Potion"}],"is_trial":false,"path_per_floor":["M","?","M","?","M","R","?","R","T","M","E","R","?","M","R","B"],"character_chosen":"THE_SILENT","items_purchased":[],"campfire_rested":1,"item_purchase_floors":[],"current_hp_per_floor":[59,48,47,42,38,38,38,38,38,38,3,22,20,7,7,7],"gold":388,"neow_bonus":"THREE_CARDS","is_prod":false,"is_daily":false,"chose_seed":false,"campfire_upgraded":3,"win_rate":0,"timestamp":1550739714,"path_taken":["M","?","M","?","M","R","?","R","T","M","E","R","?","M","R","BOSS"],"build_version":"2019-01-23","purchased_purges":0,"victory":false,"max_hp_per_floor":[66,66,66,66,66,66,66,66,66,66,66,66,66,66,66,66],"card_choices":[{"not_picked":["Choke","Prepared"],"picked":"Poisoned Stab","floor":0.0},{"not_picked":["Prepared","Distraction"],"picked":"Bane","floor":1.0},{"not_picked":["Prepared","Endless Agony"],"picked":"Blur","floor":3.0},{"not_picked":["Acrobatics","Skewer"],"picked":"Blur","floor":5.0},{"not_picked":["Predator","Dagger Throw"],"picked":"Poisoned Stab","floor":10.0},{"not_picked":["Backstab","Cloak And Dagger"],"picked":"Backflip","floor":11.0},{"not_picked":["Crippling Poison","Dodge and Roll"],"picked":"PiercingWail","floor":13.0},{"not_picked":["Acrobatics","Distraction"],"picked":"Deadly Poison","floor":14.0}],"player_experience":841600,"relics_obtained":[{"floor":9.0,"key":"Sundial"},{"floor":11.0,"key":"Anchor"},{"floor":13.0,"key":"Odd Mushroom"}],"event_choices":[{"damage_healed":0.0,"max_hp_gain":0.0,"max_hp_loss":0.0,"gold_gain":75.0,"event_name":"World of Goop","player_choice":"Gather Gold","floor":2.0,"gold_loss":0.0,"damage_taken":11.0},{"damage_healed":0.0,"max_hp_gain":0.0,"max_hp_loss":0.0,"gold_gain":0.0,"event_name":"Scrap Ooze","player_choice":"Success","floor":4.0,"gold_loss":0.0,"damage_taken":5.0,"relics_obtained":["Dream Catcher"]},{"damage_healed":0.0,"max_hp_gain":0.0,"max_hp_loss":0.0,"gold_gain":0.0,"event_name":"Liars Game","player_choice":"Ignored","floor":7.0,"gold_loss":0.0,"damage_taken":0.0},{"damage_healed":0.0,"max_hp_gain":0.0,"max_hp_loss":0.0,"gold_gain":0.0,"event_name":"Mushrooms","player_choice":"Fought Mushrooms","floor":13.0,"gold_loss":0.0,"damage_taken":0.0}],"is_beta":false,"boss_relics":[],"items_purged_floors":[],"is_endless":false,"potions_floor_spawned":[3,5,13],"killed_by":"Slime Boss","ascension_level":18}