{"gold_per_floor":[118,118,118,43,61,61,88,104,104,104,118,130,130,141,141,212,212,232,251,251],"floor_reached":20,"playtime":580,"items_purged":[],"score":352,"play_id":"2849c2c3-caac-4ae0-b68d-1f70d0b95d64","local_time":"20190306221749","is_ascension_mode":true,"campfire_choices":[{"data":"Blood for Blood","floor":6.0,"key":"SMITH"},{"data":"Whirlwind","floor":10.0,"key":"SMITH"},{"data":"Bash","floor":15.0,"key":"SMITH"}],"neow_cost":"PERCENT_DAMAGE","seed_source_timestamp":137088209860239,"circlet_count":0,"master_deck":["AscendersBane","Strike_R","Strike_R","Defend_R","Defend_R","Defend_R","Bash+1","Whirlwind+1","Blood for Blood+1","Shrug It Off","Rampage"],"special_seed":0,"relics":["Burning Blood","Dodecahedron","Art of War","Potion Belt","Singing Bowl","Coffee Dripper"],"potions_floor_usage":[],"damage_taken":[{"damage":2.0,"enemies":"2 Louse","floor":1.0,"turns":2.0},{"damage":12.0,"enemies":"Small Slimes","floor":5.0,"turns":3.0},{"damage":32.0,"enemies":"Gremlin Nob","floor":7.0,"turns":4.0},{"damage":2.0,"enemies":"Jaw Worm","floor":8.0,"turns":3.0},{"damage":6.0,"enemies":"Exordium Wildlife","floor":11.0,"turns":3.0},{"damage":0.0,"enemies":"Lots of Slimes","floor":12.0,"turns":2.0},{"damage":2.0,"enemies":"2 Fungi Beasts","floor":14.0,"turns":3.0},{"damage":11.0,"enemies":"The Guardian","floor":16.0,"turns":12.0},{"damage":31,"enemies":"2 Thieves","floor":18,"turns":3},{"damage":18,"enemies":"Chosen","floor":19,"turns":4},{"damage":32,"enemies":"Snecko","floor":20,"turns":4}],"seed_played":"6392745770345767372","potions_obtained":[{"floor":7.0,"key":"LiquidBronze"},{"floor":11.0,"key":"PowerPotion"},{"floor":14.0,"key":"Weak Potion"},{"floor":18,"key":"Weak Potion"},{"floor":19,"key":"Poison Potion"}],"is_trial":false,"path_per_floor":["M","?","?","?","M","R","E","M","T","R","M","M","T","M","R","B",null,"M","M","M"],"character_chosen":"IRONCLAD","items_purchased":[],"campfire_rested":0,"item_purchase_floors":[],"current_hp_per_floor":[54,49,42,42,36,36,10,14,14,14,14,20,20,26,26,23,65,42,32,0],"gold":251,"neow_bonus":"TRANSFORM_TWO_CARDS","is_prod":false,"is_daily":false,"chose_seed":false,"campfire_upgraded":3,"win_rate":0,"timestamp":1551907069,"path_taken":["M","?","?","?","M","R","E","M","T","R","M","?","?","M","R","BOSS","M","M","M"],"build_version":"2019-01-23","purchased_purges":0,"victory":false,"max_hp_per_floor":[75,75,75,75,75,75,75,75,75,75,75,75,75,77,77,79,79,81,83,83],"card_choices":[{"not_picked":["Perfected Strike","Sever Soul","Dual Wield"],"picked":"SKIP","floor":1.0},{"not_picked":["Cleave","Feel No Pain","Sword Boomerang"],"picked":"SKIP","floor":5.0},{"not_picked":["Wild Strike","Hemokinesis"],"picked":"Shrug It Off","floor":7.0},{"not_picked":["Hemokinesis","Shrug It Off"],"picked":"Rampage","floor":8.0},{"not_picked":["Perfected Strike","Twin Strike","Exhume"],"picked":"SKIP","floor":11.0},{"not_picked":["Flex","Whirlwind","True Grit"],"picked":"SKIP","floor":12.0},{"not_picked":["Rupture","Sword Boomerang","Shrug It Off"],"picked":"Singing Bowl","floor":14.0},{"not_picked":["Bludgeon","Fiend Fire","Berserk"],"picked":"Singing Bowl","floor":16.0},{"not_picked":["Hemokinesis","Havoc","Pummel"],"picked":"Singing Bowl","floor":18},{"not_picked":["Dropkick","Pommel Strike+1","Pummel"],"picked":"Singing Bowl","floor":19}],"player_experience":949946,"relics_obtained":[{"floor":7.0,"key":"Art of War"},{"floor":9.0,"key":"Potion Belt"},{"floor":13.0,"key":"Singing Bowl"}],"event_choices":[{"damage_healed":0.0,"max_hp_gain":0.0,"max_hp_loss":0.0,"gold_gain":0.0,"event_name":"Scrap Ooze","player_choice":"Success","floor":2.0,"gold_loss":0.0,"damage_taken":5.0,"relics_obtained":["Dodecahedron"]},{"cards_removed":["Strike_R"],"damage_healed":0.0,"max_hp_gain":0.0,"max_hp_loss":0.0,"gold_gain":0.0,"event_name":"Golden Wing","player_choice":"Card Removal","floor":3.0,"gold_loss":0.0,"damage_taken":7.0},{"cards_removed":["Strike_R"],"damage_healed":0.0,"max_hp_gain":0.0,"max_hp_loss":0.0,"gold_gain":0.0,"event_name":"The Cleric","player_choice":"Card Removal","floor":4.0,"gold_loss":75.0,"damage_taken":0.0}],"is_beta":false,"boss_relics":[{"not_picked":["Calling Bell","Cursed Key"],"picked":"Coffee Dripper"}],"items_purged_floors":[],"is_endless":false,"potions_floor_spawned":[7,11,14,18,19],"killed_by":"Snecko","ascension_level":20}