{"gold_per_floor":[118,118,64,76,89,123,123,135,135,154,214,139,159,159,159,159],"floor_reached":16,"playtime":516,"items_purged":["Strike_R"],"score":138,"play_id":"f272b6fb-c866-4385-86cf-881ecf8a23b0","local_time":"20190721200549","is_ascension_mode":true,"campfire_choices":[{"data":"Perfected Strike","floor":7,"key":"SMITH"},{"floor":15,"key":"REST"}],"neow_cost":"NONE","seed_source_timestamp":346718906952672,"circlet_count":0,"master_deck":["Strike_R","Strike_R","Strike_R","Strike_R","Defend_R","Defend_R","Defend_R","Defend_R","Bash","Perfected Strike+1","Cleave","Perfected Strike","Battle Trance","Feel No Pain+1","Headbutt"],"relics":["Burning Blood","NeowsBlessing","Vajra","Question Card","Pen Nib","Frozen Egg 2"],"potions_floor_usage":[6,6,11,16],"damage_taken":[{"damage":0,"enemies":"Small Slimes","floor":1,"turns":1},{"damage":0,"enemies":"Cultist","floor":4,"turns":1},{"damage":0,"enemies":"Jaw Worm","floor":5,"turns":1},{"damage":17,"enemies":"Gremlin Nob","floor":6,"turns":4},{"damage":16,"enemies":"3 Louse","floor":8,"turns":2},{"damage":22,"enemies":"Looter","floor":10,"turns":3},{"damage":10,"enemies":"3 Sentries","floor":11,"turns":2},{"damage":9,"enemies":"2 Fungi Beasts","floor":13,"turns":2},{"damage":62,"enemies":"The Guardian","floor":16,"turns":7}],"seed_played":"-1103561740945829702","potions_obtained":[{"floor":4,"key":"EssenceOfSteel"},{"floor":5,"key":"Poison Potion"},{"floor":10,"key":"AttackPotion"},{"floor":11,"key":"Poison Potion"}],"is_trial":false,"path_per_floor":["M","$","?","M","M","E","R","M","T","M","?","$","M","?","R","B"],"character_chosen":"IRONCLAD","items_purchased":[],"campfire_rested":1,"item_purchase_floors":[],"current_hp_per_floor":[78,78,78,80,80,69,69,59,59,43,39,39,36,36,60,0],"gold":159,"neow_bonus":"THREE_ENEMY_KILL","is_prod":false,"is_daily":false,"chose_seed":false,"campfire_upgraded":1,"win_rate":0,"timestamp":1563764749,"path_taken":["M","$","?","?","M","E","R","M","T","M","?","$","M","?","R","BOSS"],"build_version":"2019-07-05","purchased_purges":1,"victory":false,"max_hp_per_floor":[80,80,80,80,80,80,80,80,80,80,80,80,80,80,80,80],"card_choices":[{"not_picked":["Wild Strike","Rampage"],"picked":"Perfected Strike","floor":1},{"not_picked":["Hemokinesis","Fire Breathing","Corruption"],"picked":"SKIP","floor":4},{"not_picked":["Clothesline","Hemokinesis","Warcry"],"picked":"SKIP","floor":5},{"not_picked":["Rupture","Metallicize"],"picked":"Cleave","floor":6},{"not_picked":["Bloodletting","Wild Strike","Anger"],"picked":"Perfected Strike","floor":8},{"not_picked":["Wild Strike","Cleave","True Grit"],"picked":"Battle Trance","floor":10},{"not_picked":["Shrug It Off","Perfected Strike","Seeing Red"],"picked":"Feel No Pain","floor":11},{"not_picked":["Perfected Strike","Body Slam","Entrench"],"picked":"Headbutt","floor":13}],"player_experience":91680,"relics_obtained":[{"floor":6,"key":"Question Card"},{"floor":9,"key":"Pen Nib"},{"floor":11,"key":"Frozen Egg 2"}],"event_choices":[{"damage_healed":0,"gold_gain":0,"player_choice":"Paid Gold","damage_taken":0,"relics_obtained":["Vajra"],"max_hp_gain":0,"max_hp_loss":0,"event_name":"WeMeetAgain","floor":3,"gold_loss":54},{"damage_healed":0,"gold_gain":0,"player_choice":"Searched \u00271\u0027 times","damage_taken":0,"max_hp_gain":0,"max_hp_loss":0,"event_name":"Dead Adventurer","floor":11,"gold_loss":0},{"damage_healed":0,"gold_gain":0,"player_choice":"Ignored","damage_taken":0,"max_hp_gain":0,"max_hp_loss":0,"event_name":"Golden Idol","floor":14,"gold_loss":0}],"is_beta":false,"boss_relics":[],"items_purged_floors":[12],"is_endless":false,"potions_floor_spawned":[4,5,10,11],"killed_by":"The Guardian","ascension_level":7}