{"gold_per_floor":[116,127,127,141,157,157,189,46,70,101,101,101,101,101,101,199,199,214,114,127,143,62,62,73,0,27,27,56,56,130,140,140,243,243,260,260,260,271,287,287,303,318,345,361,361,443,318,337,337,337],"floor_reached":50,"playtime":2418,"items_purged":["Strike_R","Strike_R","Strike_R"],"score":521,"play_id":"64416ad0-baef-4b36-8d91-81f436828d38","local_time":"20190720144844","is_ascension_mode":true,"campfire_choices":[{"data":"Iron Wave","floor":6,"key":"SMITH"},{"data":"Whirlwind","floor":11,"key":"SMITH"},{"floor":15,"key":"REST"},{"data":"Double Tap","floor":23,"key":"SMITH"},{"data":"Uppercut","floor":27,"key":"SMITH"},{"floor":29,"key":"RECALL"},{"floor":32,"key":"REST"},{"data":"Limit Break","floor":40,"key":"SMITH"},{"floor":49,"key":"REST"}],"neow_cost":"NONE","seed_source_timestamp":239384550687826,"circlet_count":0,"master_deck":["Strike_R","Defend_R","Defend_R","Defend_R","Bash","Rampage","Iron Wave+1","Inflame+1","Shrug It Off","Headbutt","Carnage","Whirlwind+1","Uppercut+1","Feed","Headbutt","Uppercut+1","Double Tap+1","Limit Break+1"],"relics":["Burning Blood","Orichalcum","PreservedInsect","Happy Flower","Shuriken","Busted Crown","Vajra","Dream Catcher","Dodecahedron","Velvet Choker","Kunai"],"potions_floor_usage":[10,16,33,44,45,50],"damage_taken":[{"damage":12,"enemies":"Jaw Worm","floor":1,"turns":3},{"damage":1,"enemies":"Cultist","floor":2,"turns":3},{"damage":2,"enemies":"2 Louse","floor":4,"turns":2},{"damage":11,"enemies":"2 Fungi Beasts","floor":5,"turns":4},{"damage":34,"enemies":"Lagavulin","floor":7,"turns":7},{"damage":21,"enemies":"3 Sentries","floor":10,"turns":3},{"damage":30,"enemies":"The Guardian","floor":16,"turns":7},{"damage":0,"enemies":"3 Byrds","floor":18,"turns":3},{"damage":16,"enemies":"2 Thieves","floor":20,"turns":2},{"damage":6,"enemies":"Chosen and Byrds","floor":21,"turns":3},{"damage":0,"enemies":"Snecko","floor":24,"turns":3},{"damage":1,"enemies":"Slavers","floor":28,"turns":2},{"damage":18,"enemies":"Snake Plant","floor":31,"turns":2},{"damage":68,"enemies":"Champ","floor":33,"turns":7},{"damage":15,"enemies":"3 Shapes","floor":35,"turns":3},{"damage":11,"enemies":"Orb Walker","floor":38,"turns":2},{"damage":37,"enemies":"Sphere and 2 Shapes","floor":39,"turns":4},{"damage":28,"enemies":"4 Shapes","floor":41,"turns":3},{"damage":7,"enemies":"3 Darklings","floor":42,"turns":3},{"damage":0,"enemies":"Jaw Worm Horde","floor":44,"turns":2},{"damage":3,"enemies":"Writhing Mass","floor":45,"turns":2},{"damage":18,"enemies":"Sphere and 2 Shapes","floor":48,"turns":3},{"damage":61,"enemies":"Donu and Deca","floor":50,"turns":5}],"seed_played":"7281180431239602161","potions_obtained":[{"floor":1,"key":"Dexterity Potion"},{"floor":5,"key":"SkillPotion"},{"floor":10,"key":"Fire Potion"},{"floor":16,"key":"Dexterity Potion"},{"floor":20,"key":"Dexterity Potion"},{"floor":33,"key":"EntropicBrew"},{"floor":35,"key":"SmokeBomb"},{"floor":39,"key":"FairyPotion"},{"floor":42,"key":"EssenceOfSteel"},{"floor":44,"key":"AttackPotion"}],"is_trial":false,"path_per_floor":["M","M","?","M","M","R","E","$","T","E","R","T","?","?","R","B",null,"M","$","M","M","$","R","M","?","T","R","E","R","T","M","R","B",null,"M","?","?","M","M","R","M","M","T","M","M","T","$","M","R","B"],"character_chosen":"IRONCLAD","items_purchased":["Whirlwind","Double Tap"],"campfire_rested":3,"item_purchase_floors":[8,22],"current_hp_per_floor":[74,79,79,80,75,75,47,47,47,32,32,32,32,32,56,32,80,80,80,70,70,70,70,76,76,76,76,80,80,80,68,80,21,83,77,77,77,72,44,44,22,21,21,27,30,30,30,18,44,0],"gold":337,"neow_bonus":"THREE_CARDS","is_prod":false,"is_daily":false,"chose_seed":false,"campfire_upgraded":5,"win_rate":0,"timestamp":1563659324,"path_taken":["M","M","?","?","M","R","E","$","T","E","R","?","?","?","R","BOSS","M","$","M","?","$","R","M","?","T","R","E","R","?","M","R","BOSS","M","?","?","M","?","R","M","M","T","M","M","?","$","M","R","BOSS"],"build_version":"2019-07-05","purchased_purges":3,"victory":false,"max_hp_per_floor":[80,80,80,80,80,80,80,80,80,80,80,80,80,80,80,80,80,80,80,80,80,80,80,80,80,80,80,80,80,80,80,80,83,83,86,86,86,86,89,89,89,89,89,89,89,89,89,89,89,89],"card_choices":[{"not_picked":["Fire Breathing","Clash"],"picked":"Rampage","floor":0},{"not_picked":["Rampage","Warcry"],"picked":"Iron Wave","floor":1},{"not_picked":["Power Through","Perfected Strike"],"picked":"Inflame","floor":2},{"not_picked":["Clash","Pummel"],"picked":"Shrug It Off","floor":4},{"not_picked":["Shrug It Off","Hemokinesis"],"picked":"Headbutt","floor":5},{"not_picked":["Clash","Blood for Blood"],"picked":"Carnage","floor":7},{"not_picked":["Bloodletting","Heavy Blade","Inflame"],"picked":"SKIP","floor":10},{"not_picked":["Juggernaut","Bludgeon"],"picked":"Feed","floor":16},{"not_picked":[],"picked":"Headbutt","floor":18},{"not_picked":[],"picked":"Uppercut+1","floor":20},{"not_picked":["Flex"],"picked":"SKIP","floor":21},{"not_picked":["Feel No Pain"],"picked":"SKIP","floor":24},{"not_picked":["Sword Boomerang+1"],"picked":"SKIP","floor":28},{"not_picked":["True Grit"],"picked":"SKIP","floor":31},{"not_picked":[],"picked":"Limit Break","floor":33},{"not_picked":["Shrug It Off"],"picked":"SKIP","floor":35},{"not_picked":["Burning Pact"],"picked":"SKIP","floor":38},{"not_picked":["Clash"],"picked":"SKIP","floor":39},{"not_picked":["Bloodletting"],"picked":"SKIP","floor":41},{"not_picked":["Anger"],"picked":"SKIP","floor":42},{"not_picked":["Flex"],"picked":"SKIP","floor":44},{"not_picked":["Pommel Strike"],"picked":"SKIP","floor":48}],"player_experience":46275,"relics_obtained":[{"floor":7,"key":"Orichalcum"},{"floor":9,"key":"PreservedInsect"},{"floor":10,"key":"Happy Flower"},{"floor":12,"key":"Shuriken"},{"floor":26,"key":"Vajra"},{"floor":28,"key":"Dream Catcher"},{"floor":30,"key":"Dodecahedron"},{"floor":46,"key":"Kunai"}],"event_choices":[{"damage_healed":0,"gold_gain":0,"player_choice":"Forge","damage_taken":0,"max_hp_gain":0,"max_hp_loss":0,"event_name":"Accursed Blacksmith","floor":3,"gold_loss":0,"cards_upgraded":["Inflame"]},{"damage_healed":0,"gold_gain":0,"player_choice":"Ignored","damage_taken":0,"max_hp_gain":0,"max_hp_loss":0,"event_name":"Liars Game","floor":13,"gold_loss":0},{"damage_healed":0,"gold_gain":0,"cards_transformed":["Strike_R"],"player_choice":"Transformed","damage_taken":0,"max_hp_gain":0,"max_hp_loss":0,"event_name":"Transmorgrifier","floor":14,"gold_loss":0,"cards_obtained":["Uppercut"]},{"damage_healed":0,"gold_gain":0,"player_choice":"Paid Fearfully","damage_taken":0,"max_hp_gain":0,"max_hp_loss":0,"event_name":"Masked Bandits","floor":25,"gold_loss":73},{"cards_removed":["Defend_R"],"damage_healed":0,"gold_gain":0,"player_choice":"Removed Skill","damage_taken":0,"max_hp_gain":0,"max_hp_loss":0,"event_name":"Falling","floor":36,"gold_loss":0},{"damage_healed":0,"gold_gain":0,"player_choice":"Ignored","damage_taken":0,"max_hp_gain":0,"max_hp_loss":0,"event_name":"Mysterious Sphere","floor":37,"gold_loss":0}],"is_beta":false,"boss_relics":[{"not_picked":["White Beast Statue","Runic Pyramid"],"picked":"Busted Crown"},{"not_picked":["Tiny House","Black Star"],"picked":"Velvet Choker"}],"items_purged_floors":[8,19,47],"is_endless":false,"potions_floor_spawned":[1,5,10,16,20,21,33,35,39,42,44],"killed_by":"Donu and Deca","ascension_level":2}