{"gold_per_floor":[12,31,49,69,80,80,91,91,91,111,123,123,133,156,156,256,256,266,266,266,45,60,92,45,45,45,8,8,41,56,68,68,165,165,180,180,198,0,0,0,29,76,76,87,105,122,122,134,134,134],"floor_reached":50,"playtime":1563,"items_purged":["Strike_B"],"score":639,"play_id":"5b4e9764-bed6-4acb-9fa2-4d11e7f890b1","local_time":"20190716234716","is_ascension_mode":true,"campfire_choices":[{"data":"Hyperbeam","floor":6,"key":"SMITH"},{"data":"Melter","floor":8,"key":"SMITH"},{"floor":12,"key":"RECALL"},{"data":"Reprogram","floor":15,"key":"SMITH"},{"data":"Buffer","floor":25,"key":"SMITH"},{"floor":32,"key":"REST"},{"data":"Echo Form","floor":40,"key":"SMITH"},{"data":"1","floor":47,"key":"LIFT"},{"floor":49,"key":"REST"}],"neow_cost":"NO_GOLD","seed_source_timestamp":450302718171419,"circlet_count":0,"master_deck":["Defend_B","Defend_B","Defend_B","Defend_B","Melter+1","Rebound","Hyperbeam+1","Rebound","Rebound","Reprogram+1","BootSequence","Rip and Tear+1","FTL+1","Beam Cell+1","Buffer+1","Rebound+1","Skim+1","Rebound+1","Echo Form+1","Leap+1","Sunder+1","Turbo+1","Sweeping Beam+1"],"relics":["Cracked Core","Molten Egg 2","Odd Mushroom","Velvet Choker","Lantern","Bronze Scales","Toxic Egg 2","Bottled Flame","Empty Cage","Red Mask","Bag of Marbles","Girya"],"potions_floor_usage":[16,23,33,33,33,37,42,50,50,50],"damage_taken":[{"damage":1,"enemies":"Jaw Worm","floor":1,"turns":5},{"damage":1,"enemies":"2 Louse","floor":2,"turns":2},{"damage":0,"enemies":"Small Slimes","floor":3,"turns":2},{"damage":6,"enemies":"Looter","floor":4,"turns":2},{"damage":2,"enemies":"3 Louse","floor":5,"turns":2},{"damage":0,"enemies":"Exordium Wildlife","floor":7,"turns":2},{"damage":9,"enemies":"2 Fungi Beasts","floor":10,"turns":2},{"damage":8,"enemies":"Blue Slaver","floor":11,"turns":2},{"damage":0,"enemies":"Exordium Wildlife","floor":13,"turns":1},{"damage":0,"enemies":"The Mushroom Lair","floor":14,"turns":2},{"damage":0,"enemies":"Slime Boss","floor":16,"turns":4},{"damage":6,"enemies":"3 Byrds","floor":18,"turns":3},{"damage":2,"enemies":"2 Thieves","floor":22,"turns":2},{"damage":18,"enemies":"Book of Stabbing","floor":23,"turns":4},{"damage":26,"enemies":"Slavers","floor":29,"turns":3},{"damage":12,"enemies":"Snecko","floor":30,"turns":5},{"damage":11,"enemies":"Sentry and Sphere","floor":31,"turns":3},{"damage":25,"enemies":"Collector","floor":33,"turns":6},{"damage":14,"enemies":"3 Shapes","floor":35,"turns":2},{"damage":0,"enemies":"Orb Walker","floor":37,"turns":2},{"damage":19,"enemies":"Nemesis","floor":41,"turns":5},{"damage":0,"enemies":"2 Orb Walkers","floor":42,"turns":2},{"damage":12,"enemies":"Writhing Mass","floor":44,"turns":3},{"damage":0,"enemies":"Jaw Worm Horde","floor":45,"turns":1},{"damage":4,"enemies":"Sphere and 2 Shapes","floor":46,"turns":1},{"damage":0,"enemies":"4 Shapes","floor":48,"turns":1},{"damage":56,"enemies":"Donu and Deca","floor":50,"turns":4}],"seed_played":"1334952426894189200","potions_obtained":[{"floor":1,"key":"GamblersBrew"},{"floor":4,"key":"EssenceOfSteel"},{"floor":7,"key":"FairyPotion"},{"floor":11,"key":"AttackPotion"},{"floor":16,"key":"EntropicBrew"},{"floor":30,"key":"LiquidBronze"},{"floor":35,"key":"SkillPotion"},{"floor":41,"key":"Ancient Potion"},{"floor":42,"key":"Dexterity Potion"},{"floor":48,"key":"EssenceOfSteel"}],"is_trial":false,"path_per_floor":["M","M","M","M","M","R","M","R","T","M","M","R","M","?","R","B",null,"M","?","?","$","M","E","$","R","T","$","$","E","M","M","R","B",null,"M","?","M","?","$","R","E","?","T","M","M","M","R","M","R","B"],"character_chosen":"DEFECT","items_purchased":["Lantern","Rebound+1","Skim+1"],"campfire_rested":2,"item_purchase_floors":[21,24,27],"current_hp_per_floor":[74,73,73,67,65,65,65,65,65,56,48,48,48,48,48,48,75,69,69,69,69,67,49,49,49,49,49,49,23,11,7,29,4,75,61,61,61,61,61,61,42,42,42,30,30,26,26,26,47,0],"gold":134,"neow_bonus":"REMOVE_TWO","is_prod":false,"is_daily":false,"chose_seed":false,"campfire_upgraded":5,"win_rate":0,"timestamp":1563335236,"path_taken":["M","M","M","M","M","R","M","R","T","M","M","R","M","?","R","BOSS","M","?","?","$","M","E","$","R","T","?","$","E","M","M","R","BOSS","M","?","M","?","$","R","E","?","T","M","M","?","R","M","R","BOSS"],"build_version":"2019-07-05","purchased_purges":1,"victory":false,"max_hp_per_floor":[75,75,75,75,75,75,75,75,75,75,75,75,75,75,75,75,75,75,75,75,75,75,75,75,75,75,75,75,75,75,75,75,75,75,75,71,71,71,71,71,71,71,71,71,71,71,71,71,71,71],"card_choices":[{"not_picked":["Stack","Redo"],"picked":"Melter","floor":1},{"not_picked":["Sweeping Beam","Hologram"],"picked":"Rebound","floor":2},{"not_picked":["Undo","Steam","Barrage"],"picked":"SKIP","floor":3},{"not_picked":["Ball Lightning","Barrage"],"picked":"Hyperbeam","floor":4},{"not_picked":["Genetic Algorithm","Compile Driver"],"picked":"Rebound","floor":5},{"not_picked":["Barrage","Cold Snap"],"picked":"Rebound","floor":7},{"not_picked":["Leap","Aggregate"],"picked":"Reprogram","floor":10},{"not_picked":["Hello World","Leap"],"picked":"BootSequence","floor":11},{"not_picked":["Capacitor","Stack"],"picked":"Rip and Tear+1","floor":13},{"not_picked":["Coolheaded","Stack"],"picked":"FTL+1","floor":14},{"not_picked":["Turbo","Gash+1"],"picked":"Beam Cell+1","floor":18},{"not_picked":["Steam Power","White Noise"],"picked":"Buffer","floor":22},{"not_picked":["Storm+1","Lockon+1","Glacier"],"picked":"SKIP","floor":23},{"not_picked":["Electrodynamics","Compile Driver+1","Ball Lightning+1"],"picked":"SKIP","floor":29},{"not_picked":["Ball Lightning+1","Defragment"],"picked":"Rebound+1","floor":30},{"not_picked":["Skim+1","Force Field+1","Redo+1"],"picked":"SKIP","floor":31},{"not_picked":["All For One+1","Multi-Cast+1"],"picked":"Echo Form","floor":33},{"not_picked":["Ball Lightning+1","Blizzard+1","Stack+1"],"picked":"SKIP","floor":35},{"not_picked":["Gash+1","Turbo+1"],"picked":"Leap+1","floor":37},{"not_picked":["Steam+1","Double Energy+1"],"picked":"Sunder+1","floor":41},{"not_picked":["Barrage+1","Gash+1"],"picked":"Turbo+1","floor":42},{"not_picked":["Steam+1","Hologram+1","Gash+1"],"picked":"SKIP","floor":44},{"not_picked":["Gash+1","Genetic Algorithm+1"],"picked":"Sweeping Beam+1","floor":45},{"not_picked":["Hologram+1","Amplify+1","Storm+1"],"picked":"SKIP","floor":46},{"not_picked":["Steam+1","Chaos+1","Aggregate+1"],"picked":"SKIP","floor":48}],"player_experience":184522,"relics_obtained":[{"floor":9,"key":"Molten Egg 2"},{"floor":14,"key":"Odd Mushroom"},{"floor":23,"key":"Bronze Scales"},{"floor":26,"key":"Toxic Egg 2"},{"floor":29,"key":"Bottled Flame"},{"floor":41,"key":"Bag of Marbles"},{"floor":42,"key":"Girya"}],"event_choices":[{"damage_healed":0,"gold_gain":0,"player_choice":"Fought Mushrooms","damage_taken":0,"max_hp_gain":0,"max_hp_loss":0,"event_name":"Mushrooms","floor":14,"gold_loss":0},{"damage_healed":0,"gold_gain":0,"player_choice":"Ignored","damage_taken":0,"max_hp_gain":0,"max_hp_loss":0,"event_name":"Ghosts","floor":19,"gold_loss":0},{"cards_removed":["Strike_B"],"damage_healed":0,"gold_gain":0,"player_choice":"Elegance","damage_taken":0,"max_hp_gain":0,"max_hp_loss":0,"event_name":"Back to Basics","floor":20,"gold_loss":0},{"damage_healed":0,"gold_gain":0,"player_choice":"Max HP","damage_taken":0,"max_hp_gain":0,"max_hp_loss":4,"event_name":"Winding Halls","floor":36,"gold_loss":0},{"damage_healed":0,"gold_gain":0,"player_choice":"Paid","damage_taken":0,"relics_obtained":["Red Mask"],"max_hp_gain":0,"max_hp_loss":0,"event_name":"Tomb of Lord Red Mask","floor":38,"gold_loss":198},{"damage_healed":0,"gold_gain":0,"player_choice":"Fight","damage_taken":0,"max_hp_gain":0,"max_hp_loss":0,"event_name":"Mysterious Sphere","floor":42,"gold_loss":0}],"is_beta":false,"boss_relics":[{"not_picked":["Philosopher\u0027s Stone","Tiny House"],"picked":"Velvet Choker"},{"not_picked":["Black Star","FrozenCore"],"picked":"Empty Cage"}],"items_purged_floors":[21],"is_endless":false,"potions_floor_spawned":[1,4,7,10,11,16,18,22,30,35,41,42,46,48],"killed_by":"Donu and Deca","ascension_level":2}