{"path_per_floor":["M","?","M","?","M","R","E","M","T","?"],"character_chosen":"DEFECT","items_purchased":[],"gold_per_floor":[119,89,106,106,121,121,149,169,169,199,199],"floor_reached":11,"campfire_rested":0,"playtime":332,"current_hp_per_floor":[56,56,60,53,53,53,38,27,27,13,0],"items_purged":[],"gold":199,"score":102,"play_id":"0c373579-3da5-41e9-a94c-3aa51e68937d","local_time":"20180516102205","is_prod":false,"is_daily":false,"chose_seed":false,"is_ascension_mode":true,"campfire_upgraded":1,"timestamp":1526458925,"path_taken":["M","?","M","?","M","R","E","?","T","?","E"],"build_version":"2018-05-15","seed_source_timestamp":230210170945875,"purchased_purges":0,"victory":false,"master_deck":["Strike_B","Strike_B","Defend_B","Defend_B","Defend_B","Defend_B","Zap+1","Dualcast","Streamline","Sweeping Beam","Lockon","All For One","Cold Snap","Go for the Eyes"],"max_hp_per_floor":[75,75,80,80,80,80,80,80,80,80,80],"relics":["Cracked Core","Bottled Flame","Kunai","Odd Mushroom"],"card_choices":[{"not_picked":["Hologram","Self Repair"],"picked":"Streamline","floor":1.0},{"not_picked":["Stack","Double Energy"],"picked":"Sweeping Beam","floor":3.0},{"not_picked":["Go for the Eyes","Redo"],"picked":"Lockon","floor":5.0},{"not_picked":["Scrape","Hello World"],"picked":"All For One","floor":7},{"not_picked":["Capacitor","Turbo"],"picked":"Cold Snap","floor":8},{"not_picked":["Stack","Cold Snap"],"picked":"Go for the Eyes","floor":10}],"player_experience":661050,"potions_floor_usage":[7,10,11],"damage_taken":[{"damage":12.0,"enemies":"Small Slimes","floor":1.0,"turns":4.0},{"damage":1.0,"enemies":"Cultist","floor":3.0,"turns":3.0},{"damage":0.0,"enemies":"2 Louse","floor":5.0,"turns":1.0},{"damage":22,"enemies":"3 Sentries","floor":7,"turns":5},{"damage":11,"enemies":"Looter","floor":8,"turns":2},{"damage":14,"enemies":"The Mushroom Lair","floor":10,"turns":3},{"damage":19,"enemies":"Gremlin Nob","floor":11,"turns":3}],"relics_obtained":[{"floor":7,"key":"Bottled Flame"},{"floor":9,"key":"Kunai"},{"floor":10,"key":"Odd Mushroom"}],"event_choices":[{"event_name":"The Woman in Blue","player_choice":"Bought 2 Potions","floor":2.0,"damage_taken":0.0},{"event_name":"Golden Wing","player_choice":"Card Removal","floor":4.0,"damage_taken":0.0},{"event_name":"Mushrooms","player_choice":"Fought Mushrooms","floor":10,"damage_taken":0}],"boss_relics":[],"potions_floor_spawned":[5,7],"seed_played":"-5386396794979592246","killed_by":"Gremlin Nob","ascension_level":8,"potions_obtained":[{"floor":2.0,"key":"Fruit Juice"},{"floor":2.0,"key":"Swift Potion"},{"floor":5.0,"key":"PowerPotion"},{"floor":7,"key":"PowerPotion"}],"is_trial":false}