{"gold_per_floor":[13,23,23,46,66,66,66,66,90,165,165,180,180,14,14,108,108,121,121,145,159,74,74,94,94,94,19,37,37,37],"floor_reached":30,"playtime":2064,"items_purged":["Strike_G"],"score":418,"play_id":"565f57f7-7296-443b-84d1-e24360bf9109","local_time":"20190728221113","is_ascension_mode":true,"campfire_choices":[{"data":"Dodge and Roll","floor":6,"key":"SMITH"},{"data":"Neutralize","floor":8,"key":"SMITH"},{"data":"Terror","floor":13,"key":"SMITH"},{"data":"Poisoned Stab","floor":15,"key":"SMITH"},{"data":"Deadly Poison","floor":23,"key":"SMITH"},{"floor":25,"key":"REST"}],"neow_cost":"NO_GOLD","seed_source_timestamp":0,"circlet_count":0,"master_deck":["AscendersBane","Strike_G","Strike_G","Strike_G","Strike_G","Defend_G","Defend_G","Defend_G","Defend_G","Survivor","Neutralize+1","Cloak And Dagger","Poisoned Stab+1","Dodge and Roll+1","Deadly Poison+1","Terror+1","Adrenaline","Bane","Acrobatics","Deadly Poison","Noxious Fumes","Dodge and Roll"],"special_seed":0,"relics":["Ring of the Snake","Golden Idol","Blood Vial","Boot","Potion Belt","Meat on the Bone"],"potions_floor_usage":[18,18,21,24],"damage_taken":[{"damage":4.0,"enemies":"Cultist","floor":1.0,"turns":4.0},{"damage":8,"enemies":"Small Slimes","floor":2,"turns":5},{"damage":2,"enemies":"2 Louse","floor":4,"turns":3},{"damage":3,"enemies":"2 Fungi Beasts","floor":5,"turns":4},{"damage":0,"enemies":"Looter","floor":12,"turns":5},{"damage":19,"enemies":"The Guardian","floor":16,"turns":12},{"damage":0,"enemies":"Chosen","floor":18,"turns":4},{"damage":14,"enemies":"3 Byrds","floor":20,"turns":7},{"damage":27,"enemies":"Shelled Parasite and Fungi","floor":21,"turns":12},{"damage":18,"enemies":"Snake Plant","floor":24,"turns":4},{"damage":12,"enemies":"Centurion and Healer","floor":28,"turns":7},{"damage":75,"enemies":"Cultist and Chosen","floor":30,"turns":5}],"seed_played":"4544630213189237942","potions_obtained":[{"floor":2,"key":"AttackPotion"},{"floor":4,"key":"SteroidPotion"},{"floor":5,"key":"Block Potion"},{"floor":18,"key":"Regen Potion"},{"floor":21,"key":"Weak Potion"},{"floor":24,"key":"Dexterity Potion"}],"is_trial":false,"path_per_floor":["M","M","?","M","M","R","?","R","T","?","?","M","R","$","R","B",null,"M","?","M","M","?","R","M","R","T","$","M","$","M"],"character_chosen":"THE_SILENT","items_purchased":["Boot"],"campfire_rested":1,"item_purchase_floors":[14],"current_hp_per_floor":[67,59,59,57,54,54,54,54,54,43,36,38,38,38,38,21,59,61,61,49,39,39,39,23,44,44,44,46,46,0],"gold":37,"neow_bonus":"TWENTY_PERCENT_HP_BONUS","is_prod":false,"is_daily":false,"chose_seed":false,"campfire_upgraded":5,"win_rate":0,"timestamp":1564344673,"path_taken":["M","M","?","M","M","R","?","R","T","?","?","M","R","?","R","BOSS","M","?","M","M","?","R","M","R","T","$","M","$","M"],"build_version":"2019-07-17","purchased_purges":1,"victory":false,"max_hp_per_floor":[78,78,71,71,71,71,71,71,71,71,71,71,71,71,71,71,71,71,71,71,71,71,71,71,71,71,71,71,71,71],"card_choices":[{"not_picked":["Flying Knee","Choke"],"picked":"Cloak And Dagger","floor":1.0},{"not_picked":["Sucker Punch","Riddle With Holes"],"picked":"Poisoned Stab","floor":2},{"not_picked":["Reflex","PiercingWail"],"picked":"Dodge and Roll","floor":4},{"not_picked":["Quick Slash","Bane"],"picked":"Deadly Poison","floor":5},{"not_picked":["Dodge and Roll","Prepared"],"picked":"Terror","floor":12},{"not_picked":["Tools of the Trade","Unload"],"picked":"Adrenaline","floor":16},{"not_picked":["Flying Knee","Deadly Poison"],"picked":"Bane","floor":18},{"not_picked":["Outmaneuver","Dagger Throw"],"picked":"Acrobatics","floor":20},{"not_picked":["Flying Knee","Cloak And Dagger+1"],"picked":"Deadly Poison","floor":21},{"not_picked":["Sucker Punch","Skewer"],"picked":"Noxious Fumes","floor":24},{"not_picked":["Slice","Dagger Spray"],"picked":"Dodge and Roll","floor":28}],"player_experience":899187,"relics_obtained":[{"floor":9,"key":"Blood Vial"},{"floor":26,"key":"Meat on the Bone"}],"event_choices":[{"damage_healed":0,"gold_gain":0,"player_choice":"Lose Max HP","damage_taken":0,"relics_obtained":["Golden Idol"],"max_hp_gain":0,"max_hp_loss":7,"event_name":"Golden Idol","floor":3,"gold_loss":0},{"damage_healed":0,"gold_gain":0,"player_choice":"Leave","damage_taken":0,"max_hp_gain":0,"max_hp_loss":0,"event_name":"The Cleric","floor":7,"gold_loss":0},{"damage_healed":0,"gold_gain":75,"player_choice":"Gather Gold","damage_taken":11,"max_hp_gain":0,"max_hp_loss":0,"event_name":"World of Goop","floor":10,"gold_loss":0},{"cards_removed":["Defend_G"],"damage_healed":0,"gold_gain":0,"player_choice":"Card Removal","damage_taken":7,"max_hp_gain":0,"max_hp_loss":0,"event_name":"Golden Wing","floor":11,"gold_loss":0},{"damage_healed":0,"gold_gain":0,"player_choice":"Ignored","damage_taken":0,"max_hp_gain":0,"max_hp_loss":0,"event_name":"Beggar","floor":19,"gold_loss":0},{"damage_healed":0,"gold_gain":0,"player_choice":"Obtained Relic","damage_taken":0,"relics_obtained":["Potion Belt"],"max_hp_gain":0,"max_hp_loss":0,"event_name":"Addict","floor":22,"gold_loss":85}],"is_beta":false,"boss_relics":[{"not_picked":["Ectoplasm","Philosopher\u0027s Stone","Runic Dome"]}],"items_purged_floors":[27],"is_endless":false,"potions_floor_spawned":[2,4,5,18,21,24],"killed_by":"Cultist and Chosen","ascension_level":18}