{"gold_per_floor":[111,126,88,163,34,34,48,65,92,92,110,135,155,175,175,274,274,289,308,323,336,347,347,363,363,388,58,77,77,77,2,2,100,100,118,135,135],"floor_reached":37,"playtime":6034,"items_purged":[],"score":377,"play_id":"202b01e3-1b3b-4b9e-83b9-3f148df41728","local_time":"20190629165834","is_ascension_mode":false,"campfire_choices":[{"data":"Swift Strike","floor":6,"key":"SMITH"},{"data":"Clothesline","floor":10,"key":"SMITH"},{"data":"Rage","floor":15,"key":"SMITH"},{"floor":23,"key":"REST"},{"floor":25,"key":"REST"},{"floor":30,"key":"REST"},{"floor":32,"key":"REST"}],"neow_cost":"NONE","seed_source_timestamp":1375170782741987,"circlet_count":0,"master_deck":["Strike_R","Strike_R","Strike_R","Strike_R","Strike_R","Defend_R","Defend_R","Defend_R","Bash","Iron Wave","Corruption","Entrench","Shockwave","Swift Strike+1","Clothesline+1","Armaments","Feel No Pain","Power Through","Rage+1","Rage","Fiend Fire","Anger","Cleave","Headbutt+1","Disarm+1","Body Slam+1","Dual Wield+1","Feed","Carnage","Magnetism","Twin Strike+1","Dark Embrace","Armaments+1","Cleave+1"],"relics":["Black Blood","NeowsBlessing","Bag of Preparation","Juzu Bracelet","Sozu","Regal Pillow","Nilry\u0027s Codex"],"potions_floor_usage":[12,18,28],"damage_taken":[{"damage":0,"enemies":"Small Slimes","floor":1,"turns":1},{"damage":0,"enemies":"Cultist","floor":2,"turns":1},{"damage":0,"enemies":"2 Louse","floor":7,"turns":2},{"damage":9,"enemies":"Looter","floor":8,"turns":4},{"damage":0,"enemies":"Large Slime","floor":11,"turns":3},{"damage":7,"enemies":"Lagavulin","floor":12,"turns":6},{"damage":0,"enemies":"2 Fungi Beasts","floor":13,"turns":4},{"damage":12,"enemies":"Exordium Thugs","floor":14,"turns":5},{"damage":50,"enemies":"The Guardian","floor":16,"turns":13},{"damage":14,"enemies":"2 Thieves","floor":18,"turns":4},{"damage":9,"enemies":"3 Byrds","floor":19,"turns":7},{"damage":4,"enemies":"3 Cultists","floor":20,"turns":6},{"damage":12,"enemies":"Centurion and Healer","floor":21,"turns":11},{"damage":39,"enemies":"Shelled Parasite and Fungi","floor":22,"turns":7},{"damage":22,"enemies":"Chosen and Byrds","floor":24,"turns":7},{"damage":38,"enemies":"Sentry and Sphere","floor":28,"turns":8},{"damage":30,"enemies":"Champ","floor":33,"turns":12},{"damage":53,"enemies":"3 Shapes","floor":35,"turns":5},{"damage":33,"enemies":"3 Darklings","floor":36,"turns":10},{"damage":16,"enemies":"Sphere and 2 Shapes","floor":37,"turns":2}],"seed_played":"-4552918400686186128","potions_obtained":[{"floor":2,"key":"Explosive Potion"},{"floor":7,"key":"Ancient Potion"},{"floor":11,"key":"Energy Potion"},{"floor":14,"key":"SkillPotion"},{"floor":16,"key":"GamblersBrew"}],"is_trial":false,"path_per_floor":["M","M","$","?","$","R","M","M","T","R","M","E","M","M","R","B",null,"M","M","M","M","M","R","M","R","T","$","M","?","R","?","R","B",null,"M","M","M"],"character_chosen":"IRONCLAD","items_purchased":["Entrench","Shockwave","Swift Strike","Feed","Carnage","Magnetism"],"campfire_rested":4,"item_purchase_floors":[3,5,5,27,27,27],"current_hp_per_floor":[80,80,80,72,72,72,78,75,75,75,80,79,80,74,74,30,80,72,69,71,65,32,56,40,64,64,64,32,16,55,55,80,56,80,37,14,0],"gold":135,"neow_bonus":"THREE_ENEMY_KILL","is_prod":false,"is_daily":false,"chose_seed":false,"campfire_upgraded":3,"win_rate":0.0,"timestamp":1561841914,"path_taken":["M","M","$","?","?","R","M","M","T","R","M","E","M","M","R","BOSS","M","M","M","M","M","R","M","R","T","$","M","?","R","?","R","BOSS","M","M","M"],"build_version":"2019-01-23","purchased_purges":0,"victory":false,"max_hp_per_floor":[80,80,80,80,80,80,80,80,80,80,80,80,80,80,80,80,80,80,80,80,80,80,80,80,80,80,80,80,80,80,80,80,80,80,80,80,80],"card_choices":[{"not_picked":["Twin Strike","Dropkick"],"picked":"Iron Wave","floor":1},{"not_picked":["Iron Wave","Shrug It Off"],"picked":"Corruption","floor":2},{"not_picked":["Headbutt","Pummel"],"picked":"Clothesline","floor":7},{"not_picked":["Sword Boomerang","Pummel"],"picked":"Armaments","floor":8},{"not_picked":["Iron Wave","Perfected Strike"],"picked":"Feel No Pain","floor":11},{"not_picked":["Clash","Dropkick"],"picked":"Power Through","floor":12},{"not_picked":["Brutality","Iron Wave"],"picked":"Rage","floor":13},{"not_picked":["Searing Blow","Entrench"],"picked":"Rage","floor":14},{"not_picked":["Impervious","Reaper"],"picked":"Fiend Fire","floor":16},{"not_picked":["Intimidate+1","Clothesline"],"picked":"Anger","floor":18},{"not_picked":["Rage","Uppercut"],"picked":"Cleave","floor":19},{"not_picked":["Shockwave","Dropkick"],"picked":"Headbutt+1","floor":20},{"not_picked":["Iron Wave","Clothesline"],"picked":"Disarm+1","floor":21},{"not_picked":["Headbutt","Anger"],"picked":"Body Slam+1","floor":22},{"not_picked":["Sever Soul","Headbutt"],"picked":"Dual Wield+1","floor":24},{"not_picked":["Armaments","Searing Blow+1"],"picked":"Twin Strike+1","floor":28},{"not_picked":["Berserk","Reaper"],"picked":"Dark Embrace","floor":33},{"not_picked":["Anger+1","Flex"],"picked":"Armaments+1","floor":35},{"not_picked":["Bloodletting","Rage+1"],"picked":"Cleave+1","floor":36}],"player_experience":0,"relics_obtained":[{"floor":9,"key":"Bag of Preparation"},{"floor":12,"key":"Juzu Bracelet"},{"floor":26,"key":"Regal Pillow"},{"floor":29,"key":"Nilry\u0027s Codex"}],"event_choices":[{"damage_healed":0,"gold_gain":75,"player_choice":"Touch","damage_taken":8,"max_hp_gain":0,"max_hp_loss":0,"event_name":"FaceTrader","floor":4,"gold_loss":0},{"damage_healed":0,"gold_gain":0,"player_choice":"Obtained Book","damage_taken":16,"max_hp_gain":0,"max_hp_loss":0,"event_name":"Cursed Tome","floor":29,"gold_loss":0},{"cards_removed":["Defend_R"],"damage_healed":0,"gold_gain":0,"player_choice":"Gave Gold","damage_taken":0,"max_hp_gain":0,"max_hp_loss":0,"event_name":"Beggar","floor":31,"gold_loss":75}],"is_beta":false,"boss_relics":[{"not_picked":["Runic Cube","Mark of Pain"],"picked":"Sozu"},{"not_picked":["Orrery","Philosopher\u0027s Stone"],"picked":"Black Blood"}],"items_purged_floors":[],"is_endless":false,"potions_floor_spawned":[2,7,11,14,16,19,21,24,28,35,36],"killed_by":"Sphere and 2 Shapes","ascension_level":0}