{"gold_per_floor":[113,127,141,97,113,113,38,71,71,71,90,104,138,138],"floor_reached":14,"playtime":629,"items_purged":["Strike_R"],"score":204,"play_id":"5b157203-a627-43a7-ba64-ce1d837d8574","local_time":"20190306175223","is_ascension_mode":true,"campfire_choices":[{"data":"True Grit","floor":6.0,"key":"SMITH"},{"data":"Bash","floor":10.0,"key":"SMITH"}],"neow_cost":"NONE","seed_source_timestamp":121188509952183,"circlet_count":0,"master_deck":["AscendersBane","Strike_R","Strike_R","Strike_R","Strike_R","Defend_R","Defend_R","Defend_R","Defend_R","Bash+1","True Grit+1","Battle Trance","Fiend Fire","Metallicize","Power Through","Burning Pact","Metallicize+1"],"special_seed":0,"relics":["Burning Blood","Strawberry","Lantern","Frozen Egg 2","Singing Bowl"],"potions_floor_usage":[13],"damage_taken":[{"damage":2.0,"enemies":"Cultist","floor":1.0,"turns":4.0},{"damage":11.0,"enemies":"Small Slimes","floor":2.0,"turns":5.0},{"damage":5.0,"enemies":"Jaw Worm","floor":3.0,"turns":4.0},{"damage":1.0,"enemies":"2 Fungi Beasts","floor":5.0,"turns":3.0},{"damage":47.0,"enemies":"3 Sentries","floor":8.0,"turns":18.0},{"damage":15.0,"enemies":"3 Louse","floor":11.0,"turns":5.0},{"damage":4,"enemies":"Red Slaver","floor":12,"turns":2},{"damage":18,"enemies":"Gremlin Nob","floor":13,"turns":4},{"damage":30,"enemies":"Exordium Thugs","floor":14,"turns":7}],"seed_played":"2812939213583482203","potions_obtained":[{"floor":2.0,"key":"Energy Potion"},{"floor":8.0,"key":"Weak Potion"},{"floor":11.0,"key":"Block Potion"},{"floor":12,"key":"Ancient Potion"}],"is_trial":false,"path_per_floor":["M","M","M","$","M","R","$","E","T","R","M","M","E","M"],"character_chosen":"IRONCLAD","items_purchased":["Metallicize"],"campfire_rested":0,"item_purchase_floors":[4],"current_hp_per_floor":[79,74,75,75,80,80,80,39,39,39,30,32,20,0],"gold":138,"neow_bonus":"RANDOM_COMMON_RELIC","is_prod":false,"is_daily":false,"chose_seed":false,"campfire_upgraded":2,"win_rate":0,"timestamp":1551891143,"path_taken":["M","M","?","$","M","R","$","E","T","R","M","M","E","M"],"build_version":"2019-01-23","purchased_purges":1,"victory":false,"max_hp_per_floor":[82,82,82,82,82,82,82,82,82,82,82,82,82,82],"card_choices":[{"not_picked":["Sever Soul","Heavy Blade"],"picked":"True Grit","floor":1.0},{"not_picked":["Reckless Charge","Shrug It Off"],"picked":"Battle Trance","floor":2.0},{"not_picked":["Perfected Strike","Dropkick"],"picked":"Fiend Fire","floor":3.0},{"not_picked":["Ghostly Armor","Flex"],"picked":"Power Through","floor":5.0},{"not_picked":["Body Slam","Intimidate","Armaments"],"picked":"SKIP","floor":8.0},{"not_picked":["Body Slam","Intimidate","Armaments"],"picked":"SKIP","floor":8.0},{"not_picked":["Pommel Strike","Heavy Blade"],"picked":"Burning Pact","floor":11.0},{"not_picked":["Perfected Strike","Blood for Blood","Shrug It Off"],"picked":"SKIP","floor":12},{"not_picked":["Warcry","Burning Pact"],"picked":"Metallicize+1","floor":13}],"player_experience":945607,"relics_obtained":[{"floor":8.0,"key":"Lantern"},{"floor":9.0,"key":"Frozen Egg 2"},{"floor":13,"key":"Singing Bowl"}],"event_choices":[],"is_beta":false,"boss_relics":[],"items_purged_floors":[7],"is_endless":false,"potions_floor_spawned":[2,8,11,12],"killed_by":"Exordium Thugs","ascension_level":20}