{"gold_per_floor":[112,126,136,151,163,188,188,188,188,220,220,220,249,262,262,362,362,379,155,171,12,32,63,63,80,80,90,100,100,135,151,151,251,251,271,271,271,285,169,194,194,208,233,244,270,318,318,332,332,332],"floor_reached":51,"playtime":1911,"items_purged":["Strike_R"],"score":883,"play_id":"e754c344-be28-4f04-bec8-d51a82616692","local_time":"20190717012849","is_ascension_mode":true,"campfire_choices":[{"data":"Corruption","floor":7,"key":"SMITH"},{"data":"Flame Barrier","floor":12,"key":"SMITH"},{"data":"Body Slam","floor":15,"key":"SMITH"},{"data":"Barricade","floor":24,"key":"SMITH"},{"data":"Body Slam","floor":29,"key":"SMITH"},{"data":"Demon Form","floor":32,"key":"SMITH"},{"data":"Metallicize","floor":41,"key":"SMITH"},{"floor":47,"key":"REST"},{"data":"Body Slam","floor":49,"key":"SMITH"}],"neow_cost":"TEN_PERCENT_HP_LOSS","seed_source_timestamp":477698976191385,"circlet_count":0,"master_deck":["Strike_R","Strike_R+1","Strike_R","Defend_R","Defend_R","Defend_R","Defend_R","Bash","Corruption+1","Sever Soul","Shrug It Off","Flame Barrier+1","Wild Strike","Wild Strike","Barricade+1","Body Slam+1","Impervious","Shrug It Off+1","Body Slam+1","Demon Form+1","Flame Barrier+1","Havoc+1","Sentinel","True Grit+1","Feel No Pain","Flame Barrier","Feel No Pain","Juggernaut","Pummel+1","Panacea","Swift Strike","Good Instincts","Clash+1","Metallicize+1","Armaments","Body Slam+1","Corruption+1","Rage","Body Slam+1"],"relics":["Burning Blood","Thread and Needle","Orichalcum","Matryoshka","Happy Flower","Self Forming Clay","Mark of Pain","Bronze Scales","Blood Vial","Lantern","Mummified Hand","Omamori","Cursed Key","Magic Flower","PreservedInsect","Whetstone","Juzu Bracelet","Boot"],"potions_floor_usage":[6,20,30,30,40,42,42,42,45],"damage_taken":[{"damage":0,"enemies":"2 Louse","floor":1,"turns":3},{"damage":0,"enemies":"Small Slimes","floor":2,"turns":3},{"damage":0,"enemies":"Cultist","floor":3,"turns":3},{"damage":3,"enemies":"Exordium Wildlife","floor":4,"turns":3},{"damage":3,"enemies":"3 Louse","floor":5,"turns":5},{"damage":30,"enemies":"3 Sentries","floor":6,"turns":10},{"damage":23,"enemies":"Lagavulin","floor":10,"turns":9},{"damage":9,"enemies":"Gremlin Nob","floor":13,"turns":4},{"damage":4,"enemies":"Lots of Slimes","floor":14,"turns":5},{"damage":11,"enemies":"The Guardian","floor":16,"turns":12},{"damage":11,"enemies":"3 Byrds","floor":18,"turns":8},{"damage":8,"enemies":"Spheric Guardian","floor":20,"turns":5},{"damage":7,"enemies":"Snake Plant","floor":22,"turns":4},{"damage":6,"enemies":"Book of Stabbing","floor":23,"turns":5},{"damage":0,"enemies":"Snecko","floor":25,"turns":5},{"damage":28,"enemies":"3 Cultists","floor":27,"turns":7},{"damage":4,"enemies":"Chosen and Byrds","floor":28,"turns":6},{"damage":3,"enemies":"Slavers","floor":30,"turns":4},{"damage":0,"enemies":"Snake Plant","floor":31,"turns":4},{"damage":5,"enemies":"Automaton","floor":33,"turns":9},{"damage":0,"enemies":"3 Shapes","floor":35,"turns":5},{"damage":5,"enemies":"3 Darklings","floor":38,"turns":7},{"damage":18,"enemies":"Nemesis","floor":40,"turns":5},{"damage":15,"enemies":"Transient","floor":42,"turns":5},{"damage":3,"enemies":"Sphere and 2 Shapes","floor":44,"turns":6},{"damage":38,"enemies":"Reptomancer","floor":45,"turns":6},{"damage":9,"enemies":"Spire Growth","floor":48,"turns":5},{"damage":15,"enemies":"Time Eater","floor":50,"turns":10}],"seed_played":"-7259946197787308117","potions_obtained":[{"floor":5,"key":"PowerPotion"},{"floor":10,"key":"Fire Potion"},{"floor":14,"key":"Swift Potion"},{"floor":16,"key":"Strength Potion"},{"floor":20,"key":"Explosive Potion"},{"floor":30,"key":"SpeedPotion"},{"floor":33,"key":"PowerPotion"},{"floor":35,"key":"Strength Potion"},{"floor":40,"key":"Regen Potion"},{"floor":44,"key":"PowerPotion"}],"is_trial":false,"path_per_floor":["M","M","M","M","M","E","R","?","T","E","?","R","E","M","R","B",null,"M","$","M","$","M","E","R","M","T","M","M","R","E","M","R","B",null,"M","?","?","M","$","E","R","M","T","M","E","T","R","M","R","B",null],"character_chosen":"IRONCLAD","items_purchased":["Bronze Scales","Demon Form","Metallicize","Armaments"],"campfire_rested":1,"item_purchase_floors":[19,21,39,39],"current_hp_per_floor":[72,72,72,72,72,48,48,53,53,36,77,77,74,76,76,71,77,72,72,70,70,69,69,69,77,77,55,59,59,64,72,72,75,77,77,67,67,70,70,60,60,77,77,77,48,48,71,74,74,71],"gold":332,"neow_bonus":"ONE_RARE_RELIC","is_prod":false,"is_daily":false,"chose_seed":false,"campfire_upgraded":8,"win_rate":0,"timestamp":1563344929,"path_taken":["M","M","M","M","M","E","R","?","T","E","?","R","E","M","R","BOSS","M","$","M","$","M","E","R","?","T","M","M","R","E","M","R","BOSS","M","?","?","?","?","E","R","M","T","M","E","?","R","M","R","BOSS"],"build_version":"2019-07-05","purchased_purges":1,"victory":true,"max_hp_per_floor":[72,72,72,72,72,72,72,77,77,77,77,77,77,77,77,77,77,77,77,77,77,77,77,77,77,77,77,77,77,77,77,77,77,77,77,77,77,77,77,77,77,77,77,77,77,77,77,77,77,77],"card_choices":[{"not_picked":["Sword Boomerang","Shrug It Off"],"picked":"Corruption","floor":1},{"not_picked":["Bloodletting","Havoc"],"picked":"Sever Soul","floor":2},{"not_picked":["Body Slam","Heavy Blade"],"picked":"Shrug It Off","floor":3},{"not_picked":["Carnage","Warcry"],"picked":"Pummel","floor":4},{"not_picked":["Warcry","Reckless Charge"],"picked":"Flame Barrier","floor":5},{"not_picked":["Perfected Strike","Reckless Charge"],"picked":"Wild Strike","floor":6},{"not_picked":["Clothesline","Flex"],"picked":"Wild Strike","floor":10},{"not_picked":["Thunderclap","Iron Wave"],"picked":"Barricade","floor":13},{"not_picked":["Pommel Strike","Disarm"],"picked":"Body Slam","floor":14},{"not_picked":["Fiend Fire","Exhume"],"picked":"Impervious","floor":16},{"not_picked":["Perfected Strike","Heavy Blade"],"picked":"Shrug It Off+1","floor":18},{"not_picked":["Clothesline+1","Disarm+1"],"picked":"Body Slam","floor":20},{"not_picked":["Warcry+1","Body Slam"],"picked":"Flame Barrier+1","floor":22},{"not_picked":["Wild Strike","Ghostly Armor"],"picked":"Havoc+1","floor":23},{"not_picked":["Hemokinesis","Thunderclap"],"picked":"Sentinel","floor":25},{"not_picked":["Wild Strike+1","Pommel Strike+1"],"picked":"True Grit+1","floor":27},{"not_picked":["Pommel Strike","Perfected Strike"],"picked":"Feel No Pain","floor":28},{"not_picked":["Feed","Flex"],"picked":"Flame Barrier","floor":30},{"not_picked":["Headbutt","Burning Pact"],"picked":"Feel No Pain","floor":31},{"not_picked":["Feed","Double Tap"],"picked":"Juggernaut","floor":33},{"not_picked":["Iron Wave","Cleave"],"picked":"Pummel+1","floor":35},{"not_picked":["HandOfGreed","Mayhem"],"picked":"Panacea","floor":36},{"not_picked":["Mind Blast","Flash of Steel"],"picked":"Swift Strike","floor":36},{"not_picked":["Impatience","Discovery"],"picked":"Good Instincts","floor":36},{"not_picked":["Clothesline","Intimidate","Corruption+1"],"picked":"SKIP","floor":38},{"not_picked":["Intimidate","Rupture+1"],"picked":"Body Slam+1","floor":40},{"not_picked":["Blood for Blood+1","Perfected Strike+1","Clothesline+1"],"picked":"SKIP","floor":42},{"not_picked":["Pommel Strike","Thunderclap+1"],"picked":"Corruption+1","floor":44},{"not_picked":["Perfected Strike","Intimidate"],"picked":"Rage","floor":45},{"not_picked":["Twin Strike+1","Pommel Strike"],"picked":"Body Slam","floor":48}],"player_experience":103771,"relics_obtained":[{"floor":6,"key":"Orichalcum"},{"floor":9,"key":"Matryoshka"},{"floor":10,"key":"Happy Flower"},{"floor":13,"key":"Self Forming Clay"},{"floor":23,"key":"Blood Vial"},{"floor":26,"key":"Lantern"},{"floor":26,"key":"Mummified Hand"},{"floor":30,"key":"Omamori"},{"floor":40,"key":"Magic Flower"},{"floor":43,"key":"PreservedInsect"},{"floor":43,"key":"Whetstone"},{"floor":45,"key":"Juzu Bracelet"},{"floor":46,"key":"Boot"}],"event_choices":[{"damage_healed":0,"gold_gain":0,"player_choice":"Donut","damage_taken":0,"max_hp_gain":5,"max_hp_loss":0,"event_name":"Big Fish","floor":8,"gold_loss":0},{"cards_removed":["Pummel"],"damage_healed":41,"gold_gain":0,"player_choice":"Offered Uncommon","damage_taken":0,"max_hp_gain":0,"max_hp_loss":0,"event_name":"Bonfire Elementals","floor":11,"gold_loss":0},{"damage_healed":0,"gold_gain":0,"player_choice":"Memory 3","damage_taken":10,"max_hp_gain":0,"max_hp_loss":0,"event_name":"SensoryStone","floor":36,"gold_loss":0},{"damage_healed":0,"gold_gain":0,"cards_transformed":["Strike_R"],"player_choice":"Transformed","damage_taken":0,"max_hp_gain":0,"max_hp_loss":0,"event_name":"Transmorgrifier","floor":37,"gold_loss":0,"cards_obtained":["Clash"]}],"is_beta":false,"boss_relics":[{"not_picked":["Ectoplasm","Fusion Hammer"],"picked":"Mark of Pain"},{"not_picked":["Coffee Dripper","Runic Pyramid"],"picked":"Cursed Key"}],"items_purged_floors":[19],"is_endless":false,"potions_floor_spawned":[5,10,14,16,20,25,30,33,35,40,44],"ascension_level":1}