{"path_per_floor":["M","?","$","M","$","R","?","M","T","R","M","M","R","$","R","B",null,"M","?","M","$","?","R","M","M","T","R","M","R","M","?","R","B",null,"M","M","?","?","?","E","R","?","T","M","$","M","R","?","R"],"character_chosen":"IRONCLAD","items_purchased":["Singing Bowl","Swift Potion"],"gold_per_floor":[115,115,40,55,55,55,55,78,78,78,91,116,116,116,116,236,236,227,227,241,92,92,92,112,131,131,131,145,145,170,170,170,301,301,315,334,334,0,0,34,34,34,34,53,3,17,17,380,380],"floor_reached":50,"campfire_rested":6,"playtime":2587,"current_hp_per_floor":[77,57,57,53,53,53,46,51,51,51,23,22,22,22,46,22,80,58,58,32,32,16,40,33,16,16,40,48,48,39,39,64,49,86,57,48,48,48,77,37,60,60,62,55,55,37,37,11,36],"items_purged":["Strike_R"],"gold":380,"score":517,"play_id":"faeb35b6-5d02-43cf-9f5f-c9bb90e93aab","is_prod":false,"is_daily":false,"is_ascension_mode":true,"campfire_upgraded":5,"path_taken":["M","?","?","M","?","R","?","M","T","R","M","?","R","$","R","BOSS","M","?","M","$","?","R","M","?","T","R","M","R","M","?","R","BOSS","M","M","?","?","?","E","R","?","T","M","?","?","R","?","R","BOSS"],"build_version":"2018-02-08-PROD1","purchased_purges":2,"victory":false,"master_deck":["Strike_R+1","Strike_R+1","Defend_R","Defend_R","Bash+1","Inflame+1","Pommel Strike+1","Flex","Bludgeon+1","Twin Strike","Blood for Blood","Necronomicurse","Heavy Blade","Berserk","Demon Form","Seeing Red+1"],"max_hp_per_floor":[80,80,80,80,80,80,80,80,80,80,80,80,80,80,80,80,80,80,80,80,80,80,80,80,82,82,82,84,84,86,86,86,86,86,86,88,88,88,77,79,79,79,81,81,81,83,83,85,85],"relics":["Burning Blood","Golden Idol","Gremlin Horn","Lizard Tail","Torii","Singing Bowl","Necronomicon","Whetstone","Question Card","Red Mask","Prayer Wheel","Sundial","Old Coin"],"card_choices":[{"not_picked":["Heavy Blade","Body Slam"],"picked":"Inflame"},{"not_picked":["Entrench","Twin Strike"],"picked":"Pommel Strike"},{"not_picked":["Havoc","Pommel Strike"],"picked":"Flex"},{"not_picked":["Impervious","Double Tap"],"picked":"Bludgeon"},{"not_picked":["Anger","Sword Boomerang"],"picked":"Twin Strike"},{"not_picked":["Flame Barrier","Twin Strike"],"picked":"Blood for Blood"},{"not_picked":["Pummel","Clothesline"],"picked":"Heavy Blade"},{"not_picked":["Limit Break","Juggernaut"],"picked":"Berserk"},{"not_picked":["Iron Wave","Body Slam","Second Wind"],"picked":"Armaments"},{"not_picked":["Heavy Blade","Spot Weakness","Whirlwind"],"picked":"Seeing Red"}],"player_experience":199821,"potions_floor_usage":[16,24,25,33,33,33,44,48,48,50],"damage_taken":[{"damage":9,"enemies":"Jaw Worm","floor":1,"turns":4},{"damage":10,"enemies":"Small Slimes","floor":4,"turns":4},{"damage":1,"enemies":"Cultist","floor":8,"turns":3},{"damage":34,"enemies":"Exordium Thugs","floor":11,"turns":4},{"damage":7,"enemies":"3 Louse","floor":12,"turns":3},{"damage":30,"enemies":"The Guardian","floor":16,"turns":9},{"damage":28,"enemies":"2 Thieves","floor":18,"turns":4},{"damage":32,"enemies":"Shell Parasite","floor":20,"turns":4},{"damage":13,"enemies":"Snake Plant","floor":24,"turns":3},{"damage":34,"enemies":"Slaver and Parasite","floor":25,"turns":4},{"damage":0,"enemies":"Sentry and Sphere","floor":28,"turns":2},{"damage":17,"enemies":"Snake Plant","floor":30,"turns":2},{"damage":103,"enemies":"Champ","floor":33,"turns":7},{"damage":35,"enemies":"3 Darklings","floor":35,"turns":5},{"damage":17,"enemies":"3 Shapes","floor":36,"turns":4},{"damage":48,"enemies":"Giant Head","floor":40,"turns":6},{"damage":13,"enemies":"Maw","floor":44,"turns":6},{"damage":26,"enemies":"4 Shapes","floor":46,"turns":4},{"damage":34,"enemies":"신비한 구체","floor":48,"turns":3},{"damage":39,"enemies":"Donu and Deca","floor":50,"turns":2}],"event_choices":[{"event_name":"Golden Idol","player_choice":"Take Damage","floor":2,"damage_taken":0},{"event_name":"Golden Wing","player_choice":"Card Removal","floor":7,"damage_taken":0},{"event_name":"The Mausoleum","player_choice":"Yes","floor":19,"damage_taken":0},{"event_name":"Cursed Tome","player_choice":"Obtained Book","floor":22,"damage_taken":0},{"event_name":"Back to Basics","player_choice":"Elegance","floor":31,"damage_taken":0},{"event_name":"Tomb of Lord Red Mask","player_choice":"Paid","floor":38,"damage_taken":0},{"event_name":"The Moai Head","player_choice":"Heal","floor":39,"damage_taken":0},{"event_name":"Transmorgrifier","player_choice":"Transform","floor":42,"damage_taken":0},{"event_name":"Mysterious Sphere","player_choice":"Fight","floor":48,"damage_taken":0}],"boss_relics":[{"not_picked":["Runic Dome","Ectoplasm"],"picked":"Lizard Tail"},{"not_picked":["Runic Pyramid","White Beast Statue"],"picked":"Question Card"}],"potions_floor_spawned":[8,11,12,20,24,28,40,44,46],"seed_played":"3057194772819741490","killed_by":"Donu and Deca","ascension_level":4,"is_trial":false}