{"gold_per_floor":[116,135,15,32,51,51,79,79,79,79,79,95,106,120,120,194,194,206,106,21,21,21,21,40,52,52,52,52,66,66,66,66,138,138,148,148,159,15,32,32,132,146,146,156,156,156],"floor_reached":46,"playtime":1652,"items_purged":["Strike_G","Strike_G"],"score":739,"play_id":"903c85f8-8b65-4800-8b09-338ea01bd1be","local_time":"20190116113316","is_ascension_mode":true,"campfire_choices":[{"data":"Noxious Fumes","floor":6.0,"key":"SMITH"},{"data":"Neutralize","floor":8.0,"key":"SMITH"},{"data":"Dagger Spray","floor":10.0,"key":"SMITH"},{"floor":15.0,"key":"REST"},{"floor":23.0,"key":"REST"},{"data":"After Image","floor":27.0,"key":"SMITH"},{"data":"Purity","floor":30.0,"key":"SMITH"},{"data":"Tools of the Trade","floor":32.0,"key":"SMITH"},{"floor":40.0,"key":"REST"},{"data":"Apotheosis","floor":45.0,"key":"SMITH"}],"neow_cost":"NONE","seed_source_timestamp":661544462875717,"circlet_count":0,"master_deck":["AscendersBane","Defend_G","Defend_G","Defend_G","Defend_G","Strike_G","Strike_G","Survivor","Neutralize+1","Purity+1","Noxious Fumes+1","Backflip","Dagger Spray+1","Backflip","Quick Slash+1","Slice+1","Poisoned Stab+1","After Image+1","Bane+1","PiercingWail","Tools of the Trade+1","Corpse Explosion","Backflip","Apotheosis+1","Poisoned Stab+1","Acrobatics"],"special_seed":0,"relics":["Ring of the Snake","Dodecahedron","Sundial","Molten Egg 2","Sozu","Gremlin Horn","Enchiridion","Matryoshka","Black Star","Blood Vial","The Specimen","Omamori","Bottled Tornado"],"potions_floor_usage":[],"damage_taken":[{"damage":0.0,"enemies":"Cultist","floor":1.0,"turns":6.0},{"damage":1.0,"enemies":"Small Slimes","floor":2.0,"turns":4.0},{"damage":4.0,"enemies":"2 Louse","floor":4.0,"turns":3.0},{"damage":10.0,"enemies":"Looter","floor":5.0,"turns":5.0},{"damage":26.0,"enemies":"Lagavulin","floor":7.0,"turns":8.0},{"damage":18.0,"enemies":"Exordium Wildlife","floor":12.0,"turns":4.0},{"damage":0.0,"enemies":"Blue Slaver","floor":13.0,"turns":5.0},{"damage":0.0,"enemies":"2 Fungi Beasts","floor":14.0,"turns":3.0},{"damage":19.0,"enemies":"Hexaghost","floor":16.0,"turns":10.0},{"damage":3.0,"enemies":"Spheric Guardian","floor":18.0,"turns":4.0},{"damage":0.0,"enemies":"Chosen","floor":24.0,"turns":4.0},{"damage":12.0,"enemies":"Snake Plant","floor":25.0,"turns":4.0},{"damage":7.0,"enemies":"Colosseum Slavers","floor":28.0,"turns":4.0},{"damage":0.0,"enemies":"3 Cultists","floor":29.0,"turns":4.0},{"damage":26.0,"enemies":"Automaton","floor":33.0,"turns":9.0},{"damage":12.0,"enemies":"3 Darklings","floor":35.0,"turns":3.0},{"damage":14.0,"enemies":"3 Shapes","floor":37.0,"turns":5.0},{"damage":12.0,"enemies":"Jaw Worm Horde","floor":39.0,"turns":3.0},{"damage":1.0,"enemies":"Mind Bloom Boss Battle","floor":41.0,"turns":6.0},{"damage":16.0,"enemies":"Transient","floor":42.0,"turns":5.0},{"damage":8.0,"enemies":"4 Shapes","floor":44.0,"turns":4.0},{"damage":20,"enemies":"Nemesis","floor":46,"turns":2}],"seed_played":"3419718381943159960","potions_obtained":[{"floor":2.0,"key":"FairyPotion"},{"floor":5.0,"key":"GhostInAJar"},{"floor":13.0,"key":"Energy Potion"},{"floor":14.0,"key":"Strength Potion"},{"floor":16.0,"key":"SpeedPotion"}],"is_trial":false,"path_per_floor":["M","M","$","M","M","R","E","R","T","R","T","M","M","M","R","B",null,"M","$","?","?","$","R","M","M","T","R","?","M","R","?","R","B",null,"M","?","M","$","M","R","?","M","T","M","R","E"],"character_chosen":"THE_SILENT","items_purchased":["Dagger Spray","Blood Vial"],"campfire_rested":3,"item_purchase_floors":[3,38],"current_hp_per_floor":[59,58,58,54,44,44,18,18,18,18,18,6,6,6,25,6,51,48,48,48,27,27,46,46,34,34,34,27,27,27,27,27,1,50,38,38,24,24,14,33,34,20,20,14,14,0],"gold":156,"neow_bonus":"RANDOM_COLORLESS","is_prod":false,"is_daily":false,"chose_seed":false,"campfire_upgraded":7,"win_rate":0,"timestamp":1547634796,"path_taken":["M","M","$","M","?","R","E","R","T","R","?","?","M","M","R","BOSS","M","$","?","?","$","R","M","M","T","R","?","?","R","?","R","BOSS","M","?","M","$","M","R","?","?","T","M","R","E"],"build_version":"2019-01-10","purchased_purges":2,"victory":false,"max_hp_per_floor":[66,66,66,66,66,66,66,66,66,66,66,66,66,66,66,66,66,66,66,66,66,66,66,66,66,66,66,66,66,66,66,66,66,66,66,66,66,66,66,66,66,66,66,66,66,66],"card_choices":[{"not_picked":["Tactician","Blade Dance"],"picked":"Noxious Fumes","floor":1.0},{"not_picked":["Underhanded Strike","Poisoned Stab"],"picked":"Backflip","floor":2.0},{"not_picked":["Dagger Spray","Poisoned Stab","Sucker Punch"],"picked":"SKIP","floor":4.0},{"not_picked":["Riddle With Holes","Reflex","Predator"],"picked":"SKIP","floor":5.0},{"not_picked":["Predator","Dash"],"picked":"Backflip","floor":7.0},{"not_picked":["Night Terror","PiercingWail"],"picked":"Quick Slash+1","floor":12.0},{"not_picked":["Expertise","Flying Knee+1"],"picked":"Slice+1","floor":13.0},{"not_picked":["Dodge and Roll","Quick Slash+1"],"picked":"Poisoned Stab+1","floor":14.0},{"not_picked":["Adrenaline","Night Terror"],"picked":"After Image","floor":16.0},{"not_picked":["Flechettes+1","Sucker Punch+1","Dagger Spray+1"],"picked":"SKIP","floor":18.0},{"not_picked":["Dash+1","Backstab+1"],"picked":"Bane+1","floor":24.0},{"not_picked":["Flechettes+1","PiercingWail","Dagger Throw+1"],"picked":"SKIP","floor":25.0},{"not_picked":["Skewer+1","Dodge and Roll","Finisher+1"],"picked":"SKIP","floor":29.0},{"not_picked":["Envenom","Bullet Time"],"picked":"Corpse Explosion","floor":33.0},{"not_picked":["Dodge and Roll","Sucker Punch+1"],"picked":"Backflip","floor":35.0},{"not_picked":["Impatience","Deep Breath"],"picked":"Apotheosis","floor":36.0},{"not_picked":["Escape Plan","Dash+1"],"picked":"Poisoned Stab+1","floor":37.0},{"not_picked":["Riddle With Holes+1","Crippling Poison","Bane+1"],"picked":"SKIP","floor":39.0},{"not_picked":["Leg Sweep","PiercingWail","Quick Slash+1"],"picked":"SKIP","floor":42.0},{"not_picked":["Predator+1","Prepared"],"picked":"Acrobatics","floor":44.0}],"player_experience":752307,"relics_obtained":[{"floor":7.0,"key":"Dodecahedron"},{"floor":9.0,"key":"Sundial"},{"floor":11.0,"key":"Molten Egg 2"},{"floor":21.0,"key":"Enchiridion"},{"floor":26.0,"key":"Matryoshka"},{"floor":41.0,"key":"The Specimen"},{"floor":43.0,"key":"Omamori"},{"floor":43.0,"key":"Bottled Tornado"}],"event_choices":[{"damage_healed":0.0,"max_hp_gain":0.0,"max_hp_loss":0.0,"gold_gain":0.0,"event_name":"Addict","player_choice":"Obtained Relic","floor":20.0,"gold_loss":85.0,"damage_taken":0.0,"relics_obtained":["Gremlin Horn"]},{"damage_healed":0.0,"max_hp_gain":0.0,"max_hp_loss":0.0,"gold_gain":0.0,"event_name":"Cursed Tome","player_choice":"Obtained Book","floor":21.0,"gold_loss":0.0,"damage_taken":21.0},{"damage_healed":0.0,"max_hp_gain":0.0,"max_hp_loss":0.0,"gold_gain":0.0,"event_name":"Colosseum","player_choice":"Fight","floor":28.0,"gold_loss":0.0,"damage_taken":0.0},{"damage_healed":0.0,"max_hp_gain":0.0,"max_hp_loss":0.0,"gold_gain":0.0,"event_name":"Colosseum","player_choice":"Fled From Nobs","floor":28.0,"gold_loss":0.0,"damage_taken":0.0},{"damage_healed":0.0,"max_hp_gain":0.0,"max_hp_loss":0.0,"gold_gain":0.0,"cards_transformed":["Defend_G","Strike_G"],"event_name":"Drug Dealer","player_choice":"Became Test Subject","floor":31.0,"gold_loss":0.0,"damage_taken":0.0,"cards_obtained":["PiercingWail","Tools of the Trade"]},{"damage_healed":0.0,"max_hp_gain":0.0,"max_hp_loss":0.0,"gold_gain":0.0,"event_name":"SensoryStone","player_choice":"Memory 1","floor":36.0,"gold_loss":0.0,"damage_taken":0.0},{"damage_healed":0.0,"max_hp_gain":0.0,"max_hp_loss":0.0,"gold_gain":0.0,"event_name":"MindBloom","player_choice":"Fight","floor":41.0,"gold_loss":0.0,"damage_taken":0.0}],"is_beta":false,"boss_relics":[{"not_picked":["Ectoplasm","Velvet Choker"],"picked":"Sozu"},{"not_picked":["Busted Crown","Pandora\u0027s Box"],"picked":"Black Star"}],"items_purged_floors":[3,19],"is_endless":false,"potions_floor_spawned":[2,5,13,14,16,24,29,37,39,42],"killed_by":"Nemesis","ascension_level":15}