{"gold_per_floor":[116,116,116,41,53,53,82,99,169,169,169,194,194,212,212,312,312,328,347,347,364,384,409,409,409],"floor_reached":25,"playtime":948,"items_purged":["Strike_R"],"score":243,"play_id":"73bff7b6-4421-451b-9b62-a14db0baf6e2","local_time":"20181204131756","is_ascension_mode":true,"campfire_choices":[{"data":"Body Slam","floor":6,"key":"SMITH"},{"data":"Warcry","floor":11,"key":"SMITH"},{"data":"Inflame","floor":13,"key":"SMITH"},{"floor":15,"key":"REST"},{"floor":24,"key":"REST"}],"neow_cost":"NONE","seed_source_timestamp":55010854118656,"circlet_count":0,"master_deck":["Strike_R","Strike_R","Strike_R","Defend_R+1","Defend_R+1","Defend_R","Defend_R+1","Bash+1","Body Slam+1","Inflame+1","Warcry+1","Regret","Headbutt","Cleave","Limit Break","Battle Trance","Good Instincts","Bash","Rupture+1","Barricade","Armaments+1"],"special_seed":0,"relics":["Cursed Key","War Paint","Blue Candle","Happy Flower","Runic Cube","Mango"],"potions_floor_usage":[23,25],"damage_taken":[{"damage":0.0,"enemies":"Small Slimes","floor":1.0,"turns":2.0},{"damage":1,"enemies":"2 Louse","floor":5,"turns":3},{"damage":9,"enemies":"3 Sentries","floor":7,"turns":8},{"damage":0,"enemies":"Cultist","floor":8,"turns":3},{"damage":18,"enemies":"Gremlin Nob","floor":12,"turns":4},{"damage":9,"enemies":"Exordium Thugs","floor":14,"turns":4},{"damage":11,"enemies":"Slime Boss","floor":16,"turns":9},{"damage":1,"enemies":"Chosen","floor":18,"turns":3},{"damage":16,"enemies":"2 Thieves","floor":19,"turns":4},{"damage":15,"enemies":"Shelled Parasite and Fungi","floor":21,"turns":4},{"damage":12,"enemies":"Snake Plant","floor":22,"turns":4},{"damage":34,"enemies":"Book of Stabbing","floor":23,"turns":5},{"damage":47,"enemies":"Slavers","floor":25,"turns":4}],"seed_played":"7538447220981430428","potions_obtained":[{"floor":7,"key":"FairyPotion"},{"floor":8,"key":"Energy Potion"},{"floor":12,"key":"SkillPotion"},{"floor":18,"key":"Energy Potion"},{"floor":23,"key":"Dexterity Potion"}],"is_trial":false,"path_per_floor":["M","M","?","?","$","M","R","E","M","T","?","R","E","R","M","R","B",null,"M","M","?","M","M","E","R","E"],"character_chosen":"IRONCLAD","items_purchased":[],"campfire_rested":2,"item_purchase_floors":[],"current_hp_per_floor":[80,64,64,64,63,63,54,54,54,54,54,36,36,27,51,40,80,79,63,63,48,36,16,44,0],"gold":409,"neow_bonus":"BOSS_RELIC","is_prod":false,"is_daily":false,"chose_seed":false,"campfire_upgraded":3,"win_rate":0,"timestamp":1543925876,"path_taken":["M","?","?","$","M","R","E","M","T","?","R","E","R","M","R","BOSS","M","M","?","?","M","E","R","E"],"build_version":"2018-11-15","purchased_purges":1,"victory":false,"max_hp_per_floor":[80,80,80,80,80,80,80,80,80,80,80,80,80,80,80,80,80,80,80,80,80,80,94,94,94],"card_choices":[{"not_picked":["Carnage","Clothesline"],"picked":"Body Slam","floor":1},{"not_picked":["Sentinel","Clash"],"picked":"Inflame","floor":5},{"not_picked":["Wild Strike","Heavy Blade"],"picked":"Warcry","floor":7},{"not_picked":["Clash","Corruption","Wild Strike"],"picked":"SKIP","floor":8},{"not_picked":["Corruption","Blood for Blood"],"picked":"Headbutt","floor":12},{"not_picked":["Warcry","Perfected Strike"],"picked":"Cleave","floor":14},{"not_picked":["Impervious","Juggernaut"],"picked":"Limit Break","floor":16},{"not_picked":["Clash+1","Armaments","Flex"],"picked":"SKIP","floor":18},{"not_picked":["Spot Weakness+1","True Grit"],"picked":"Battle Trance","floor":19},{"not_picked":["Rampage","Dropkick"],"picked":"Rupture+1","floor":21},{"not_picked":["Searing Blow+1","Heavy Blade"],"picked":"Barricade","floor":22},{"not_picked":["Pommel Strike","Thunderclap"],"picked":"Armaments+1","floor":23}],"player_experience":631559,"relics_obtained":[{"floor":7,"key":"War Paint"},{"floor":9,"key":"Blue Candle"},{"floor":12,"key":"Happy Flower"},{"floor":23,"key":"Mango"}],"event_choices":[{"damage_healed":0,"gold_gain":0,"player_choice":"Entered Light","damage_taken":16,"max_hp_gain":0,"max_hp_loss":0,"event_name":"Shining Light","floor":2,"gold_loss":0,"cards_upgraded":["Defend_R","Bash"]},{"cards_removed":["Strike_R"],"damage_healed":0,"gold_gain":0,"player_choice":"Forget","damage_taken":0,"max_hp_gain":0,"max_hp_loss":0,"event_name":"Living Wall","floor":3,"gold_loss":0},{"damage_healed":0,"gold_gain":0,"player_choice":"Ignored","damage_taken":0,"max_hp_gain":0,"max_hp_loss":0,"event_name":"Liars Game","floor":10,"gold_loss":0},{"damage_healed":0,"gold_gain":0,"player_choice":"2 cards matched","damage_taken":0,"max_hp_gain":0,"max_hp_loss":0,"event_name":"Match and Keep!","floor":20,"gold_loss":0,"cards_obtained":["Good Instincts","Bash"]}],"is_beta":false,"boss_relics":[{"not_picked":["Ectoplasm","Mark of Pain"],"picked":"Runic Cube"}],"items_purged_floors":[4],"is_endless":false,"potions_floor_spawned":[7,8,12,18,19,23],"killed_by":"Slavers","ascension_level":1}