{"path_per_floor":["M","M","?","$","M","R","M","R","T","E","M","M","$","M","R","B",null,"M","$","?","M","?","R","E","?","T"],"character_chosen":"IRONCLAD","items_purchased":[],"gold_per_floor":[111,126,126,51,64,64,81,81,81,107,118,136,36,51,51,151,151,170,45,45,56,56,56,81,81,151],"floor_reached":27,"campfire_rested":2,"playtime":1225,"current_hp_per_floor":[79,79,79,79,78,78,60,60,60,42,46,34,34,38,62,27,80,74,74,74,44,44,68,19,19,19],"items_purged":["Regret","Defend_R","Strike_R"],"gold":151,"score":280,"play_id":"4bca725d-34aa-433f-9dbd-b522f30f26eb","is_prod":false,"is_daily":false,"is_ascension_mode":true,"campfire_upgraded":2,"path_taken":["M","M","?","?","M","R","M","R","T","E","M","?","$","M","R","BOSS","M","$","?","M","?","R","E","?","T","M"],"build_version":"2018-02-08-PROD1","purchased_purges":5,"victory":false,"master_deck":["Strike_R","Strike_R","Strike_R","Strike_R","Defend_R","Defend_R","Defend_R","Bash+1","Exhume","Warcry","Spot Weakness+1","Seeing Red","Heavy Blade","Feed","Inflame","Inflame+1"],"max_hp_per_floor":[80,80,80,80,80,80,80,80,80,80,80,80,80,80,80,80,80,80,80,80,80,80,80,80,80,80],"relics":["Charon\u0027s Ashes","Gambling Chip","Anchor","Orrery","Nloth\u0027s Gift","Dream Catcher","Blue Candle"],"card_choices":[{"not_picked":["Twin Strike","Sword Boomerang"],"picked":"Warcry"},{"not_picked":["Shrug It Off","Headbutt"],"picked":"Spot Weakness"},{"not_picked":["Pummel","Wild Strike"],"picked":"Seeing Red"},{"not_picked":["Dual Wield","Rupture"],"picked":"Heavy Blade"},{"not_picked":["Berserk","Double Tap"],"picked":"Feed"},{"not_picked":["Wild Strike","Power Through"],"picked":"Inflame"},{"not_picked":["Shrug It Off","True Grit"],"picked":"Inflame"}],"player_experience":158443,"potions_floor_usage":[10,16,16,18,24],"damage_taken":[{"damage":7,"enemies":"2 Louse","floor":1,"turns":3},{"damage":6,"enemies":"Cultist","floor":2,"turns":3},{"damage":7,"enemies":"Jaw Worm","floor":5,"turns":3},{"damage":24,"enemies":"Red Slaver","floor":7,"turns":6},{"damage":24,"enemies":"Gremlin Nob","floor":10,"turns":4},{"damage":2,"enemies":"Large Slime","floor":11,"turns":4},{"damage":18,"enemies":"Exordium Thugs","floor":12,"turns":4},{"damage":2,"enemies":"Exordium Wildlife","floor":14,"turns":3},{"damage":47,"enemies":"The Guardian","floor":16,"turns":6},{"damage":12,"enemies":"Shell Parasite","floor":18,"turns":3},{"damage":30,"enemies":"Chosen","floor":21,"turns":4},{"damage":64,"enemies":"Slavers","floor":24,"turns":7},{"damage":26,"enemies":"Snecko","floor":27,"turns":3}],"event_choices":[{"event_name":"Big Fish","player_choice":"Box","floor":3,"damage_taken":0},{"event_name":"N\u0027loth","player_choice":"Traded a Burning Blood","floor":20,"damage_taken":0},{"event_name":"Drug Dealer","player_choice":"Ignored","floor":22,"damage_taken":0},{"event_name":"Addict","player_choice":"Ignored","floor":25,"damage_taken":0}],"boss_relics":[{"not_picked":["Snecko Eye","Runic Pyramid"],"picked":"Orrery"}],"potions_floor_spawned":[7,10,11,14,16],"seed_played":"7929588932108086347","killed_by":"Snecko","ascension_level":4,"is_trial":false}