{"gold_per_floor":[19,29,45,62,79,79,91,91,117,147,147,162,117,132,132,209,209,227,246,246,39,39,39,54,54,54,89,101,113,75,120,132,218,230,253,265,288,311,323,335,378,390,476,488,500,527,549,29,29,29],"floor_reached":51,"playtime":4550,"items_purged":[],"score":1259,"play_id":"2e455392-7548-484d-91d4-0379033a6c2d","local_time":"20190626175706","is_ascension_mode":true,"campfire_choices":[{"data":"Genetic Algorithm","floor":6.0,"key":"SMITH"},{"data":"Conserve Battery","floor":8.0,"key":"SMITH"},{"data":"Redo","floor":15.0,"key":"SMITH"},{"data":"Glacier","floor":23.0,"key":"SMITH"},{"floor":25.0,"key":"REST"},{"data":"Go for the Eyes","floor":29.0,"key":"SMITH"},{"floor":32.0,"key":"REST"},{"floor":40,"key":"REST"},{"floor":42,"key":"REST"},{"data":"Cold Snap","floor":44,"key":"SMITH"},{"floor":49,"key":"REST"}],"neow_cost":"NO_GOLD","seed_source_timestamp":152912018153800,"circlet_count":0,"master_deck":["AscendersBane","Strike_B+1","Strike_B+1","Strike_B+1","Strike_B+1","Defend_B+1","Defend_B+1","Defend_B+1","Defend_B+1","Zap","Dualcast","Genetic Algorithm+1","Go for the Eyes+1","Sweeping Beam","Leap+1","Conserve Battery+1","Redo+1","Seek","Rebound","White Noise","Echo Form+1","Glacier+1","Cold Snap+1","Chill+1","FTL+1","Machine Learning","Panache","Hologram+1","Melter"],"special_seed":0,"relics":["Cracked Core","War Paint","Juzu Bracelet","Nuclear Battery","ClockworkSouvenir","Kunai","MawBank","MutagenicStrength","Art of War","Busted Crown","Smiling Mask","Question Card","DataDisk","PreservedInsect"],"potions_floor_usage":[41,48,50],"damage_taken":[{"damage":0.0,"enemies":"Jaw Worm","floor":1.0,"turns":4.0},{"damage":7.0,"enemies":"2 Louse","floor":2.0,"turns":3.0},{"damage":0.0,"enemies":"Small Slimes","floor":3.0,"turns":3.0},{"damage":1.0,"enemies":"Blue Slaver","floor":4.0,"turns":4.0},{"damage":11.0,"enemies":"Lots of Slimes","floor":5.0,"turns":5.0},{"damage":3.0,"enemies":"Large Slime","floor":7.0,"turns":6.0},{"damage":24.0,"enemies":"Gremlin Nob","floor":10.0,"turns":5.0},{"damage":0.0,"enemies":"Looter","floor":12.0,"turns":4.0},{"damage":1.0,"enemies":"3 Louse","floor":14.0,"turns":3.0},{"damage":17.0,"enemies":"Hexaghost","floor":16.0,"turns":11.0},{"damage":12.0,"enemies":"Shell Parasite","floor":18.0,"turns":7.0},{"damage":23.0,"enemies":"3 Byrds","floor":19.0,"turns":6.0},{"damage":0.0,"enemies":"3 Cultists","floor":24.0,"turns":4.0},{"damage":8.0,"enemies":"Gremlin Leader","floor":27.0,"turns":8.0},{"damage":48.0,"enemies":"Book of Stabbing","floor":31.0,"turns":8.0},{"damage":13.0,"enemies":"Automaton","floor":33.0,"turns":14.0},{"damage":0.0,"enemies":"3 Shapes","floor":35.0,"turns":5.0},{"damage":10.0,"enemies":"Orb Walker","floor":37.0,"turns":3.0},{"damage":12.0,"enemies":"3 Darklings","floor":38.0,"turns":4.0},{"damage":31,"enemies":"Giant Head","floor":41,"turns":16},{"damage":0,"enemies":"4 Shapes","floor":46,"turns":9},{"damage":9,"enemies":"Sphere and 2 Shapes","floor":47,"turns":6},{"damage":59,"enemies":"Time Eater","floor":50,"turns":13}],"seed_played":"8133367014686853132","potions_obtained":[{"floor":1.0,"key":"GamblersBrew"},{"floor":2.0,"key":"Strength Potion"},{"floor":5.0,"key":"FearPotion"},{"floor":16.0,"key":"Strength Potion"},{"floor":19.0,"key":"PowerPotion"},{"floor":24.0,"key":"Regen Potion"},{"floor":31.0,"key":"FocusPotion"},{"floor":38.0,"key":"EssenceOfSteel"},{"floor":46,"key":"Ancient Potion"}],"is_trial":false,"path_per_floor":["M","M","M","M","M","R","M","R","T","E","?","M","?","M","R","B",null,"M","M","?","$","?","R","M","R","T","E","?","R","?","E","R","B",null,"M","?","M","M","?","R","E","R","T","R","?","M","M","$","R","B",null],"character_chosen":"DEFECT","items_purchased":["ClockworkSouvenir","DataDisk","Fruit Juice","Strength Potion","Melter","PreservedInsect"],"campfire_rested":5,"item_purchase_floors":[21,48,48,48,48,48],"current_hp_per_floor":[78,71,71,70,59,59,56,56,56,32,32,32,32,31,31,14,67,55,32,32,32,32,32,32,57,57,64,64,64,64,16,41,28,71,71,71,61,49,49,74,43,68,68,68,68,68,59,64,90,31],"gold":29,"neow_bonus":"TWENTY_PERCENT_HP_BONUS","is_prod":false,"is_daily":false,"chose_seed":false,"campfire_upgraded":6,"win_rate":0,"timestamp":1561564626,"path_taken":["M","M","M","M","M","R","M","R","T","E","?","M","?","M","R","BOSS","M","M","?","$","?","R","M","R","T","E","?","R","?","E","R","BOSS","M","?","M","M","?","R","E","R","T","R","?","M","M","$","R","BOSS"],"build_version":"2019-01-23","purchased_purges":0,"victory":true,"max_hp_per_floor":[85,85,85,85,85,85,85,85,85,85,85,85,85,85,85,85,85,85,85,85,85,85,85,85,85,85,85,85,85,85,85,85,85,85,85,85,85,85,85,85,85,85,85,85,85,85,85,90,90,90],"card_choices":[{"not_picked":["Lockon","Sweeping Beam"],"picked":"Genetic Algorithm","floor":1.0},{"not_picked":["Coolheaded","Double Energy"],"picked":"Go for the Eyes","floor":2.0},{"not_picked":["Cold Snap","Go for the Eyes"],"picked":"Sweeping Beam","floor":3.0},{"not_picked":["Force Field","Streamline"],"picked":"Leap","floor":4.0},{"not_picked":["Gash","Coolheaded"],"picked":"Conserve Battery","floor":5.0},{"not_picked":["Tempest","Recycle"],"picked":"Redo","floor":7.0},{"not_picked":["Hologram","Blizzard"],"picked":"Seek","floor":10.0},{"not_picked":["Blizzard","Compile Driver"],"picked":"Rebound","floor":12.0},{"not_picked":["Stack","Beam Cell"],"picked":"White Noise","floor":14.0},{"not_picked":["Reboot","Buffer"],"picked":"Echo Form","floor":16.0},{"not_picked":["Consume","Self Repair"],"picked":"Glacier","floor":18.0},{"not_picked":["Compile Driver","Go for the Eyes"],"picked":"Cold Snap","floor":19.0},{"not_picked":["Leap","Go for the Eyes"],"picked":"Conserve Battery","floor":24.0},{"not_picked":["Leap","Genetic Algorithm"],"picked":"Chill+1","floor":27.0},{"not_picked":["Beam Cell","Darkness"],"picked":"FTL+1","floor":31.0},{"not_picked":["Echo Form","Hyperbeam"],"picked":"Machine Learning","floor":33.0},{"not_picked":["Coolheaded"],"picked":"SKIP","floor":35.0},{"not_picked":["Chaos"],"picked":"SKIP","floor":37.0},{"not_picked":["Barrage"],"picked":"SKIP","floor":38.0},{"not_picked":["Lockon"],"picked":"SKIP","floor":41},{"not_picked":["Secret Weapon"],"picked":"Panache","floor":45},{"not_picked":["Storm"],"picked":"Hologram+1","floor":46},{"not_picked":["Leap","Steam"],"picked":"SKIP","floor":47}],"player_experience":822219,"relics_obtained":[{"floor":9.0,"key":"War Paint"},{"floor":10.0,"key":"Juzu Bracelet"},{"floor":26.0,"key":"Kunai"},{"floor":27.0,"key":"MawBank"},{"floor":31.0,"key":"Art of War"},{"floor":41,"key":"Smiling Mask"},{"floor":43,"key":"Question Card"}],"event_choices":[{"damage_healed":0.0,"max_hp_gain":0.0,"max_hp_loss":0.0,"gold_gain":0.0,"event_name":"Liars Game","player_choice":"Ignored","floor":11.0,"gold_loss":0.0,"damage_taken":0.0},{"damage_healed":0.0,"max_hp_gain":0.0,"max_hp_loss":0.0,"gold_gain":0.0,"event_name":"World of Goop","player_choice":"Left Gold","floor":13.0,"gold_loss":45.0,"damage_taken":0.0},{"damage_healed":0.0,"max_hp_gain":0.0,"max_hp_loss":0.0,"gold_gain":0.0,"event_name":"Back to Basics","player_choice":"Simplicity","floor":20.0,"gold_loss":0.0,"damage_taken":0.0,"cards_upgraded":["Strike_B","Strike_B","Strike_B","Strike_B","Defend_B","Defend_B","Defend_B"]},{"damage_healed":0.0,"max_hp_gain":0.0,"max_hp_loss":0.0,"gold_gain":0.0,"event_name":"Accursed Blacksmith","player_choice":"Forge","floor":22.0,"gold_loss":0.0,"damage_taken":0.0,"cards_upgraded":["Echo Form"]},{"damage_healed":0.0,"max_hp_gain":0.0,"max_hp_loss":0.0,"gold_gain":0.0,"event_name":"Drug Dealer","player_choice":"Inject Mutagens","floor":28.0,"gold_loss":0.0,"damage_taken":0.0,"relics_obtained":["MutagenicStrength"]},{"damage_healed":0.0,"max_hp_gain":0.0,"max_hp_loss":0.0,"gold_gain":0.0,"event_name":"The Joust","player_choice":"Bet on Owner","floor":30.0,"gold_loss":50.0,"damage_taken":0.0},{"cards_removed":["Conserve Battery"],"damage_healed":0.0,"max_hp_gain":0.0,"max_hp_loss":0.0,"gold_gain":0.0,"event_name":"Falling","player_choice":"Removed Skill","floor":36.0,"gold_loss":0.0,"damage_taken":0.0},{"damage_healed":0,"gold_gain":0,"player_choice":"Ignored","damage_taken":0,"max_hp_gain":0,"max_hp_loss":0,"event_name":"Mysterious Sphere","floor":39,"gold_loss":0},{"damage_healed":0,"gold_gain":0,"player_choice":"Memory 1","damage_taken":0,"max_hp_gain":0,"max_hp_loss":0,"event_name":"SensoryStone","floor":45,"gold_loss":0}],"is_beta":false,"boss_relics":[{"not_picked":["Tiny House","Velvet Choker"],"picked":"Nuclear Battery"},{"not_picked":["Lizard Tail","Philosopher\u0027s Stone"],"picked":"Busted Crown"}],"items_purged_floors":[],"is_endless":false,"potions_floor_spawned":[1,2,5,16,19,24,31,38,46],"ascension_level":14}