{"path_per_floor":["M","M","?","M","M","R","E","R","T","E","?","M","?","T","R","B",null,"M","?","$","T","M","R","E","$","T","R","M","R","M","$","R","B",null,"M","?","?","M","?","R","M"],"character_chosen":"IRONCLAD","items_purchased":["Gremlin Horn","Bottled Flame"],"gold_per_floor":[114,125,125,137,155,155,185,185,185,218,240,252,252,252,252,350,350,369,269,10,10,27,27,57,57,357,357,375,375,394,70,70,170,170,190,190,190,208,0,0,10],"floor_reached":42,"campfire_rested":0,"playtime":4866,"current_hp_per_floor":[80,80,85,85,85,85,65,65,65,54,56,57,57,64,64,41,92,76,76,76,76,66,66,57,57,57,57,54,54,58,58,58,20,92,88,88,88,82,82,82,15],"items_purged":["Defend_R"],"gold":10,"play_id":"2337a38e-25fa-4c40-8b66-b2c64301b66a","is_prod":false,"is_daily":false,"is_ascension_mode":false,"campfire_upgraded":8,"path_taken":["M","M","?","M","M","R","E","R","T","E","?","M","?","?","R","BOSS","M","?","$","?","M","R","E","?","T","R","M","R","M","$","R","BOSS","M","?","?","M","?","R","M","M"],"build_version":"2018-02-01-PROD3","purchased_purges":2,"victory":false,"master_deck":["Strike_R","Strike_R","Strike_R","Defend_R","Defend_R","Bash+1","Cleave","Battle Trance+1","Pommel Strike+1","Pommel Strike","Clothesline+1","Offering+1","Seeing Red+1","Fire Breathing","Brutality+1","Fiend Fire+1","Anger+1","Bludgeon+1","Metallicize+1","J.A.X.","Shockwave","Shrug It Off+1","Rampage+1","Infernal Blade+1","Berserk","Flex","Jack Of All Trades+1","Cleave","Headbutt+1"],"max_hp_per_floor":[80,80,85,85,85,85,85,85,85,85,85,85,85,92,92,92,92,92,92,92,92,92,92,92,92,92,92,92,92,92,92,92,92,92,92,92,92,92,92,92,92],"relics":["Burning Blood","Ornamental Fan","Unceasing Top","Orichalcum","Odd Mushroom","Strawberry","Astrolabe","Gremlin Horn","Dream Catcher","Sundial","Old Coin","Bottled Flame","Runic Pyramid","Red Mask"],"card_choices":[{"not_picked":["Whirlwind","Bloodletting"],"picked":"Cleave"},{"not_picked":["Fire Breathing","Cleave"],"picked":"Battle Trance"},{"not_picked":["Power Through","Blood for Blood"],"picked":"Pommel Strike"},{"not_picked":["Dropkick","Sever Soul"],"picked":"Pommel Strike"},{"not_picked":["Sword Boomerang","True Grit"],"picked":"Clothesline"},{"not_picked":["Thunderclap","Sever Soul"],"picked":"Offering"},{"not_picked":["Armaments","Iron Wave"],"picked":"Seeing Red"},{"not_picked":["Cleave","Iron Wave"],"picked":"Fire Breathing"},{"not_picked":["Reaper","Juggernaut"],"picked":"Brutality"},{"not_picked":["Hemokinesis","Fire Breathing"],"picked":"Metallicize"},{"not_picked":["Pommel Strike","Clash"],"picked":"Shockwave"},{"not_picked":["Pommel Strike","Warcry"],"picked":"Shrug It Off"},{"not_picked":["Second Wind","Armaments"],"picked":"Rampage"},{"not_picked":["Dark Embrace","Clothesline"],"picked":"Infernal Blade"},{"not_picked":["Brutality","Bludgeon"],"picked":"Berserk"},{"not_picked":["Dual Wield","Anger"],"picked":"Flex"},{"not_picked":["Flex","Metallicize"],"picked":"Headbutt"}],"player_experience":16816,"potions_floor_usage":[10,11,16,16,24,28,33,33,41,42],"damage_taken":[{"damage":3,"enemies":"Small Slimes","floor":1,"turns":3},{"damage":1,"enemies":"2 Louse","floor":2,"turns":3},{"damage":6,"enemies":"Blue Slaver","floor":4,"turns":4},{"damage":0,"enemies":"Large Slime","floor":5,"turns":4},{"damage":26,"enemies":"Lagavulin","floor":7,"turns":5},{"damage":23,"enemies":"Gremlin Nob","floor":10,"turns":4},{"damage":4,"enemies":"The Mushroom Lair","floor":11,"turns":3},{"damage":5,"enemies":"Looter","floor":12,"turns":2},{"damage":44,"enemies":"Slime Boss","floor":16,"turns":11},{"damage":22,"enemies":"2 Thieves","floor":18,"turns":3},{"damage":16,"enemies":"Chosen","floor":22,"turns":4},{"damage":15,"enemies":"Gremlin Leader","floor":24,"turns":4},{"damage":9,"enemies":"3 Cultists","floor":28,"turns":3},{"damage":2,"enemies":"Snecko","floor":30,"turns":3},{"damage":44,"enemies":"Automaton","floor":33,"turns":8},{"damage":10,"enemies":"Orb Walker","floor":35,"turns":4},{"damage":12,"enemies":"3 Darklings","floor":38,"turns":2},{"damage":73,"enemies":"Sphere and 2 Shapes","floor":41,"turns":5},{"damage":20,"enemies":"Maw","floor":42,"turns":4}],"event_choices":[{"event_name":"Big Fish","player_choice":"Donut","floor":3,"damage_taken":0},{"event_name":"Mushrooms","player_choice":"Fought Mushrooms","floor":11,"damage_taken":0},{"event_name":"The Woman in Blue","player_choice":"Bought 0 Potions","floor":13,"damage_taken":0},{"event_name":"Drug Dealer","player_choice":"Got JAXXED","floor":19,"damage_taken":0},{"event_name":"Match and Keep!","player_choice":"2 cards matched","floor":36,"damage_taken":0},{"event_name":"Transmorgrifier","player_choice":"Transform","floor":37,"damage_taken":0},{"event_name":"Tomb of Lord Red Mask","player_choice":"Paid","floor":39,"damage_taken":0}],"boss_relics":[{"not_picked":["Tiny House","Sozu"],"picked":"Astrolabe"},{"not_picked":["Orrery","Calling Bell"],"picked":"Runic Pyramid"}],"potions_floor_spawned":[1,2,7,10,12,16,22,24,33,35],"seed_played":"3762096266351434047","killed_by":"Maw","ascension_level":0,"is_trial":false}