{"gold_per_floor":[113,63,27,27,39,39,39,39,39,57,75,75,150,168,168,268,268,283,283,293,293,323,323,358,368,368,368,398,414,414,433,433,433],"floor_reached":33,"playtime":1060,"items_purged":[],"score":316,"play_id":"109aacd7-9a48-4b93-9c14-8eeef81b4b06","local_time":"20190729124106","is_ascension_mode":true,"campfire_choices":[{"data":"Cloak And Dagger","floor":6,"key":"SMITH"},{"data":"Neutralize","floor":8,"key":"SMITH"},{"data":"Backstab","floor":12,"key":"SMITH"},{"data":"Blade Dance","floor":15,"key":"SMITH"},{"data":"A Thousand Cuts","floor":23,"key":"SMITH"},{"data":"Endless Agony","floor":27,"key":"SMITH"},{"data":"Blade Dance","floor":30,"key":"SMITH"},{"data":"Backstab","floor":32,"key":"SMITH"}],"neow_cost":"CURSE","seed_source_timestamp":1534045929272292,"circlet_count":0,"master_deck":["Strike_G","Strike_G","Strike_G","Strike_G","Strike_G","Defend_G","Defend_G","Defend_G","Defend_G","Survivor","Neutralize+1","Cloak And Dagger+1","Endless Agony+1","PiercingWail","Backstab+1","Masterful Stab","Blade Dance+1","A Thousand Cuts+1","Endless Agony","Backstab+1","Endless Agony","Blade Dance+1"],"relics":["Ring of the Snake","Paper Crane","Sozu","MutagenicStrength","Tiny Chest","WingedGreaves","Unceasing Top","Gremlin Horn"],"potions_floor_usage":[16,24,33,33],"damage_taken":[{"damage":6,"enemies":"Jaw Worm","floor":1,"turns":6},{"damage":0,"enemies":"Cultist","floor":5,"turns":3},{"damage":0,"enemies":"Small Slimes","floor":10,"turns":3},{"damage":2,"enemies":"Blue Slaver","floor":11,"turns":2},{"damage":0,"enemies":"Looter","floor":14,"turns":1},{"damage":9,"enemies":"Hexaghost","floor":16,"turns":9},{"damage":7,"enemies":"2 Thieves","floor":18,"turns":4},{"damage":1,"enemies":"Chosen","floor":20,"turns":3},{"damage":10,"enemies":"Book of Stabbing","floor":24,"turns":4},{"damage":8,"enemies":"Shelled Parasite and Fungi","floor":25,"turns":4},{"damage":3,"enemies":"Slavers","floor":28,"turns":5},{"damage":3,"enemies":"Centurion and Healer","floor":29,"turns":3},{"damage":9,"enemies":"Snake Plant","floor":31,"turns":4},{"damage":44,"enemies":"Automaton","floor":33,"turns":8}],"seed_played":"1363019344364481992","potions_obtained":[{"floor":1,"key":"Strength Potion"},{"floor":5,"key":"SteroidPotion"},{"floor":14,"key":"SpeedPotion"},{"floor":16,"key":"GamblersBrew"}],"is_trial":false,"path_per_floor":["M","?","$","?","M","R","$","R","T","M","M","R","?","M","R","B",null,"M","?","M","?","?","R","E","M","T","R","E","M","R","M","R","B"],"character_chosen":"THE_SILENT","items_purchased":["Endless Agony"],"campfire_rested":0,"item_purchase_floors":[3],"current_hp_per_floor":[78,78,78,78,78,78,78,78,78,78,76,76,65,65,65,56,84,77,77,76,76,76,76,66,58,58,58,55,52,52,43,43,0],"gold":433,"neow_bonus":"TWENTY_PERCENT_HP_BONUS","is_prod":false,"is_daily":false,"chose_seed":false,"campfire_upgraded":8,"win_rate":0,"timestamp":1564418466,"path_taken":["M","?","$","?","?","R","$","R","T","M","M","R","?","M","R","BOSS","M","?","M","?","?","R","E","M","T","R","E","M","R","M","R","BOSS"],"build_version":"2019-07-17","purchased_purges":0,"victory":false,"max_hp_per_floor":[84,84,84,84,84,84,84,84,84,84,84,84,84,84,84,84,84,84,84,84,84,84,84,84,84,84,84,84,84,84,84,84,84],"card_choices":[{"not_picked":["Prepared","Deflect"],"picked":"Cloak And Dagger","floor":1},{"not_picked":["Bane","Backflip"],"picked":"PiercingWail","floor":5},{"not_picked":["Prepared","Concentrate"],"picked":"Backstab","floor":10},{"not_picked":["Acrobatics","Backflip"],"picked":"Masterful Stab","floor":11},{"not_picked":["PiercingWail","Deflect"],"picked":"Blade Dance","floor":14},{"not_picked":["Doppelganger","Tools of the Trade"],"picked":"A Thousand Cuts","floor":16},{"not_picked":["Backflip","Well Laid Plans","Deadly Poison"],"picked":"SKIP","floor":18},{"not_picked":["Prepared","Expertise","Tactician"],"picked":"SKIP","floor":20},{"not_picked":["Deadly Poison","Crippling Poison"],"picked":"Endless Agony","floor":24},{"not_picked":["Distraction+1","Blur"],"picked":"Backstab","floor":25},{"not_picked":["Crippling Poison","All Out Attack"],"picked":"Endless Agony","floor":28},{"not_picked":["Reflex","Sucker Punch+1"],"picked":"Blade Dance","floor":29},{"not_picked":["Bane+1","Setup+1","Skewer"],"picked":"SKIP","floor":31}],"player_experience":196995,"relics_obtained":[{"floor":9,"key":"Paper Crane"},{"floor":24,"key":"WingedGreaves"},{"floor":26,"key":"Unceasing Top"},{"floor":28,"key":"Gremlin Horn"}],"event_choices":[{"cards_removed":["Regret"],"damage_healed":0,"gold_gain":0,"player_choice":"Card Removal","damage_taken":0,"max_hp_gain":0,"max_hp_loss":0,"event_name":"The Cleric","floor":2,"gold_loss":50},{"cards_removed":["Defend_G"],"damage_healed":0,"gold_gain":0,"player_choice":"Purged","damage_taken":0,"max_hp_gain":0,"max_hp_loss":0,"event_name":"Purifier","floor":4,"gold_loss":0},{"damage_healed":0,"gold_gain":75,"player_choice":"Gather Gold","damage_taken":11,"max_hp_gain":0,"max_hp_loss":0,"event_name":"World of Goop","floor":13,"gold_loss":0},{"damage_healed":0,"gold_gain":0,"player_choice":"Inject Mutagens","damage_taken":0,"relics_obtained":["MutagenicStrength"],"max_hp_gain":0,"max_hp_loss":0,"event_name":"Drug Dealer","floor":19,"gold_loss":0},{"damage_healed":0,"gold_gain":0,"player_choice":"Ignored","damage_taken":0,"max_hp_gain":0,"max_hp_loss":0,"event_name":"Ghosts","floor":21,"gold_loss":0},{"damage_healed":0,"gold_gain":0,"player_choice":"Opened","damage_taken":0,"relics_obtained":["Tiny Chest"],"max_hp_gain":0,"max_hp_loss":0,"event_name":"The Mausoleum","floor":22,"gold_loss":0}],"is_beta":false,"boss_relics":[{"not_picked":["Orrery","Coffee Dripper"],"picked":"Sozu"}],"items_purged_floors":[],"is_endless":false,"potions_floor_spawned":[1,5,14,16,18,25,28,31],"killed_by":"Automaton","ascension_level":3}