{"gold_per_floor":[119,38,55,67,79,107,107,120,120,152,152,164,164,174,174,275,275,285,200,200,200,219,219,250,64,64,81,95,120,139,165,165,165],"floor_reached":33,"playtime":2877,"items_purged":[],"score":394,"play_id":"07924bb6-4629-47ca-8e7a-61597a242ca3","local_time":"20190629190226","is_ascension_mode":false,"campfire_choices":[{"floor":11,"key":"REST"},{"data":"Well Laid Plans","floor":13,"key":"SMITH"},{"data":"A Thousand Cuts","floor":15,"key":"SMITH"},{"data":"Finisher","floor":23,"key":"SMITH"},{"data":"Metamorphosis","floor":32,"key":"SMITH"}],"neow_cost":"TEN_PERCENT_HP_LOSS","seed_source_timestamp":1385756325327932,"circlet_count":0,"master_deck":["Defend_G+1","Defend_G+1","Defend_G+1","Defend_G+1","Defend_G+1","Strike_G+1","Strike_G+1","Strike_G+1","Strike_G+1","Strike_G+1","Survivor","Neutralize","Die Die Die","Slice","Infinite Blades","Masterful Stab","Endless Agony","Quick Slash","A Thousand Cuts+1","Mind Blast","Dodge and Roll","Poisoned Stab","Backstab","Well Laid Plans+1","Slice","Unload","Endless Agony+1","Finisher+1","Leg Sweep","Metamorphosis+1","Prepared","Poisoned Stab+1","Quick Slash+1","Prepared","Dash"],"relics":["Ring of the Snake","Meat on the Bone","PreservedInsect","Vajra","Philosopher\u0027s Stone","Sundial","Ornamental Fan","Gremlin Horn","Ninja Scroll","Regal Pillow","Bag of Marbles"],"potions_floor_usage":[24],"damage_taken":[{"damage":1,"enemies":"Cultist","floor":1,"turns":4},{"damage":1,"enemies":"2 Louse","floor":3,"turns":3},{"damage":0,"enemies":"Small Slimes","floor":4,"turns":1},{"damage":0,"enemies":"2 Fungi Beasts","floor":5,"turns":1},{"damage":26,"enemies":"Lagavulin","floor":6,"turns":5},{"damage":2,"enemies":"Large Slime","floor":8,"turns":5},{"damage":8,"enemies":"Gremlin Nob","floor":10,"turns":3},{"damage":0,"enemies":"Blue Slaver","floor":12,"turns":1},{"damage":4,"enemies":"2 Fungi Beasts","floor":14,"turns":2},{"damage":46,"enemies":"Slime Boss","floor":16,"turns":7},{"damage":11,"enemies":"2 Thieves","floor":18,"turns":2},{"damage":0,"enemies":"Spheric Guardian","floor":22,"turns":1},{"damage":1,"enemies":"Gremlin Leader","floor":24,"turns":4},{"damage":4,"enemies":"Chosen and Byrds","floor":27,"turns":3},{"damage":0,"enemies":"Centurion and Healer","floor":28,"turns":4},{"damage":0,"enemies":"Book of Stabbing","floor":29,"turns":1},{"damage":0,"enemies":"3 Cultists","floor":30,"turns":3},{"damage":0,"enemies":"Slavers","floor":31,"turns":3},{"damage":70,"enemies":"Automaton","floor":33,"turns":6}],"seed_played":"7506784300137985138","potions_obtained":[{"floor":5,"key":"Block Potion"},{"floor":6,"key":"GamblersBrew"},{"floor":8,"key":"EssenceOfSteel"},{"floor":10,"key":"EssenceOfSteel"},{"floor":30,"key":"EssenceOfSteel"}],"is_trial":false,"path_per_floor":["M","$","M","M","M","E","?","M","T","E","R","M","R","M","R","B",null,"M","?","?","?","M","R","E","$","T","M","M","E","M","E","R","B"],"character_chosen":"THE_SILENT","items_purchased":["Infinite Blades","Metamorphosis","Prepared"],"campfire_rested":1,"item_purchase_floors":[2,25,25],"current_hp_per_floor":[62,62,61,61,61,35,35,33,33,37,55,55,55,51,51,17,63,52,52,52,52,52,52,51,51,51,47,47,47,47,47,47,0],"gold":165,"neow_bonus":"THREE_RARE_CARDS","is_prod":false,"is_daily":false,"chose_seed":false,"campfire_upgraded":4,"win_rate":0.0,"timestamp":1561849346,"path_taken":["M","$","M","M","?","E","?","?","T","E","R","M","R","M","R","BOSS","M","?","?","?","M","R","E","$","T","M","?","E","M","E","R","BOSS"],"build_version":"2019-01-23","purchased_purges":0,"victory":false,"max_hp_per_floor":[63,63,63,63,63,63,63,63,63,63,63,63,63,63,63,63,63,63,63,63,63,63,63,63,63,63,63,63,63,63,63,63,63],"card_choices":[{"not_picked":["Burst","Venomology"],"picked":"Die Die Die","floor":0},{"not_picked":["Dagger Throw","Heel Hook"],"picked":"Slice","floor":1},{"not_picked":["Deadly Poison","Dagger Spray"],"picked":"Masterful Stab","floor":3},{"not_picked":["Deflect","Prepared"],"picked":"Endless Agony","floor":4},{"not_picked":["Dodge and Roll","Prepared"],"picked":"Quick Slash","floor":5},{"not_picked":["PiercingWail","Terror"],"picked":"A Thousand Cuts","floor":6},{"not_picked":["Sucker Punch","Deflect"],"picked":"Poisoned Stab","floor":8},{"not_picked":["Dagger Throw","Burst"],"picked":"Backstab","floor":10},{"not_picked":["Eviscerate","Caltrops"],"picked":"Well Laid Plans","floor":12},{"not_picked":["Quick Slash","Bouncing Flask"],"picked":"Slice","floor":14},{"not_picked":["Malaise","Bullet Time"],"picked":"Unload","floor":16},{"not_picked":["Underhanded Strike+1","Dagger Spray"],"picked":"Endless Agony+1","floor":18},{"not_picked":["Caltrops","Terror"],"picked":"Finisher","floor":22},{"not_picked":["Sucker Punch","Terror"],"picked":"Leg Sweep","floor":24},{"not_picked":["Dodge and Roll","Dagger Spray"],"picked":"Poisoned Stab+1","floor":27},{"not_picked":["Slice","Distraction"],"picked":"Quick Slash+1","floor":28},{"not_picked":["Distraction","Caltrops"],"picked":"Prepared","floor":29},{"not_picked":["Flying Knee","Dodge and Roll"],"picked":"Dash","floor":30},{"not_picked":["Blade Dance","Dodge and Roll","Dagger Throw"],"picked":"SKIP","floor":31}],"player_experience":9383,"relics_obtained":[{"floor":6,"key":"Meat on the Bone"},{"floor":9,"key":"PreservedInsect"},{"floor":10,"key":"Vajra"},{"floor":24,"key":"Gremlin Horn"},{"floor":26,"key":"Ninja Scroll"},{"floor":29,"key":"Regal Pillow"},{"floor":31,"key":"Bag of Marbles"}],"event_choices":[{"damage_healed":0,"gold_gain":0,"player_choice":"2 cards matched","damage_taken":0,"max_hp_gain":0,"max_hp_loss":0,"event_name":"Match and Keep!","floor":7,"gold_loss":0,"cards_obtained":["Mind Blast","Dodge and Roll"]},{"damage_healed":0,"gold_gain":0,"player_choice":"Obtained Relic","damage_taken":0,"relics_obtained":["Sundial"],"max_hp_gain":0,"max_hp_loss":0,"event_name":"Addict","floor":19,"gold_loss":85},{"damage_healed":0,"gold_gain":0,"player_choice":"Simplicity","damage_taken":0,"max_hp_gain":0,"max_hp_loss":0,"event_name":"Back to Basics","floor":20,"gold_loss":0,"cards_upgraded":["Defend_G","Defend_G","Defend_G","Defend_G","Defend_G","Strike_G","Strike_G","Strike_G","Strike_G","Strike_G"]},{"damage_healed":0,"gold_gain":0,"player_choice":"Opened","damage_taken":0,"relics_obtained":["Ornamental Fan"],"max_hp_gain":0,"max_hp_loss":0,"event_name":"The Mausoleum","floor":21,"gold_loss":0}],"is_beta":false,"boss_relics":[{"not_picked":["Eternal Feather","HoveringKite"],"picked":"Philosopher\u0027s Stone"}],"items_purged_floors":[],"is_endless":false,"potions_floor_spawned":[5,6,8,10,14,22,30,31],"killed_by":"Automaton","ascension_level":0}