{"gold_per_floor":[109,122,297,297,75,108,122,0,0,30,54,54,54,68,68,68],"floor_reached":16,"playtime":820,"items_purged":["Doubt"],"score":113,"play_id":"fcedb9d1-c7c8-400f-932d-01855e5b8978","local_time":"20190630124946","is_ascension_mode":true,"campfire_choices":[{"floor":12,"key":"REST"},{"floor":15,"key":"RECALL"}],"neow_cost":"NONE","seed_source_timestamp":1451856428489237,"circlet_count":0,"master_deck":["Defend_G","Defend_G","Defend_G","Defend_G","Defend_G","Strike_G","Strike_G","Strike_G","Strike_G","Survivor","Neutralize","Slice","Cloak And Dagger","Noxious Fumes","Blade Dance","Infinite Blades","Footwork","Flechettes","Endless Agony"],"relics":["Ring of the Snake","Omamori","Question Card","Orichalcum","Odd Mushroom"],"potions_floor_usage":[6,11,16],"damage_taken":[{"damage":1,"enemies":"Cultist","floor":1,"turns":4},{"damage":1,"enemies":"2 Louse","floor":2,"turns":4},{"damage":30,"enemies":"Gremlin Nob","floor":6,"turns":6},{"damage":3,"enemies":"Jaw Worm","floor":7,"turns":6},{"damage":30,"enemies":"Lagavulin","floor":10,"turns":10},{"damage":15,"enemies":"The Mushroom Lair","floor":11,"turns":4},{"damage":4,"enemies":"3 Louse","floor":14,"turns":5},{"damage":23,"enemies":"The Guardian","floor":16,"turns":5}],"seed_played":"-8630337342611517088","potions_obtained":[{"floor":2,"key":"GhostInAJar"},{"floor":10,"key":"SteroidPotion"},{"floor":11,"key":"Fire Potion"}],"is_trial":false,"path_per_floor":["M","M","?","?","$","E","M","$","T","E","?","R","?","M","R","B"],"character_chosen":"THE_SILENT","items_purchased":["Noxious Fumes","Omamori","Blade Dance"],"campfire_rested":1,"item_purchase_floors":[5,5,8],"current_hp_per_floor":[76,75,75,80,80,50,47,47,47,17,2,26,26,22,22,0],"gold":68,"neow_bonus":"TEN_PERCENT_HP_BONUS","is_prod":false,"is_daily":false,"chose_seed":false,"campfire_upgraded":0,"win_rate":0,"timestamp":1561913386,"path_taken":["M","M","?","?","$","E","M","?","T","E","?","R","?","?","R","BOSS"],"build_version":"2019-01-23","purchased_purges":1,"victory":false,"max_hp_per_floor":[77,77,77,82,82,82,82,82,82,82,82,82,82,82,82,82],"card_choices":[{"not_picked":["Prepared","Outmaneuver"],"picked":"Slice","floor":1},{"not_picked":["Dagger Spray","Quick Slash"],"picked":"Cloak And Dagger","floor":2},{"not_picked":["Quick Slash","Backflip","Underhanded Strike"],"picked":"SKIP","floor":6},{"not_picked":["Skewer","Reflex","Dodge and Roll","PiercingWail"],"picked":"SKIP","floor":7},{"not_picked":["Deadly Poison","Flechettes","Tools of the Trade"],"picked":"Infinite Blades","floor":10},{"not_picked":["Backflip","Distraction","Acrobatics"],"picked":"Footwork","floor":11},{"not_picked":["Dagger Throw","Underhanded Strike","Dodge and Roll"],"picked":"Endless Agony","floor":14}],"player_experience":58184,"relics_obtained":[{"floor":6,"key":"Question Card"},{"floor":10,"key":"Orichalcum"},{"floor":11,"key":"Odd Mushroom"}],"event_choices":[{"damage_healed":0,"gold_gain":175,"player_choice":"AGREE","damage_taken":0,"max_hp_gain":0,"max_hp_loss":0,"event_name":"Liars Game","floor":3,"gold_loss":0,"cards_obtained":["Doubt"]},{"damage_healed":0,"gold_gain":0,"player_choice":"Donut","damage_taken":0,"max_hp_gain":5,"max_hp_loss":0,"event_name":"Big Fish","floor":4,"gold_loss":0},{"damage_healed":0,"gold_gain":0,"player_choice":"Fought Mushrooms","damage_taken":0,"max_hp_gain":0,"max_hp_loss":0,"event_name":"Mushrooms","floor":11,"gold_loss":0},{"damage_healed":0,"gold_gain":0,"cards_transformed":["Strike_G"],"player_choice":"Transformed","damage_taken":0,"max_hp_gain":0,"max_hp_loss":0,"event_name":"Transmorgrifier","floor":13,"gold_loss":0,"cards_obtained":["Flechettes"]}],"is_beta":false,"boss_relics":[],"items_purged_floors":[8],"is_endless":false,"potions_floor_spawned":[2,10,11],"killed_by":"The Guardian","ascension_level":1}