{"gold_per_floor":[114,114,126,142,157,157,183,211,250,280,71,91,121,44,44,44],"floor_reached":16,"playtime":510,"items_purged":[],"score":228,"play_id":"0079586b-3095-43af-b80c-00bc6b40901f","local_time":"20190731223623","is_ascension_mode":true,"campfire_choices":[{"data":"Deadly Poison","floor":6.0,"key":"SMITH"},{"data":"Prepared","floor":15,"key":"SMITH"}],"neow_cost":"TEN_PERCENT_HP_LOSS","seed_source_timestamp":734257045959585,"circlet_count":0,"master_deck":["AscendersBane","Strike_G","Strike_G","Strike_G","Strike_G","Strike_G","Defend_G","Defend_G","Defend_G","Defend_G","Defend_G","Survivor","Neutralize+1","Heel Hook","Dagger Throw","Footwork","Deadly Poison+1","Skewer","Prepared+1","Tactician","Acrobatics","Tactician","Dash","Reflex"],"special_seed":0,"relics":["Ring of the Snake","Pocketwatch","MawBank","Anchor","PreservedInsect","Snake Skull"],"potions_floor_usage":[13,16],"damage_taken":[{"damage":2.0,"enemies":"2 Louse","floor":1.0,"turns":5.0},{"damage":0.0,"enemies":"Cultist","floor":3.0,"turns":3.0},{"damage":4.0,"enemies":"Jaw Worm","floor":4.0,"turns":4.0},{"damage":0.0,"enemies":"3 Louse","floor":5.0,"turns":1.0},{"damage":6.0,"enemies":"Gremlin Nob","floor":7.0,"turns":3.0},{"damage":16.0,"enemies":"Exordium Wildlife","floor":8.0,"turns":5.0},{"damage":8.0,"enemies":"Looter","floor":10.0,"turns":3.0},{"damage":0.0,"enemies":"Blue Slaver","floor":12.0,"turns":4.0},{"damage":9,"enemies":"Lagavulin","floor":13,"turns":4},{"damage":14,"enemies":"Hexaghost","floor":16,"turns":9}],"seed_played":"-7963303601959811828","potions_obtained":[{"floor":3.0,"key":"PowerPotion"},{"floor":4.0,"key":"Explosive Potion"},{"floor":5.0,"key":"FearPotion"},{"floor":10.0,"key":"Poison Potion"},{"floor":13,"key":"SkillPotion"}],"is_trial":false,"path_per_floor":["M","?","M","M","M","R","E","M","T","M","$","M","E","$","R","B"],"character_chosen":"THE_SILENT","items_purchased":["PreservedInsect","Acrobatics","Reflex"],"campfire_rested":0,"item_purchase_floors":[11,11,14],"current_hp_per_floor":[57,57,57,53,53,53,47,31,31,23,23,23,14,14,14,0],"gold":44,"neow_bonus":"ONE_RARE_RELIC","is_prod":false,"is_daily":false,"chose_seed":false,"campfire_upgraded":2,"win_rate":0,"timestamp":1564580183,"path_taken":["M","?","M","M","M","R","E","M","T","M","$","M","E","?","R","BOSS"],"build_version":"2019-07-17","purchased_purges":0,"victory":false,"max_hp_per_floor":[60,60,60,60,60,60,60,60,60,60,60,60,60,60,60,60],"card_choices":[{"not_picked":["Sucker Punch","Terror"],"picked":"Heel Hook","floor":1.0},{"not_picked":["Eviscerate","Dodge and Roll"],"picked":"Dagger Throw","floor":3.0},{"not_picked":["Eviscerate","Escape Plan"],"picked":"Footwork","floor":4.0},{"not_picked":["Cloak And Dagger","Quick Slash"],"picked":"Deadly Poison","floor":5.0},{"not_picked":["Deadly Poison","Bouncing Flask"],"picked":"Skewer","floor":7.0},{"not_picked":["Blade Dance","Accuracy"],"picked":"Prepared","floor":8.0},{"not_picked":["Bane","Well Laid Plans"],"picked":"Tactician","floor":10.0},{"not_picked":["Glass Knife","Flechettes"],"picked":"Tactician","floor":12.0},{"not_picked":["Skewer","Accuracy"],"picked":"Dash","floor":13}],"player_experience":1046668,"relics_obtained":[{"floor":7.0,"key":"MawBank"},{"floor":9.0,"key":"Anchor"},{"floor":13,"key":"Snake Skull"}],"event_choices":[{"damage_healed":0.0,"max_hp_gain":0.0,"max_hp_loss":0.0,"gold_gain":0.0,"event_name":"Upgrade Shrine","player_choice":"Upgraded","floor":2.0,"gold_loss":0.0,"damage_taken":0.0,"cards_upgraded":["Neutralize"]}],"is_beta":false,"boss_relics":[],"items_purged_floors":[],"is_endless":false,"potions_floor_spawned":[3,4,5,10,13],"killed_by":"Hexaghost","ascension_level":20}