{"path_per_floor":["M","?","?","M","T","R","E","M","T","?","E","R","M","T","R"],"character_chosen":"DEFECT","items_purchased":[],"gold_per_floor":[117,117,117,129,129,129,156,174,174,274,301,301,319,319,319,319],"floor_reached":16,"campfire_rested":0,"playtime":527,"item_purchase_floors":[],"current_hp_per_floor":[66,54,59,59,59,59,57,57,57,57,21,21,13,13,13,0],"items_purged":[],"gold":319,"score":146,"play_id":"05d93621-3114-4951-b1c0-a9bce3904e63","local_time":"20180609151110","is_prod":false,"is_daily":false,"chose_seed":false,"is_ascension_mode":true,"campfire_upgraded":3,"win_rate":0,"timestamp":1528549870,"campfire_choices":[{"data":"Dualcast","floor":6.0,"key":"SMITH"},{"data":"Coolheaded","floor":12.0,"key":"SMITH"},{"data":"Loop","floor":15,"key":"SMITH"}],"path_taken":["M","?","?","M","?","R","E","?","T","?","E","R","?","?","R","BOSS"],"build_version":"2018-06-07v3","seed_source_timestamp":116967356844894,"purchased_purges":0,"victory":false,"master_deck":["Strike_B","Strike_B","Strike_B","Strike_B","Defend_B","Defend_B","Defend_B","Defend_B","Zap+1","Dualcast+1","Chill","Coolheaded+1","Loop+1"],"max_hp_per_floor":[75,75,80,80,80,80,80,80,80,80,80,80,80,80,80,80],"relics":["Cracked Core","Smiling Mask","The Courier","Sundial","Calipers","Matryoshka"],"card_choices":[{"not_picked":["Reinforced Body","Streamline"],"picked":"Chill","floor":1.0},{"not_picked":["Sweeping Beam","Hologram"],"picked":"Coolheaded","floor":4.0},{"not_picked":["Conserve Battery","Sweeping Beam"],"picked":"Loop","floor":7.0},{"not_picked":["Stack","Self Repair","Beam Cell"],"picked":"SKIP","floor":8.0},{"not_picked":["Consume","Multi-Cast","Tempest"],"picked":"SKIP","floor":11.0},{"not_picked":["Consume","Turbo","Tempest"],"picked":"SKIP","floor":13}],"player_experience":563247,"potions_floor_usage":[],"damage_taken":[{"damage":2.0,"enemies":"Jaw Worm","floor":1.0,"turns":3.0},{"damage":0.0,"enemies":"2 Louse","floor":4.0,"turns":2.0},{"damage":2.0,"enemies":"3 Sentries","floor":7.0,"turns":10.0},{"damage":0.0,"enemies":"Cultist","floor":8.0,"turns":4.0},{"damage":36.0,"enemies":"Gremlin Nob","floor":11.0,"turns":4.0},{"damage":8,"enemies":"Large Slime","floor":13,"turns":6},{"damage":32,"enemies":"Hexaghost","floor":16,"turns":10}],"relics_obtained":[{"floor":5.0,"key":"The Courier"},{"floor":9.0,"key":"Sundial"},{"floor":11.0,"key":"Calipers"},{"floor":14,"key":"Matryoshka"}],"event_choices":[{"event_name":"Scrap Ooze","player_choice":"success","floor":2.0,"damage_taken":12.0},{"event_name":"Big Fish","player_choice":"Donut","floor":3.0,"damage_taken":0.0},{"event_name":"Golden Shrine","player_choice":"Pray","floor":10.0,"damage_taken":0.0}],"boss_relics":[],"items_purged_floors":[],"potions_floor_spawned":[1,11],"seed_played":"-5436987066504445491","killed_by":"Hexaghost","ascension_level":7,"potions_obtained":[{"floor":1.0,"key":"Explosive Potion"},{"floor":11.0,"key":"FairyPotion"}],"is_trial":false}