{"gold_per_floor":[16,33,33,11,26,55,71,105,155,187,187,64,77,87,87,187,187,167,182,202,72,88,88],"floor_reached":23,"playtime":2193,"items_purged":["Defend_B","Defend_B"],"score":215,"play_id":"b92faa59-b6e6-497e-a905-f608cb4fba15","local_time":"20190630022402","is_ascension_mode":false,"campfire_choices":[{"floor":11,"key":"REST"},{"data":"Double Energy","floor":15,"key":"SMITH"}],"neow_cost":"NO_GOLD","seed_source_timestamp":1412939247689598,"circlet_count":0,"master_deck":["Strike_B","Strike_B","Strike_B","Strike_B","Zap","Dualcast","Compile Driver","Undo","Rebound","Meteor Strike","Loop","Aggregate","Self Repair","Loop","Sweeping Beam","Double Energy+1","Fission","Conserve Battery+1","Capacitor","Storm","Hyperbeam"],"relics":["Cracked Core","Pantograph","Regal Pillow","Smiling Mask","Bag of Preparation","Boot","Velvet Choker"],"potions_floor_usage":[8,16,22,22,23,23,23,23],"damage_taken":[{"damage":1,"enemies":"Cultist","floor":1,"turns":3},{"damage":6,"enemies":"Jaw Worm","floor":2,"turns":3},{"damage":0,"enemies":"Small Slimes","floor":5,"turns":2},{"damage":32,"enemies":"Lagavulin","floor":6,"turns":7},{"damage":2,"enemies":"Blue Slaver","floor":7,"turns":3},{"damage":24,"enemies":"Gremlin Nob","floor":8,"turns":4},{"damage":19,"enemies":"Lagavulin","floor":10,"turns":7},{"damage":14,"enemies":"Exordium Thugs","floor":13,"turns":5},{"damage":5,"enemies":"Looter","floor":14,"turns":4},{"damage":36,"enemies":"Hexaghost","floor":16,"turns":9},{"damage":22,"enemies":"2 Thieves","floor":18,"turns":4},{"damage":13,"enemies":"3 Byrds","floor":19,"turns":5},{"damage":35,"enemies":"Centurion and Healer","floor":20,"turns":9},{"damage":21,"enemies":"Snake Plant","floor":22,"turns":4},{"damage":14,"enemies":"Slavers","floor":23,"turns":1}],"seed_played":"4986694319104692930","potions_obtained":[{"floor":2,"key":"LiquidBronze"},{"floor":5,"key":"SneckoOil"},{"floor":7,"key":"Poison Potion"},{"floor":8,"key":"FairyPotion"},{"floor":10,"key":"Dexterity Potion"},{"floor":19,"key":"Weak Potion"},{"floor":22,"key":"EntropicBrew"}],"is_trial":false,"path_per_floor":["M","M","T","$","M","E","M","E","T","E","R","$","M","M","R","B",null,"M","M","M","$","M","E"],"character_chosen":"DEFECT","items_purchased":["Rebound","Loop","Storm"],"campfire_rested":1,"item_purchase_floors":[4,12,21],"current_hp_per_floor":[74,68,68,68,68,36,34,10,10,1,38,38,31,33,33,29,75,60,54,26,26,12,0],"gold":88,"neow_bonus":"REMOVE_TWO","is_prod":false,"is_daily":false,"chose_seed":false,"campfire_upgraded":1,"win_rate":0.0,"timestamp":1561875842,"path_taken":["M","?","?","$","M","E","M","E","T","E","R","?","M","?","R","BOSS","M","?","M","$","?","E"],"build_version":"2019-01-23","purchased_purges":2,"victory":false,"max_hp_per_floor":[75,75,75,75,75,75,75,75,75,75,75,75,75,75,75,75,75,75,75,75,75,75,75],"card_choices":[{"not_picked":["Steam","Conserve Battery"],"picked":"Compile Driver","floor":1},{"not_picked":["Redo","Reinforced Body"],"picked":"Undo","floor":2},{"not_picked":["FTL","Skim","Steam"],"picked":"SKIP","floor":5},{"not_picked":["Hello World","Defragment"],"picked":"Meteor Strike","floor":6},{"not_picked":["Cold Snap","Gash"],"picked":"Loop","floor":7},{"not_picked":["Conserve Battery","Skim"],"picked":"Aggregate","floor":8},{"not_picked":["FTL","Reprogram"],"picked":"Self Repair","floor":10},{"not_picked":["Gash","Beam Cell"],"picked":"Sweeping Beam","floor":13},{"not_picked":["Go for the Eyes","Sweeping Beam"],"picked":"Double Energy","floor":14},{"not_picked":["Reboot","Amplify"],"picked":"Fission","floor":16},{"not_picked":["Compile Driver","Beam Cell","Turbo"],"picked":"SKIP","floor":18},{"not_picked":["Chaos","Leap"],"picked":"Conserve Battery+1","floor":19},{"not_picked":["Gash","Beam Cell"],"picked":"Capacitor","floor":20},{"not_picked":["Rip and Tear","Hologram+1"],"picked":"Hyperbeam","floor":22}],"player_experience":34796,"relics_obtained":[{"floor":3,"key":"Pantograph"},{"floor":6,"key":"Regal Pillow"},{"floor":8,"key":"Smiling Mask"},{"floor":9,"key":"Bag of Preparation"},{"floor":10,"key":"Boot"}],"event_choices":[],"is_beta":false,"boss_relics":[{"not_picked":["Astrolabe","Nuclear Battery"],"picked":"Velvet Choker"}],"items_purged_floors":[12,21],"is_endless":false,"potions_floor_spawned":[2,5,7,8,10,19,22],"killed_by":"Slavers","ascension_level":0}