{"gold_per_floor":[112,131,131,131,131,131,157,157,227,262,273,119,119,133,133,229,229,244,343,263,279,292,292,292,311,311,311,331,348,368,379,379,479,479,491,510,490,500,500,500],"floor_reached":40,"playtime":2077,"items_purged":[],"score":574,"play_id":"b57297f4-ac60-41b3-b6e7-f09221ff9b9a","local_time":"20190721184824","is_ascension_mode":true,"campfire_choices":[{"data":"Uppercut","floor":6,"key":"SMITH"},{"data":"Pommel Strike","floor":8,"key":"SMITH"},{"data":"True Grit","floor":15,"key":"SMITH"},{"floor":23,"key":"REST"},{"data":"Limit Break","floor":27,"key":"SMITH"},{"data":"Shrug It Off","floor":32,"key":"SMITH"}],"neow_cost":"NONE","seed_source_timestamp":340510294934160,"circlet_count":0,"master_deck":["Strike_R","Strike_R","Strike_R","Defend_R","Defend_R","Defend_R","Defend_R","Bash","Anger","Uppercut+1","Pommel Strike+1","True Grit+1","Ghostly Armor","Limit Break+1","Whirlwind+1","Spot Weakness","Spot Weakness+1","Shrug It Off+1","Impervious","Flame Barrier","True Grit+1","Body Slam+1"],"relics":["Burning Blood","NeowsBlessing","Shuriken","Mummified Hand","Regal Pillow","Orichalcum","Velvet Choker","Oddly Smooth Stone","Lizard Tail"],"potions_floor_usage":[10,21,22,28,33,38,38,40],"damage_taken":[{"damage":0,"enemies":"2 Louse","floor":1,"turns":1},{"damage":0,"enemies":"Jaw Worm","floor":2,"turns":1},{"damage":0,"enemies":"3 Sentries","floor":7,"turns":1},{"damage":15,"enemies":"Lagavulin","floor":10,"turns":3},{"damage":6,"enemies":"Small Slimes","floor":11,"turns":3},{"damage":7,"enemies":"3 Louse","floor":14,"turns":3},{"damage":45,"enemies":"The Guardian","floor":16,"turns":12},{"damage":7,"enemies":"Chosen","floor":18,"turns":4},{"damage":15,"enemies":"2 Thieves","floor":21,"turns":3},{"damage":36,"enemies":"Sentry and Sphere","floor":22,"turns":6},{"damage":12,"enemies":"Snake Plant","floor":25,"turns":4},{"damage":0,"enemies":"Centurion and Healer","floor":28,"turns":5},{"damage":10,"enemies":"Shelled Parasite and Fungi","floor":29,"turns":4},{"damage":3,"enemies":"Chosen and Byrds","floor":30,"turns":4},{"damage":1,"enemies":"Snecko","floor":31,"turns":3},{"damage":86,"enemies":"Automaton","floor":33,"turns":8},{"damage":21,"enemies":"3 Shapes","floor":35,"turns":4},{"damage":10,"enemies":"Orb Walker","floor":36,"turns":5},{"damage":40,"enemies":"Writhing Mass","floor":38,"turns":6},{"damage":79,"enemies":"Giant Head","floor":40,"turns":8}],"seed_played":"-8769942520778354087","potions_obtained":[{"floor":1,"key":"Weak Potion"},{"floor":11,"key":"Dexterity Potion"},{"floor":16,"key":"Energy Potion"},{"floor":18,"key":"PowerPotion"},{"floor":21,"key":"PowerPotion"},{"floor":30,"key":"FairyPotion"},{"floor":33,"key":"EssenceOfSteel"},{"floor":35,"key":"FearPotion"},{"floor":37,"key":"Swift Potion"}],"is_trial":false,"path_per_floor":["M","M","?","?","$","R","E","R","T","E","M","$","$","M","R","B",null,"M","?","$","M","M","R","?","M","T","R","M","M","M","M","R","B",null,"M","M","?","M","?","E"],"character_chosen":"IRONCLAD","items_purchased":["Orichalcum","Whirlwind"],"campfire_rested":1,"item_purchase_floors":[12,20],"current_hp_per_floor":[78,80,73,73,73,73,79,79,79,70,70,70,70,69,69,30,68,67,67,67,58,28,67,67,61,61,61,67,63,66,71,71,14,64,49,45,45,11,11,0],"gold":500,"neow_bonus":"THREE_ENEMY_KILL","is_prod":false,"is_daily":false,"chose_seed":false,"campfire_upgraded":5,"win_rate":0,"timestamp":1563760104,"path_taken":["M","M","?","?","$","R","E","R","T","E","M","?","$","M","R","BOSS","M","?","$","M","M","R","?","M","T","R","?","M","?","M","R","BOSS","M","M","?","?","?","E"],"build_version":"2019-07-05","purchased_purges":0,"victory":false,"max_hp_per_floor":[80,80,80,80,80,80,80,80,80,80,80,80,80,80,80,80,80,80,80,80,80,80,80,80,80,80,80,80,80,80,80,80,80,80,80,80,80,80,80,80],"card_choices":[{"not_picked":["Fire Breathing","Thunderclap"],"picked":"Anger","floor":1},{"not_picked":["Twin Strike","Rupture"],"picked":"Uppercut","floor":2},{"not_picked":["Burning Pact","Clothesline"],"picked":"Pommel Strike","floor":7},{"not_picked":["Intimidate","Flex"],"picked":"True Grit","floor":10},{"not_picked":["Armaments","Shrug It Off","Twin Strike"],"picked":"SKIP","floor":11},{"not_picked":["Armaments","Sword Boomerang"],"picked":"Ghostly Armor","floor":14},{"not_picked":["Berserk","Reaper"],"picked":"Limit Break","floor":16},{"not_picked":["Warcry+1","Rampage","Rage"],"picked":"SKIP","floor":18},{"not_picked":["Headbutt+1","Twin Strike"],"picked":"Spot Weakness","floor":21},{"not_picked":["Pommel Strike","Anger","Clothesline"],"picked":"SKIP","floor":22},{"not_picked":["Sever Soul+1","Wild Strike"],"picked":"Spot Weakness+1","floor":25},{"not_picked":["Fire Breathing","Armaments+1","Wild Strike+1"],"picked":"SKIP","floor":28},{"not_picked":["Perfected Strike","Clash"],"picked":"Shrug It Off","floor":29},{"not_picked":["Pummel","Thunderclap","Brutality"],"picked":"SKIP","floor":30},{"not_picked":["Iron Wave","Warcry","Combust"],"picked":"SKIP","floor":31},{"not_picked":["Dark Embrace","Feed"],"picked":"Impervious","floor":33},{"not_picked":["Anger","Armaments+1"],"picked":"Flame Barrier","floor":35},{"not_picked":["Clothesline","Anger"],"picked":"True Grit+1","floor":36},{"not_picked":["Iron Wave+1","Ghostly Armor"],"picked":"Body Slam+1","floor":38}],"player_experience":89593,"relics_obtained":[{"floor":7,"key":"Shuriken"},{"floor":9,"key":"Mummified Hand"},{"floor":10,"key":"Regal Pillow"},{"floor":26,"key":"Oddly Smooth Stone"}],"event_choices":[{"cards_removed":["Strike_R"],"damage_healed":0,"gold_gain":0,"player_choice":"Card Removal","damage_taken":7,"max_hp_gain":0,"max_hp_loss":0,"event_name":"Golden Wing","floor":3,"gold_loss":0},{"cards_removed":["Strike_R"],"damage_healed":0,"gold_gain":0,"player_choice":"Forget","damage_taken":0,"max_hp_gain":0,"max_hp_loss":0,"event_name":"Living Wall","floor":4,"gold_loss":0},{"damage_healed":0,"gold_gain":99,"player_choice":"Stole From Cult","damage_taken":0,"max_hp_gain":0,"max_hp_loss":0,"event_name":"Nest","floor":19,"gold_loss":0},{"damage_healed":0,"gold_gain":0,"player_choice":"Upgraded","damage_taken":0,"max_hp_gain":0,"max_hp_loss":0,"event_name":"Upgrade Shrine","floor":24,"gold_loss":0,"cards_upgraded":["Whirlwind"]},{"damage_healed":0,"gold_gain":0,"player_choice":"Bought 1 Potion","damage_taken":0,"max_hp_gain":0,"max_hp_loss":0,"event_name":"The Woman in Blue","floor":37,"gold_loss":0},{"damage_healed":0,"gold_gain":0,"player_choice":"Memory 1","damage_taken":0,"max_hp_gain":0,"max_hp_loss":0,"event_name":"SensoryStone","floor":39,"gold_loss":0}],"is_beta":false,"boss_relics":[{"not_picked":["Black Star","Coffee Dripper"],"picked":"Velvet Choker"},{"not_picked":["Philosopher\u0027s Stone","Runic Dome"],"picked":"Lizard Tail"}],"items_purged_floors":[],"is_endless":false,"potions_floor_spawned":[1,11,16,18,21,30,33,35],"killed_by":"Giant Head","ascension_level":7}