{"gold_per_floor":[116,133,133,65,65,65,81,81,138,138,164,164,114,32,32,32],"floor_reached":16,"playtime":523,"items_purged":[],"score":101,"play_id":"e39efe8a-3bbe-4f0d-837f-948448d0bb0a","local_time":"20190630173601","is_ascension_mode":true,"campfire_choices":[{"data":"Metallicize","floor":6,"key":"SMITH"},{"data":"Mind Blast","floor":12,"key":"SMITH"},{"data":"Inflame","floor":15,"key":"SMITH"}],"neow_cost":"PERCENT_DAMAGE","seed_source_timestamp":1469327746228304,"circlet_count":0,"master_deck":["Strike_R","Strike_R","Strike_R","Strike_R","Strike_R","Defend_R","Bash","Inflame","Pummel","Hemokinesis","Metallicize+1","Hemokinesis","Pain","Mind Blast+1","Rupture","Inflame+1"],"relics":["Burning Blood","Prayer Wheel","Tiny Chest","Juzu Bracelet"],"potions_floor_usage":[16],"damage_taken":[{"damage":0,"enemies":"Small Slimes","floor":1,"turns":4},{"damage":13,"enemies":"Cultist","floor":2,"turns":5},{"damage":1,"enemies":"2 Louse","floor":7,"turns":4},{"damage":31,"enemies":"Gremlin Nob","floor":11,"turns":4},{"damage":35,"enemies":"Slime Boss","floor":16,"turns":7}],"seed_played":"-3705808024895472211","potions_obtained":[{"floor":11,"key":"Explosive Potion"}],"is_trial":false,"path_per_floor":["M","M","?","$","$","R","M","?","T","?","E","R","?","$","R","B"],"character_chosen":"IRONCLAD","items_purchased":["Metallicize","Inflame"],"campfire_rested":0,"item_purchase_floors":[4,14],"current_hp_per_floor":[62,55,55,55,55,55,60,60,60,60,35,35,35,35,35,0],"gold":32,"neow_bonus":"ONE_RARE_RELIC","is_prod":false,"is_daily":false,"chose_seed":false,"campfire_upgraded":3,"win_rate":0,"timestamp":1561930561,"path_taken":["M","M","?","?","$","R","M","?","T","?","E","R","?","$","R","BOSS"],"build_version":"2019-01-23","purchased_purges":0,"victory":false,"max_hp_per_floor":[80,80,80,80,80,80,80,80,80,80,80,80,80,80,80,80],"card_choices":[{"not_picked":["Heavy Blade","Body Slam"],"picked":"Inflame","floor":1},{"not_picked":["Armaments","Headbutt"],"picked":"Pummel","floor":1},{"not_picked":["Warcry","Seeing Red"],"picked":"Hemokinesis","floor":2},{"not_picked":["Searing Blow","True Grit","Warcry"],"picked":"SKIP","floor":2},{"not_picked":["Corruption","Evolve"],"picked":"Hemokinesis","floor":7},{"not_picked":["Heavy Blade","Wild Strike","Clash"],"picked":"SKIP","floor":7},{"not_picked":["Entrench","Uppercut"],"picked":"Rupture","floor":11}],"player_experience":74680,"relics_obtained":[{"floor":9,"key":"Tiny Chest"},{"floor":11,"key":"Juzu Bracelet"}],"event_choices":[{"cards_removed":["Defend_R"],"damage_healed":0,"gold_gain":0,"player_choice":"Purged","damage_taken":0,"max_hp_gain":0,"max_hp_loss":0,"event_name":"Purifier","floor":3,"gold_loss":0},{"cards_removed":["Defend_R"],"damage_healed":0,"gold_gain":0,"player_choice":"Forget","damage_taken":0,"max_hp_gain":0,"max_hp_loss":0,"event_name":"Living Wall","floor":8,"gold_loss":0},{"damage_healed":0,"gold_gain":0,"player_choice":"2 cards matched","damage_taken":0,"max_hp_gain":0,"max_hp_loss":0,"event_name":"Match and Keep!","floor":10,"gold_loss":0,"cards_obtained":["Pain","Mind Blast"]},{"cards_removed":["Defend_R"],"damage_healed":0,"gold_gain":0,"player_choice":"Card Removal","damage_taken":0,"max_hp_gain":0,"max_hp_loss":0,"event_name":"The Cleric","floor":13,"gold_loss":50}],"is_beta":false,"boss_relics":[],"items_purged_floors":[],"is_endless":false,"potions_floor_spawned":[11],"killed_by":"Slime Boss","ascension_level":1}