{"gold_per_floor":[114,23,38,1,1,28,40,370,370,390,390,409,409,439,439,439],"floor_reached":16,"playtime":1305,"items_purged":[],"score":120,"play_id":"077bbde2-52af-4e44-a91a-0306e0ca3b67","local_time":"20190630033145","is_ascension_mode":false,"campfire_choices":[{"data":"Consume","floor":13,"key":"SMITH"},{"floor":15,"key":"REST"}],"neow_cost":"NONE","seed_source_timestamp":1417890373516859,"circlet_count":0,"master_deck":["Strike_B","Strike_B","Strike_B","Strike_B","Defend_B","Defend_B","Defend_B","Defend_B","Zap","Dualcast","Mind Blast","Rebound","Genetic Algorithm","Melter","Ball Lightning","Reboot","Consume+1","Good Instincts","Capacitor","Conserve Battery"],"relics":["Cracked Core","Gambling Chip","Old Coin","Pocketwatch","Pear"],"potions_floor_usage":[6,8,14,16],"damage_taken":[{"damage":0,"enemies":"Cultist","floor":1,"turns":3},{"damage":5,"enemies":"Small Slimes","floor":3,"turns":4},{"damage":18,"enemies":"Gremlin Nob","floor":6,"turns":4},{"damage":2,"enemies":"2 Louse","floor":7,"turns":3},{"damage":26,"enemies":"Lagavulin","floor":8,"turns":7},{"damage":7,"enemies":"2 Fungi Beasts","floor":10,"turns":3},{"damage":2,"enemies":"Blue Slaver","floor":12,"turns":3},{"damage":13,"enemies":"3 Sentries","floor":14,"turns":7},{"damage":49,"enemies":"Slime Boss","floor":16,"turns":6}],"seed_played":"5783185342776604836","potions_obtained":[{"floor":0,"key":"LiquidBronze"},{"floor":0,"key":"PowerPotion"},{"floor":0,"key":"Swift Potion"},{"floor":1,"key":"Block Potion"},{"floor":8,"key":"Ancient Potion"}],"is_trial":false,"path_per_floor":["M","$","M","$","?","E","M","E","T","M","?","M","R","E","R","B"],"character_chosen":"DEFECT","items_purchased":["Mind Blast","Genetic Algorithm"],"campfire_rested":1,"item_purchase_floors":[2,4],"current_hp_per_floor":[75,75,70,70,70,52,50,24,24,17,17,15,15,12,37,0],"gold":439,"neow_bonus":"THREE_SMALL_POTIONS","is_prod":false,"is_daily":false,"chose_seed":false,"campfire_upgraded":1,"win_rate":0.0,"timestamp":1561879905,"path_taken":["M","$","M","?","?","E","M","E","T","?","?","M","R","E","R","BOSS"],"build_version":"2019-01-23","purchased_purges":0,"victory":false,"max_hp_per_floor":[75,75,75,75,75,75,75,75,75,75,75,75,75,85,85,85],"card_choices":[{"not_picked":["Cold Snap","Stack","Hologram"],"picked":"SKIP","floor":1},{"not_picked":["Reprogram","Recycle"],"picked":"Rebound","floor":3},{"not_picked":["Leap","Turbo"],"picked":"Melter","floor":6},{"not_picked":["Conserve Battery","Steam Power"],"picked":"Ball Lightning","floor":7},{"not_picked":["Sweeping Beam","Steam"],"picked":"Reboot","floor":8},{"not_picked":["Leap","Beam Cell"],"picked":"Consume","floor":10},{"not_picked":["Fusion","Storm"],"picked":"Capacitor","floor":12},{"not_picked":["Cold Snap","Hologram"],"picked":"Conserve Battery","floor":14}],"player_experience":39707,"relics_obtained":[{"floor":6,"key":"Gambling Chip"},{"floor":8,"key":"Old Coin"},{"floor":9,"key":"Pocketwatch"},{"floor":14,"key":"Pear"}],"event_choices":[{"damage_healed":0,"gold_gain":0,"player_choice":"Ignored","damage_taken":0,"max_hp_gain":0,"max_hp_loss":0,"event_name":"NoteForYourself","floor":5,"gold_loss":0},{"damage_healed":0,"gold_gain":0,"player_choice":"1 cards matched","damage_taken":0,"max_hp_gain":0,"max_hp_loss":0,"event_name":"Match and Keep!","floor":11,"gold_loss":0,"cards_obtained":["Good Instincts"]}],"is_beta":false,"boss_relics":[],"items_purged_floors":[],"is_endless":false,"potions_floor_spawned":[1,8],"killed_by":"Slime Boss","ascension_level":0}