{"gold_per_floor":[117,117,135,135,35,66,76,76,76,90,90,109,128,159,159,237,237,253,253,303,303,320,320,331,331,331,41,59,72,72,72,72,72],"floor_reached":33,"playtime":1086,"items_purged":["Strike_B"],"score":564,"play_id":"847abbc0-f1e8-4e26-8cf6-7ed6e574b49d","local_time":"20190227003822","is_ascension_mode":true,"campfire_choices":[{"data":"Zap","floor":8.0,"key":"SMITH"},{"data":"Defragment","floor":11.0,"key":"SMITH"},{"data":"Coolheaded","floor":15.0,"key":"SMITH"},{"data":"Dualcast","floor":23.0,"key":"SMITH"},{"data":"Barrage","floor":25.0,"key":"SMITH"},{"data":"FTL","floor":30.0,"key":"SMITH"},{"data":"Ghostly","floor":32,"key":"SMITH"}],"neow_cost":"NONE","seed_source_timestamp":35027468902746,"circlet_count":0,"master_deck":["AscendersBane","Strike_B","Defend_B","Defend_B","Defend_B","Zap+1","Dualcast+1","Barrage+1","Defragment+1","Compile Driver","Ball Lightning","Genetic Algorithm","FTL+1","Coolheaded+1","Self Repair","Glacier","Conserve Battery","Ghostly","Ghostly","Ghostly+1"],"special_seed":0,"relics":["Cracked Core","NeowsBlessing","FaceOfCleric","Ornamental Fan","Matryoshka","Anchor","Empty Cage","Kunai","Letter Opener","Lee\u0027s Waffle"],"potions_floor_usage":[33],"damage_taken":[{"damage":0.0,"enemies":"Small Slimes","floor":1.0,"turns":1.0},{"damage":0.0,"enemies":"2 Louse","floor":3.0,"turns":1.0},{"damage":0.0,"enemies":"3 Sentries","floor":6.0,"turns":1.0},{"damage":1.0,"enemies":"Cultist","floor":7.0,"turns":3.0},{"damage":0.0,"enemies":"Large Slime","floor":10.0,"turns":4.0},{"damage":19.0,"enemies":"3 Louse","floor":12.0,"turns":3.0},{"damage":8.0,"enemies":"Blue Slaver","floor":13.0,"turns":2.0},{"damage":14.0,"enemies":"Gremlin Nob","floor":14.0,"turns":4.0},{"damage":15.0,"enemies":"Slime Boss","floor":16.0,"turns":9.0},{"damage":15.0,"enemies":"Spheric Guardian","floor":18.0,"turns":4.0},{"damage":21.0,"enemies":"Colosseum Slavers","floor":19.0,"turns":5.0},{"damage":14.0,"enemies":"Shell Parasite","floor":22.0,"turns":5.0},{"damage":9.0,"enemies":"Snecko","floor":24.0,"turns":6.0},{"damage":17.0,"enemies":"Shelled Parasite and Fungi","floor":28.0,"turns":5.0},{"damage":16.0,"enemies":"Snake Plant","floor":29.0,"turns":5.0},{"damage":71,"enemies":"Automaton","floor":33,"turns":12}],"seed_played":"6367290500465107322","potions_obtained":[{"floor":1.0,"key":"Swift Potion"},{"floor":7.0,"key":"LiquidBronze"},{"floor":12.0,"key":"SkillPotion"},{"floor":18.0,"key":"SkillPotion"},{"floor":28.0,"key":"PowerPotion"}],"is_trial":false,"path_per_floor":["M","?","M","?","$","E","M","R","T","M","R","M","M","E","R","B",null,"M","?","?","?","M","R","M","R","T","$","M","M","R","?","R","B"],"character_chosen":"DEFECT","items_purchased":["Defragment","Compile Driver","Lee\u0027s Waffle"],"campfire_rested":0,"item_purchase_floors":[5,5,27],"current_hp_per_floor":[64,64,64,64,64,65,65,65,65,66,66,48,41,28,28,21,64,57,44,44,44,38,38,30,30,30,89,80,72,72,45,45,0],"gold":72,"neow_bonus":"THREE_ENEMY_KILL","is_prod":false,"is_daily":false,"chose_seed":false,"campfire_upgraded":7,"win_rate":0,"timestamp":1551224302,"path_taken":["M","?","M","?","$","E","M","R","T","M","R","M","?","E","R","BOSS","M","?","?","?","M","R","M","R","T","?","M","M","R","?","R","BOSS"],"build_version":"2019-01-23","purchased_purges":1,"victory":false,"max_hp_per_floor":[71,71,71,71,71,72,73,73,73,74,74,75,76,77,77,78,78,79,80,80,80,81,81,82,82,82,89,90,91,91,45,45,45],"card_choices":[{"not_picked":["Streamline","Beam Cell","Rebound"],"picked":"SKIP","floor":1.0},{"not_picked":["Streamline","Beam Cell","Rebound"],"picked":"SKIP","floor":1.0},{"not_picked":["Stack","Rip and Tear"],"picked":"Barrage","floor":3.0},{"not_picked":["Rip and Tear","Redo"],"picked":"Ball Lightning","floor":6.0},{"not_picked":["FTL","Undo","Hologram"],"picked":"SKIP","floor":7.0},{"not_picked":["Compile Driver","Steam"],"picked":"Genetic Algorithm","floor":10.0},{"not_picked":["FTL","Barrage","Go for the Eyes"],"picked":"SKIP","floor":12.0},{"not_picked":["Barrage","Go for the Eyes"],"picked":"FTL","floor":12.0},{"not_picked":["Beam Cell","Rebound"],"picked":"Coolheaded","floor":13.0},{"not_picked":["BootSequence","White Noise"],"picked":"Self Repair","floor":14.0},{"not_picked":["Ball Lightning","Beam Cell"],"picked":"Glacier","floor":18.0},{"not_picked":["Turbo","Cold Snap"],"picked":"Conserve Battery","floor":22.0},{"not_picked":["Gash","Steam","Barrage"],"picked":"SKIP","floor":24.0},{"not_picked":["Turbo","Go for the Eyes","Reprogram"],"picked":"SKIP","floor":28.0},{"not_picked":["Gash","Streamline","Hyperbeam"],"picked":"SKIP","floor":29.0}],"player_experience":908330,"relics_obtained":[{"floor":6.0,"key":"Ornamental Fan"},{"floor":9.0,"key":"Matryoshka"},{"floor":14.0,"key":"Anchor"},{"floor":26.0,"key":"Kunai"},{"floor":26.0,"key":"Letter Opener"}],"event_choices":[{"cards_removed":["Strike_B"],"damage_healed":0.0,"max_hp_gain":0.0,"max_hp_loss":0.0,"gold_gain":0.0,"event_name":"Living Wall","player_choice":"Forget","floor":2.0,"gold_loss":0.0,"damage_taken":0.0},{"damage_healed":0.0,"max_hp_gain":0.0,"max_hp_loss":0.0,"gold_gain":0.0,"event_name":"FaceTrader","player_choice":"Trade","floor":4.0,"gold_loss":0.0,"damage_taken":0.0,"relics_obtained":["FaceOfCleric"]},{"damage_healed":0.0,"max_hp_gain":0.0,"max_hp_loss":0.0,"gold_gain":0.0,"event_name":"Colosseum","player_choice":"Fight","floor":19.0,"gold_loss":0.0,"damage_taken":0.0},{"damage_healed":0.0,"max_hp_gain":0.0,"max_hp_loss":0.0,"gold_gain":0.0,"event_name":"Colosseum","player_choice":"Fled From Nobs","floor":19.0,"gold_loss":0.0,"damage_taken":0.0},{"damage_healed":0.0,"max_hp_gain":0.0,"max_hp_loss":0.0,"gold_gain":50.0,"event_name":"Nest","player_choice":"Stole From Cult","floor":20.0,"gold_loss":0.0,"damage_taken":0.0},{"damage_healed":0.0,"max_hp_gain":0.0,"max_hp_loss":0.0,"gold_gain":0.0,"event_name":"The Mausoleum","player_choice":"Ignored","floor":21.0,"gold_loss":0.0,"damage_taken":0.0},{"damage_healed":0,"gold_gain":0,"player_choice":"Became a Ghost","damage_taken":0,"max_hp_gain":0,"max_hp_loss":46,"event_name":"Ghosts","floor":31,"gold_loss":0,"cards_obtained":["Ghostly","Ghostly","Ghostly"]}],"is_beta":false,"boss_relics":[{"not_picked":["White Beast Statue","Tiny House"],"picked":"Empty Cage"}],"items_purged_floors":[27],"is_endless":false,"potions_floor_spawned":[1,7,12,13,18,19,28],"killed_by":"Automaton","ascension_level":20}