{"path_per_floor":["M","?","M","M","M","R","E","?","T","?","R","M","M","M","R"],"character_chosen":"DEFECT","items_purchased":[],"gold_per_floor":[18,18,37,50,70,70,97,97,166,266,266,285,298,310,310,310],"floor_reached":16,"campfire_rested":1,"playtime":707,"current_hp_per_floor":[74,74,74,74,27,27,8,8,8,8,30,27,22,18,18,0],"items_purged":[],"gold":310,"score":104,"play_id":"196b6786-4fff-4971-8a5d-9ec13024fa20","local_time":"20180501233524","is_prod":false,"is_daily":false,"chose_seed":false,"is_ascension_mode":false,"campfire_upgraded":2,"timestamp":1525210524,"path_taken":["M","?","M","M","M","R","E","?","T","?","R","M","M","M","R","BOSS"],"build_version":"2018-04-30","seed_source_timestamp":570858015709988,"purchased_purges":0,"victory":false,"master_deck":["Strike_B","Strike_B","Strike_B","Defend_B","Defend_B","Defend_B","Defend_B","Zap","Dualcast","Rainbow+1","Rebound","White Noise+1","Cold Snap","Leap","Barrage","Sunder"],"max_hp_per_floor":[75,75,75,75,75,75,75,75,75,75,75,75,75,75,75,75],"relics":["Cracked Core","Peace Pipe","Bottled Lightning"],"card_choices":[{"not_picked":["Seek","Redo"],"picked":"Rainbow","floor":0.0},{"not_picked":["Sweeping Beam","Axe Kick"],"picked":"Rebound","floor":1.0},{"not_picked":["Stack","Ball Lightning"],"picked":"White Noise","floor":3.0},{"not_picked":["Hyperbeam","Ball Lightning"],"picked":"Cold Snap","floor":5.0},{"not_picked":["Meteor Strike","Go for the Eyes"],"picked":"Leap","floor":7},{"not_picked":["Aggregate","Loop"],"picked":"Barrage","floor":13},{"not_picked":["Static Discharge","Tempest"],"picked":"Sunder","floor":14}],"player_experience":574785,"potions_floor_usage":[7],"damage_taken":[{"damage":1.0,"enemies":"Jaw Worm","floor":1.0,"turns":5.0},{"damage":0.0,"enemies":"2 Louse","floor":3.0,"turns":3.0},{"damage":0.0,"enemies":"Cultist","floor":4.0,"turns":3.0},{"damage":47.0,"enemies":"Exordium Thugs","floor":5.0,"turns":5.0},{"damage":26,"enemies":"Lagavulin","floor":7,"turns":7},{"damage":3,"enemies":"Large Slime","floor":12,"turns":5},{"damage":5,"enemies":"Lots of Slimes","floor":13,"turns":4},{"damage":4,"enemies":"Exordium Wildlife","floor":14,"turns":3},{"damage":22,"enemies":"Hexaghost","floor":16,"turns":9}],"event_choices":[{"event_name":"The Cleric","player_choice":"Leave","floor":2.0,"damage_taken":0.0},{"event_name":"Bonfire Elementals","player_choice":"BASIC","floor":8,"damage_taken":0},{"event_name":"Golden Shrine","player_choice":"Pray","floor":10,"damage_taken":0}],"boss_relics":[],"potions_floor_spawned":[3,13],"seed_played":"1084562760531349602","killed_by":"Hexaghost","ascension_level":0,"is_trial":false}