{"gold_per_floor":[114,129,129,210,160,187,187,187,187,187,206,206,232,248,248,343,343,360,70,56,75,75,75,105,105,105,105],"floor_reached":27,"playtime":1031,"items_purged":[],"score":264,"play_id":"9cae5f82-d30b-44b9-91bb-c5ec50d959e6","local_time":"20190414145224","is_ascension_mode":false,"campfire_choices":[{"data":"Searing Blow","floor":8,"key":"SMITH"},{"data":"Searing Blow+1","floor":12,"key":"SMITH"},{"data":"1","floor":15,"key":"LIFT"},{"data":"2","floor":23,"key":"LIFT"}],"neow_cost":"NONE","seed_source_timestamp":329021296317271,"circlet_count":0,"master_deck":["Strike_R+1","Defend_R","Defend_R","Defend_R","Defend_R","Bash","Searing Blow+2","Shrug It Off+1","Armaments+1","Warcry+1","Warcry+1","Demon Form","Shrug It Off+1","Chrysalis+1","Discovery+1","Armaments+1","Heavy Blade","Demon Form","Body Slam","Rage+1"],"relics":["Burning Blood","NeowsBlessing","Girya","Ornamental Fan","Toxic Egg 2","PreservedInsect","Lizard Tail","Shovel","The Courier"],"potions_floor_usage":[13,16,16,21,24],"damage_taken":[{"damage":0,"enemies":"Small Slimes","floor":1,"turns":1},{"damage":0,"enemies":"Jaw Worm","floor":2,"turns":1},{"damage":0,"enemies":"3 Sentries","floor":6,"turns":2},{"damage":0,"enemies":"2 Louse","floor":11,"turns":3},{"damage":3,"enemies":"Gremlin Nob","floor":13,"turns":3},{"damage":21,"enemies":"2 Fungi Beasts","floor":14,"turns":5},{"damage":52,"enemies":"The Guardian","floor":16,"turns":9},{"damage":25,"enemies":"Shell Parasite","floor":18,"turns":7},{"damage":28,"enemies":"2 Thieves","floor":20,"turns":5},{"damage":54,"enemies":"Cultist and Chosen","floor":21,"turns":9},{"damage":49,"enemies":"Gremlin Leader","floor":24,"turns":6},{"damage":23,"enemies":"Book of Stabbing","floor":27,"turns":5}],"seed_played":"-2704399288503172153","potions_obtained":[{"floor":2,"key":"BloodPotion"},{"floor":6,"key":"GamblersBrew"},{"floor":11,"key":"AttackPotion"},{"floor":16,"key":"FairyPotion"},{"floor":20,"key":"Explosive Potion"},{"floor":21,"key":"Regen Potion"}],"is_trial":false,"path_per_floor":["M","M","?","T","?","E","?","R","T","?","M","R","E","M","R","B",null,"M","$","M","M","?","R","E","?","T","E"],"character_chosen":"IRONCLAD","items_purchased":["Chrysalis+1","Discovery+1"],"campfire_rested":0,"item_purchase_floors":[19,19],"current_hp_per_floor":[80,80,73,73,73,79,63,63,63,60,66,66,69,54,54,16,80,61,61,39,46,46,46,18,18,18,0],"gold":105,"neow_bonus":"THREE_ENEMY_KILL","is_prod":false,"is_daily":false,"chose_seed":false,"campfire_upgraded":2,"win_rate":0,"timestamp":1555271544,"path_taken":["M","M","?","?","?","E","?","R","T","?","M","R","E","M","R","BOSS","M","$","M","M","?","R","E","?","T","E"],"build_version":"2019-01-23","purchased_purges":0,"victory":false,"max_hp_per_floor":[80,80,80,80,80,80,80,80,80,80,80,80,80,80,80,80,80,80,80,80,80,80,80,80,80,80,80],"card_choices":[{"not_picked":["Twin Strike","Iron Wave"],"picked":"Searing Blow","floor":1},{"not_picked":["Body Slam","Sentinel","Perfected Strike"],"picked":"SKIP","floor":2},{"not_picked":["Pummel","Warcry"],"picked":"Shrug It Off","floor":6},{"not_picked":["Carnage","Anger"],"picked":"Armaments+1","floor":11},{"not_picked":["True Grit+1","Sword Boomerang"],"picked":"Warcry+1","floor":13},{"not_picked":["Twin Strike","Sword Boomerang"],"picked":"Warcry+1","floor":14},{"not_picked":["Reaper","Bludgeon"],"picked":"Demon Form","floor":16},{"not_picked":["Anger","Havoc+1"],"picked":"Shrug It Off+1","floor":18},{"not_picked":["Dropkick","Shockwave+1"],"picked":"Armaments+1","floor":20},{"not_picked":["Hemokinesis","Rupture","Anger+1"],"picked":"SKIP","floor":21},{"not_picked":["True Grit+1","Twin Strike+1"],"picked":"Demon Form","floor":24}],"player_experience":773806,"relics_obtained":[{"floor":6,"key":"Girya"},{"floor":9,"key":"Ornamental Fan"},{"floor":13,"key":"PreservedInsect"},{"floor":24,"key":"Shovel"},{"floor":26,"key":"The Courier"}],"event_choices":[{"cards_removed":["Strike_R"],"damage_healed":0,"gold_gain":0,"player_choice":"Card Removal","damage_taken":7,"max_hp_gain":0,"max_hp_loss":0,"event_name":"Golden Wing","floor":3,"gold_loss":0},{"cards_removed":["Strike_R"],"damage_healed":0,"gold_gain":0,"player_choice":"Card Removal","damage_taken":0,"max_hp_gain":0,"max_hp_loss":0,"event_name":"The Cleric","floor":5,"gold_loss":50},{"damage_healed":0,"gold_gain":0,"player_choice":"Entered Light","damage_taken":16,"max_hp_gain":0,"max_hp_loss":0,"event_name":"Shining Light","floor":7,"gold_loss":0,"cards_upgraded":["Strike_R","Shrug It Off"]},{"damage_healed":0,"gold_gain":0,"player_choice":"Success","damage_taken":3,"relics_obtained":["Toxic Egg 2"],"max_hp_gain":0,"max_hp_loss":0,"event_name":"Scrap Ooze","floor":10,"gold_loss":0},{"damage_healed":0,"gold_gain":0,"player_choice":"Read","damage_taken":0,"max_hp_gain":0,"max_hp_loss":0,"event_name":"The Library","floor":22,"gold_loss":0,"cards_obtained":["Heavy Blade"]},{"damage_healed":0,"gold_gain":0,"cards_transformed":["Strike_R","Strike_R"],"player_choice":"Became Test Subject","damage_taken":0,"max_hp_gain":0,"max_hp_loss":0,"event_name":"Drug Dealer","floor":25,"gold_loss":0,"cards_obtained":["Body Slam","Rage"]}],"is_beta":false,"boss_relics":[{"not_picked":["Snecko Eye","Runic Pyramid"],"picked":"Lizard Tail"}],"items_purged_floors":[],"is_endless":false,"potions_floor_spawned":[2,6,11,16,20,21],"killed_by":"Book of Stabbing","ascension_level":0}