{"gold_per_floor":[219,219,238,238,251,251,285,285,354,354,216,216,216,216,216,294,294,306,217,228,228,228],"floor_reached":22,"playtime":766,"items_purged":["Strike_R","Strike_R"],"score":351,"play_id":"13e69be1-baa6-4198-8428-7a6ab1168dac","local_time":"20190728200045","is_ascension_mode":true,"campfire_choices":[{"data":"Bash","floor":6.0,"key":"SMITH"},{"data":"Inflame","floor":8.0,"key":"SMITH"},{"data":"Twin Strike","floor":10.0,"key":"SMITH"},{"data":"Shrug It Off","floor":12,"key":"SMITH"},{"data":"Carnage","floor":15,"key":"SMITH"}],"neow_cost":"NONE","seed_source_timestamp":80097711926589,"circlet_count":0,"master_deck":["AscendersBane","Strike_R","Strike_R","Strike_R","Defend_R","Defend_R","Defend_R","Defend_R","Bash+1","Anger","Inflame+1","Twin Strike+1","Shrug It Off+1","Carnage+1","Offering","Uppercut","Inflame","Dropkick+1"],"special_seed":0,"relics":["Burning Blood","Smiling Mask","Pantograph","Omamori","Runic Pyramid"],"potions_floor_usage":[16],"damage_taken":[{"damage":2.0,"enemies":"Cultist","floor":1.0,"turns":4.0},{"damage":4.0,"enemies":"2 Louse","floor":3.0,"turns":3.0},{"damage":11.0,"enemies":"Small Slimes","floor":5.0,"turns":3.0},{"damage":35.0,"enemies":"3 Sentries","floor":7.0,"turns":9.0},{"damage":55,"enemies":"The Guardian","floor":16,"turns":11},{"damage":35,"enemies":"Shell Parasite","floor":18,"turns":3},{"damage":15,"enemies":"Spheric Guardian","floor":20,"turns":4},{"damage":24,"enemies":"Snecko","floor":22,"turns":3}],"seed_played":"-4947646986913260454","potions_obtained":[{"floor":1.0,"key":"LiquidBronze"},{"floor":5.0,"key":"EssenceOfSteel"},{"floor":20,"key":"Block Potion"}],"is_trial":false,"path_per_floor":["M","$","M","$","M","R","E","R","T","R","$","R","?","?","R","B",null,"M","$","M","?","M"],"character_chosen":"IRONCLAD","items_purchased":["Carnage","Inflame"],"campfire_rested":0,"item_purchase_floors":[11,19],"current_hp_per_floor":[72,72,74,74,69,69,40,40,40,40,40,40,22,40,40,16,60,31,31,22,22,0],"gold":228,"neow_bonus":"HUNDRED_GOLD","is_prod":false,"is_daily":false,"chose_seed":false,"campfire_upgraded":5,"win_rate":0,"timestamp":1564369245,"path_taken":["M","$","M","?","M","R","E","R","T","R","$","R","?","?","R","BOSS","M","$","M","?","M"],"build_version":"2019-07-18","purchased_purges":2,"victory":false,"max_hp_per_floor":[75,75,75,75,75,75,75,75,75,75,75,75,75,75,75,75,75,75,75,75,75,75],"card_choices":[{"not_picked":["Power Through","Warcry"],"picked":"Anger","floor":1.0},{"not_picked":["Thunderclap","Havoc"],"picked":"Inflame","floor":3.0},{"not_picked":["Armaments","Havoc"],"picked":"Twin Strike","floor":5.0},{"not_picked":["Thunderclap","Combust"],"picked":"Shrug It Off","floor":7.0},{"not_picked":["Double Tap","Juggernaut"],"picked":"Offering","floor":16},{"not_picked":["Reckless Charge","Havoc"],"picked":"Uppercut","floor":18},{"not_picked":["Twin Strike","Perfected Strike"],"picked":"Dropkick+1","floor":20}],"player_experience":250818,"relics_obtained":[{"floor":7.0,"key":"Smiling Mask"},{"floor":9.0,"key":"Pantograph"}],"event_choices":[{"damage_healed":0,"gold_gain":0,"player_choice":"Success","damage_taken":18,"relics_obtained":["Omamori"],"max_hp_gain":0,"max_hp_loss":0,"event_name":"Scrap Ooze","floor":13,"gold_loss":0},{"damage_healed":18,"gold_gain":0,"player_choice":"Healed and dodged fight","damage_taken":0,"max_hp_gain":0,"max_hp_loss":0,"event_name":"Mushrooms","floor":14,"gold_loss":0,"cards_obtained":["Parasite"]},{"damage_healed":0,"gold_gain":0,"player_choice":"Ignored","damage_taken":0,"max_hp_gain":0,"max_hp_loss":0,"event_name":"The Mausoleum","floor":21,"gold_loss":0}],"is_beta":true,"boss_relics":[{"not_picked":["Black Blood","Lizard Tail"],"picked":"Runic Pyramid"}],"items_purged_floors":[11,19],"is_endless":false,"potions_floor_spawned":[1,5,20],"killed_by":"Snecko","ascension_level":19}