{"gold_per_floor":[109,66,66,86,86,116,116,145,145,161,74,74,92,15,15,94,94,109,80,80,130,55,55,67,67,67,67],"floor_reached":27,"playtime":717,"items_purged":["Strike_G"],"score":489,"play_id":"874b9a45-6772-4bc6-a151-e0c619c482ee","local_time":"20190219080242","is_ascension_mode":true,"campfire_choices":[{"data":"Neutralize","floor":7.0,"key":"SMITH"},{"data":"Deadly Poison","floor":15.0,"key":"SMITH"},{"data":"Footwork","floor":23,"key":"SMITH"}],"neow_cost":"NONE","seed_source_timestamp":1137664007581491,"circlet_count":0,"master_deck":["AscendersBane","Defend_G","Defend_G","Defend_G","Defend_G","Defend_G","Strike_G","Strike_G","Survivor","Neutralize+1","Dagger Spray","Blur","Poisoned Stab","Deadly Poison+1","Catalyst","Catalyst","Footwork+1","Blur","Footwork","Acrobatics"],"special_seed":0,"relics":["Ring of the Snake","NeowsBlessing","Mango","Dream Catcher","Bird Faced Urn","Sozu","Peace Pipe"],"potions_floor_usage":[27],"damage_taken":[{"damage":0.0,"enemies":"Small Slimes","floor":1.0,"turns":1.0},{"damage":0.0,"enemies":"Cultist","floor":4.0,"turns":1.0},{"damage":0.0,"enemies":"Lagavulin","floor":6.0,"turns":1.0},{"damage":41.0,"enemies":"3 Sentries","floor":8.0,"turns":9.0},{"damage":1.0,"enemies":"Jaw Worm","floor":10.0,"turns":4.0},{"damage":0.0,"enemies":"3 Louse","floor":13.0,"turns":3.0},{"damage":3.0,"enemies":"Hexaghost","floor":16.0,"turns":9.0},{"damage":10.0,"enemies":"Spheric Guardian","floor":18.0,"turns":7.0},{"damage":5,"enemies":"2 Thieves","floor":19,"turns":4},{"damage":14,"enemies":"Centurion and Healer","floor":24,"turns":10},{"damage":80,"enemies":"Cultist and Chosen","floor":27,"turns":7}],"seed_played":"2156347787633161746","potions_obtained":[{"floor":4.0,"key":"AttackPotion"},{"floor":13.0,"key":"Regen Potion"}],"is_trial":false,"path_per_floor":["M","$","?","M","?","E","R","E","T","M","$","?","M","$","R","B",null,"M","M","?","?","$","R","M","$","T","M"],"character_chosen":"THE_SILENT","items_purchased":["Blur","Footwork","Footwork"],"campfire_rested":0,"item_purchase_floors":[2,11,14],"current_hp_per_floor":[59,59,59,59,64,78,78,37,37,36,36,36,38,38,38,39,74,68,67,67,67,67,67,57,57,57,0],"gold":67,"neow_bonus":"THREE_ENEMY_KILL","is_prod":false,"is_daily":false,"chose_seed":false,"campfire_upgraded":3,"win_rate":0,"timestamp":1550559762,"path_taken":["M","$","?","?","?","E","R","E","T","M","$","?","?","$","R","BOSS","M","M","?","?","$","R","M","?","T","?"],"build_version":"2019-01-23","purchased_purges":1,"victory":false,"max_hp_per_floor":[66,66,66,66,71,85,85,85,85,85,85,85,85,85,85,85,85,85,85,85,85,85,85,85,85,85,85],"card_choices":[{"not_picked":["Bane","Poisoned Stab"],"picked":"Dagger Spray","floor":1.0},{"not_picked":["Quick Slash","Sucker Punch"],"picked":"Poisoned Stab","floor":4.0},{"not_picked":["Flechettes","Tools of the Trade"],"picked":"Deadly Poison","floor":6.0},{"not_picked":["Bouncing Flask","All Out Attack"],"picked":"Catalyst","floor":8.0},{"not_picked":["Bane","Acrobatics"],"picked":"Catalyst","floor":10.0},{"not_picked":["Finisher","Deflect"],"picked":"Blur","floor":13.0},{"not_picked":["PiercingWail+1","Accuracy"],"picked":"Acrobatics","floor":18.0},{"not_picked":["Poisoned Stab","Infinite Blades","Setup"],"picked":"SKIP","floor":19},{"not_picked":["Eviscerate","Backstab","Dodge and Roll"],"picked":"SKIP","floor":24}],"player_experience":821532,"relics_obtained":[{"floor":6.0,"key":"Mango"},{"floor":8.0,"key":"Dream Catcher"},{"floor":9.0,"key":"Bird Faced Urn"},{"floor":26,"key":"Peace Pipe"}],"event_choices":[{"cards_removed":["Strike_G"],"damage_healed":0.0,"max_hp_gain":0.0,"max_hp_loss":0.0,"gold_gain":0.0,"event_name":"Bonfire Elementals","player_choice":"Offered Basic","floor":3.0,"gold_loss":0.0,"damage_taken":0.0},{"damage_healed":0.0,"max_hp_gain":5.0,"max_hp_loss":0.0,"gold_gain":0.0,"event_name":"Big Fish","player_choice":"Donut","floor":5.0,"gold_loss":0.0,"damage_taken":0.0},{"cards_removed":["Strike_G"],"damage_healed":0.0,"max_hp_gain":0.0,"max_hp_loss":0.0,"gold_gain":0.0,"event_name":"Purifier","player_choice":"Purged","floor":12.0,"gold_loss":0.0,"damage_taken":0.0},{"damage_healed":0,"gold_gain":0,"player_choice":"Ignored","damage_taken":0,"max_hp_gain":0,"max_hp_loss":0,"event_name":"Vampires","floor":20,"gold_loss":0},{"damage_healed":0,"gold_gain":50,"player_choice":"Stole From Cult","damage_taken":0,"max_hp_gain":0,"max_hp_loss":0,"event_name":"Nest","floor":21,"gold_loss":0}],"is_beta":false,"boss_relics":[{"not_picked":["Ectoplasm","Black Star"],"picked":"Sozu"}],"items_purged_floors":[22],"is_endless":false,"potions_floor_spawned":[4,13,19],"killed_by":"Cultist and Chosen","ascension_level":18}