{"gold_per_floor":[364,384,398,418,432,432,432,432,455,455,472,472,472,145,145,145],"floor_reached":16,"playtime":449,"items_purged":["Strike_B"],"score":184,"play_id":"363b1f04-6b35-48d5-ba73-e102dbd82130","local_time":"20190223172303","is_ascension_mode":true,"campfire_choices":[{"floor":6.0,"key":"REST"},{"data":"Dualcast","floor":10.0,"key":"SMITH"},{"data":"Coolheaded","floor":13,"key":"SMITH"},{"data":"Redo","floor":15,"key":"SMITH"}],"neow_cost":"TEN_PERCENT_HP_LOSS","seed_source_timestamp":1403055528224105,"circlet_count":0,"master_deck":["AscendersBane","Strike_B","Strike_B","Strike_B","Defend_B","Defend_B","Defend_B","Defend_B","Zap+1","Dualcast+1","Lockon","Sweeping Beam","Gash","Scrape","Gash","Coolheaded+1","Defragment","Conserve Battery","Compile Driver","Redo+1"],"special_seed":0,"relics":["Cracked Core","Centennial Puzzle"],"potions_floor_usage":[16],"damage_taken":[{"damage":1.0,"enemies":"Cultist","floor":1.0,"turns":3.0},{"damage":7.0,"enemies":"Small Slimes","floor":2.0,"turns":3.0},{"damage":0.0,"enemies":"2 Louse","floor":3.0,"turns":3.0},{"damage":30.0,"enemies":"Exordium Thugs","floor":4.0,"turns":5.0},{"damage":16.0,"enemies":"Blue Slaver","floor":5.0,"turns":4.0},{"damage":12.0,"enemies":"Gremlin Gang","floor":11.0,"turns":2.0},{"damage":19,"enemies":"Slime Boss","floor":16,"turns":7}],"seed_played":"-9129144098258487013","potions_obtained":[{"floor":1.0,"key":"Strength Potion"},{"floor":4.0,"key":"SpeedPotion"}],"is_trial":false,"path_per_floor":["M","M","M","M","M","R","?","?","T","R","M","?","R","$","R","B"],"character_chosen":"DEFECT","items_purchased":["Defragment","Conserve Battery","Compile Driver","Redo"],"campfire_rested":1,"item_purchase_floors":[14,14,14,14],"current_hp_per_floor":[63,56,56,26,10,29,29,29,29,29,17,17,17,17,17,0],"gold":145,"neow_bonus":"TWO_FIFTY_GOLD","is_prod":false,"is_daily":false,"chose_seed":false,"campfire_upgraded":3,"win_rate":0,"timestamp":1550938983,"path_taken":["M","?","M","M","M","R","?","?","T","R","?","?","R","?","R","BOSS"],"build_version":"2019-01-23","purchased_purges":1,"victory":false,"max_hp_per_floor":[64,64,64,64,64,64,64,64,64,64,64,64,64,64,64,64],"card_choices":[{"not_picked":["Force Field","Beam Cell"],"picked":"Lockon","floor":1.0},{"not_picked":["Leap","Genetic Algorithm"],"picked":"Sweeping Beam","floor":2.0},{"not_picked":["Cold Snap","Stack"],"picked":"Gash","floor":3.0},{"not_picked":["Beam Cell","Hologram"],"picked":"Scrape","floor":4.0},{"not_picked":["Steam","Lockon"],"picked":"Gash","floor":5.0},{"not_picked":["Rebound","Force Field"],"picked":"Coolheaded","floor":11.0}],"player_experience":876956,"relics_obtained":[{"floor":9.0,"key":"Centennial Puzzle"}],"event_choices":[{"damage_healed":0.0,"max_hp_gain":0.0,"max_hp_loss":0.0,"gold_gain":0.0,"event_name":"Shining Light","player_choice":"Ignored","floor":7.0,"gold_loss":0.0,"damage_taken":0.0},{"damage_healed":0.0,"max_hp_gain":0.0,"max_hp_loss":0.0,"gold_gain":0.0,"event_name":"Accursed Blacksmith","player_choice":"Forge","floor":8.0,"gold_loss":0.0,"damage_taken":0.0,"cards_upgraded":["Zap"]},{"damage_healed":0,"gold_gain":0,"player_choice":"Leave","damage_taken":0,"max_hp_gain":0,"max_hp_loss":0,"event_name":"FaceTrader","floor":12,"gold_loss":0}],"is_beta":false,"boss_relics":[],"items_purged_floors":[14],"is_endless":false,"potions_floor_spawned":[1,4],"killed_by":"Slime Boss","ascension_level":20}