{"gold_per_floor":[116,116,128,140,162,174,216,228,263,290,314,376,388,414,426,515,527,549,573,52,69,69,69,19,31,31,31,45,63,63,79,79,79],"floor_reached":33,"playtime":1310,"items_purged":["Strike_R","Strike_R"],"score":498,"play_id":"b44b846f-944f-4e6c-8a33-a48b7716b1c2","local_time":"20190309130822","is_ascension_mode":true,"campfire_choices":[{"data":"Bash","floor":6.0,"key":"SMITH"},{"data":"Iron Wave","floor":8.0,"key":"SMITH"},{"data":"Seeing Red","floor":13.0,"key":"SMITH"},{"data":"Battle Trance","floor":15.0,"key":"SMITH"},{"floor":23.0,"key":"REST"},{"floor":27.0,"key":"REST"},{"data":"Blood for Blood","floor":30.0,"key":"SMITH"},{"floor":32,"key":"REST"}],"neow_cost":"TEN_PERCENT_HP_LOSS","seed_source_timestamp":36451468005102,"circlet_count":0,"master_deck":["AscendersBane","Strike_R","Strike_R","Strike_R","Defend_R","Defend_R","Defend_R","Defend_R","Bash+1","Cleave","Iron Wave+1","Seeing Red+1","Battle Trance+1","Headbutt","Exhume+1","Ghostly Armor","True Grit+1","Metallicize","Blood for Blood+1","Spot Weakness"],"special_seed":0,"relics":["Burning Blood","FossilizedHelix","MawBank","Mercury Hourglass","Smiling Mask","Mark of Pain","Pocketwatch","Dream Catcher","Dodecahedron"],"potions_floor_usage":[31],"damage_taken":[{"damage":0.0,"enemies":"2 Louse","floor":1.0,"turns":3.0},{"damage":0.0,"enemies":"Jaw Worm","floor":5.0,"turns":2.0},{"damage":20.0,"enemies":"Lagavulin","floor":7.0,"turns":6.0},{"damage":0.0,"enemies":"Small Slimes","floor":10.0,"turns":3.0},{"damage":5.0,"enemies":"Gremlin Gang","floor":11.0,"turns":4.0},{"damage":0.0,"enemies":"2 Fungi Beasts","floor":14.0,"turns":3.0},{"damage":27.0,"enemies":"The Guardian","floor":16.0,"turns":16.0},{"damage":15.0,"enemies":"2 Thieves","floor":18.0,"turns":4.0},{"damage":30.0,"enemies":"Chosen","floor":19.0,"turns":6.0},{"damage":15.0,"enemies":"Centurion and Healer","floor":21.0,"turns":8.0},{"damage":26.0,"enemies":"Snake Plant","floor":25.0,"turns":5.0},{"damage":3.0,"enemies":"3 Cultists","floor":28.0,"turns":6.0},{"damage":18.0,"enemies":"Centurion and Healer","floor":29.0,"turns":6.0},{"damage":23,"enemies":"Chosen and Byrds","floor":31,"turns":6},{"damage":35,"enemies":"Champ","floor":33,"turns":5}],"seed_played":"343793309326902206","potions_obtained":[{"floor":5.0,"key":"Energy Potion"},{"floor":11.0,"key":"Block Potion"},{"floor":21.0,"key":"Weak Potion"},{"floor":29.0,"key":"Swift Potion"},{"floor":31,"key":"Swift Potion"}],"is_trial":false,"path_per_floor":["M","?","$","?","M","R","E","R","T","M","M","?","R","M","R","B",null,"M","M","$","M","?","R","$","M","T","R","M","M","R","M","R","B"],"character_chosen":"IRONCLAD","items_purchased":["Pocketwatch","Dream Catcher"],"campfire_rested":3,"item_purchase_floors":[20,20],"current_hp_per_floor":[68,68,68,68,68,68,54,54,54,60,61,55,55,61,61,40,61,52,28,28,19,19,39,39,19,19,39,42,30,30,13,33,0],"gold":79,"neow_bonus":"ONE_RARE_RELIC","is_prod":false,"is_daily":false,"chose_seed":false,"campfire_upgraded":5,"win_rate":0,"timestamp":1552133302,"path_taken":["M","?","$","?","M","R","E","R","T","M","M","?","R","?","R","BOSS","M","M","$","M","?","R","$","M","T","R","?","?","R","M","R","BOSS"],"build_version":"2019-01-23","purchased_purges":2,"victory":false,"max_hp_per_floor":[68,68,68,68,68,68,68,68,68,68,68,68,68,68,68,68,68,68,68,68,68,68,68,68,68,68,68,68,68,68,68,68,68],"card_choices":[{"not_picked":["Clash","Clothesline"],"picked":"Cleave","floor":1.0},{"not_picked":["Armaments","Twin Strike"],"picked":"Iron Wave","floor":5.0},{"not_picked":["Heavy Blade","Wild Strike","Reckless Charge"],"picked":"SKIP","floor":7.0},{"not_picked":["Heavy Blade","Wild Strike","Reckless Charge"],"picked":"SKIP","floor":7.0},{"not_picked":["Wild Strike","Body Slam"],"picked":"Seeing Red","floor":10.0},{"not_picked":["Sentinel","Hemokinesis"],"picked":"Battle Trance","floor":11.0},{"not_picked":["Ghostly Armor","Heavy Blade"],"picked":"Headbutt","floor":14.0},{"not_picked":["Juggernaut","Dark Embrace"],"picked":"Exhume","floor":16.0},{"not_picked":["Sword Boomerang+1","Battle Trance","Clash"],"picked":"SKIP","floor":18.0},{"not_picked":["Wild Strike+1","Carnage"],"picked":"Ghostly Armor","floor":19.0},{"not_picked":["Burning Pact","Infernal Blade"],"picked":"True Grit+1","floor":21.0},{"not_picked":["Hemokinesis+1","Power Through"],"picked":"Metallicize","floor":23.0},{"not_picked":["Twin Strike","True Grit","Shockwave"],"picked":"SKIP","floor":25.0},{"not_picked":["Sword Boomerang","Carnage"],"picked":"Blood for Blood","floor":27.0},{"not_picked":["Perfected Strike","Pommel Strike","Armaments"],"picked":"SKIP","floor":28.0},{"not_picked":["Carnage","Intimidate","Wild Strike"],"picked":"SKIP","floor":29.0},{"not_picked":["Wild Strike","Power Through","Battle Trance"],"picked":"SKIP","floor":31},{"not_picked":["Whirlwind","Corruption"],"picked":"Spot Weakness","floor":32}],"player_experience":959566,"relics_obtained":[{"floor":7.0,"key":"Mercury Hourglass"},{"floor":9.0,"key":"Smiling Mask"},{"floor":26.0,"key":"Dodecahedron"}],"event_choices":[{"damage_healed":0.0,"max_hp_gain":0.0,"max_hp_loss":0.0,"gold_gain":0.0,"event_name":"Big Fish","player_choice":"Box","floor":2.0,"gold_loss":0.0,"damage_taken":0.0,"relics_obtained":["MawBank"],"cards_obtained":["Regret"]},{"cards_removed":["Regret"],"damage_healed":0.0,"max_hp_gain":0.0,"max_hp_loss":0.0,"gold_gain":0.0,"event_name":"Living Wall","player_choice":"Forget","floor":4.0,"gold_loss":0.0,"damage_taken":0.0},{"damage_healed":0.0,"max_hp_gain":0.0,"max_hp_loss":0.0,"gold_gain":50.0,"event_name":"FaceTrader","player_choice":"Touch","floor":12.0,"gold_loss":0.0,"damage_taken":6.0},{"damage_healed":0.0,"max_hp_gain":0.0,"max_hp_loss":0.0,"gold_gain":0.0,"event_name":"Accursed Blacksmith","player_choice":"Forge","floor":22.0,"gold_loss":0.0,"damage_taken":0.0,"cards_upgraded":["Exhume"]}],"is_beta":false,"boss_relics":[{"not_picked":["Lizard Tail","Orrery"],"picked":"Mark of Pain"}],"items_purged_floors":[20,24],"is_endless":false,"potions_floor_spawned":[5,11,21,29,31],"killed_by":"Champ","ascension_level":20}