{"gold_per_floor":[109,120,120,195,40,40,65,30,54,84,99,99,21,38,38,109,109,128,28,28,41,41,41,58,68,68,68,102,102,102,117,117,117],"floor_reached":33,"playtime":1281,"items_purged":["Defend_R","Strike_R"],"score":491,"play_id":"2ed40fc1-d980-4fa9-8a93-2ee50b910143","local_time":"20190214020647","is_ascension_mode":true,"campfire_choices":[{"data":"Bash","floor":6.0,"key":"SMITH"},{"data":"Metallicize","floor":12.0,"key":"SMITH"},{"data":"Rampage","floor":15.0,"key":"SMITH"},{"floor":23.0,"key":"REST"},{"data":"Inflame","floor":29,"key":"SMITH"},{"data":"Double Tap","floor":32,"key":"SMITH"}],"neow_cost":"NONE","seed_source_timestamp":0,"circlet_count":0,"master_deck":["AscendersBane","Strike_R","Strike_R","Strike_R","Defend_R","Defend_R","Defend_R","Bash+1","Iron Wave","Metallicize+1","Feed","Flame Barrier","Inflame+1","Rampage+1","Double Tap+1","Ghostly","Ghostly","Ghostly"],"special_seed":0,"relics":["Burning Blood","Du-Vu Doll","Orichalcum","Gambling Chip","Runic Cube","Nilry\u0027s Codex","Vajra","Kunai"],"potions_floor_usage":[25],"damage_taken":[{"damage":4.0,"enemies":"Small Slimes","floor":1.0,"turns":5.0},{"damage":10.0,"enemies":"2 Louse","floor":2.0,"turns":3.0},{"damage":25.0,"enemies":"3 Sentries","floor":7.0,"turns":10.0},{"damage":29.0,"enemies":"Lagavulin","floor":10.0,"turns":8.0},{"damage":7.0,"enemies":"Jaw Worm","floor":11.0,"turns":2.0},{"damage":5.0,"enemies":"Blue Slaver","floor":14.0,"turns":4.0},{"damage":16.0,"enemies":"Hexaghost","floor":16.0,"turns":9.0},{"damage":12.0,"enemies":"3 Byrds","floor":18.0,"turns":6.0},{"damage":20.0,"enemies":"Spheric Guardian","floor":21.0,"turns":6.0},{"damage":24.0,"enemies":"Cultist and Chosen","floor":24.0,"turns":6.0},{"damage":11,"enemies":"Shelled Parasite and Fungi","floor":25,"turns":6},{"damage":16,"enemies":"Gremlin Leader","floor":28,"turns":9},{"damage":11,"enemies":"Snake Plant","floor":31,"turns":6},{"damage":12,"enemies":"Champ","floor":33,"turns":6}],"seed_played":"-1273105836688401289","potions_obtained":[{"floor":2.0,"key":"AttackPotion"},{"floor":14.0,"key":"Energy Potion"},{"floor":16.0,"key":"Block Potion"},{"floor":21.0,"key":"Energy Potion"},{"floor":25,"key":"FairyPotion"}],"is_trial":false,"path_per_floor":["M","M","?","?","$","R","E","?","T","E","M","R","$","M","R","B",null,"M","$","?","M","$","R","M","M","T","?","E","R","?","M","R","B"],"character_chosen":"IRONCLAD","items_purchased":["Metallicize","Inflame"],"campfire_rested":1,"item_purchase_floors":[5,13],"current_hp_per_floor":[70,66,66,55,55,55,36,54,54,31,33,33,33,37,37,27,68,62,62,41,27,27,51,33,31,31,31,21,21,11,10,10,0],"gold":117,"neow_bonus":"REMOVE_CARD","is_prod":false,"is_daily":false,"chose_seed":false,"campfire_upgraded":5,"win_rate":0,"timestamp":1550106407,"path_taken":["M","M","?","?","$","R","E","?","T","E","M","R","$","M","R","BOSS","M","$","?","M","$","R","M","M","T","?","E","R","?","M","R","BOSS"],"build_version":"2019-01-23","purchased_purges":2,"victory":false,"max_hp_per_floor":[75,75,75,75,75,75,75,75,75,75,78,78,78,81,81,81,81,81,81,81,81,81,81,81,84,84,42,42,42,47,47,47,47],"card_choices":[{"not_picked":["Thunderclap","Pummel"],"picked":"Iron Wave","floor":1.0},{"not_picked":["True Grit","Sword Boomerang","Evolve"],"picked":"SKIP","floor":2.0},{"not_picked":["Evolve","Flex"],"picked":"Feed","floor":7.0},{"not_picked":["Sword Boomerang","Disarm"],"picked":"Flame Barrier","floor":10.0},{"not_picked":["Power Through","Clash","Headbutt"],"picked":"SKIP","floor":11.0},{"not_picked":["True Grit","Flame Barrier"],"picked":"Rampage","floor":14.0},{"not_picked":["Offering","Reaper"],"picked":"Double Tap","floor":16.0},{"not_picked":["Shockwave","Seeing Red","Infernal Blade"],"picked":"SKIP","floor":18.0},{"not_picked":["Clash","Armaments","Carnage"],"picked":"SKIP","floor":21.0},{"not_picked":["Havoc+1","Warcry","Spot Weakness"],"picked":"SKIP","floor":24},{"not_picked":["Blood for Blood","Havoc","Armaments"],"picked":"SKIP","floor":25},{"not_picked":["Rupture","Bloodletting","Carnage"],"picked":"SKIP","floor":28},{"not_picked":["Corruption","Ghostly Armor","Thunderclap"],"picked":"SKIP","floor":31}],"player_experience":794220,"relics_obtained":[{"floor":7.0,"key":"Du-Vu Doll"},{"floor":9.0,"key":"Orichalcum"},{"floor":10.0,"key":"Gambling Chip"},{"floor":20.0,"key":"Nilry\u0027s Codex"},{"floor":26,"key":"Vajra"},{"floor":28,"key":"Kunai"}],"event_choices":[{"damage_healed":0.0,"max_hp_gain":0.0,"max_hp_loss":0.0,"gold_gain":0.0,"event_name":"Shining Light","player_choice":"Ignored","floor":3.0,"gold_loss":0.0,"damage_taken":0.0},{"damage_healed":0.0,"max_hp_gain":0.0,"max_hp_loss":0.0,"gold_gain":75.0,"event_name":"World of Goop","player_choice":"Gather Gold","floor":4.0,"gold_loss":0.0,"damage_taken":11.0},{"damage_healed":18.0,"max_hp_gain":0.0,"max_hp_loss":0.0,"gold_gain":0.0,"event_name":"The Cleric","player_choice":"Healed","floor":8.0,"gold_loss":35.0,"damage_taken":0.0},{"damage_healed":0.0,"max_hp_gain":0.0,"max_hp_loss":0.0,"gold_gain":0.0,"event_name":"Cursed Tome","player_choice":"Obtained Book","floor":20.0,"gold_loss":0.0,"damage_taken":21.0},{"damage_healed":0,"gold_gain":0,"player_choice":"Became a Ghost","damage_taken":0,"max_hp_gain":0,"max_hp_loss":42,"event_name":"Ghosts","floor":27,"gold_loss":0,"cards_obtained":["Ghostly","Ghostly","Ghostly"]},{"damage_healed":0,"gold_gain":0,"player_choice":"Shed Blood","damage_taken":15,"max_hp_gain":5,"max_hp_loss":0,"event_name":"Forgotten Altar","floor":30,"gold_loss":0}],"is_beta":false,"boss_relics":[{"not_picked":["Tiny House","Lizard Tail"],"picked":"Runic Cube"}],"items_purged_floors":[5,19],"is_endless":false,"potions_floor_spawned":[2,14,16,21,25],"killed_by":"Champ","ascension_level":16}