{"gold_per_floor":[18,35,35,53,53,53,73,73,73,89,103,103,130,143,143,245,245,255,354,354,373,13,13,39,52,52,52,52,65,79,96,96,199,199,216,46,46,46],"floor_reached":39,"playtime":1810,"items_purged":["Strike_B","Hello World+1"],"score":905,"play_id":"8a8688a6-3df3-48ba-b30c-7e0b0c76c498","local_time":"20180808185636","is_ascension_mode":true,"campfire_choices":[{"data":"Zap","floor":6.0,"key":"SMITH"},{"data":"Beam Cell","floor":8.0,"key":"SMITH"},{"data":"Coolheaded","floor":12.0,"key":"SMITH"},{"data":"Dualcast","floor":15.0,"key":"SMITH"},{"data":"Defragment","floor":23.0,"key":"SMITH"},{"data":"Seek","floor":27.0,"key":"SMITH"},{"data":"Hologram","floor":32.0,"key":"SMITH"}],"neow_cost":"NO_GOLD","seed_source_timestamp":457551016421058,"circlet_count":0,"master_deck":["Defend_B","Zap+1","Dualcast+1","AscendersBane","Beam Cell+1","Conserve Battery","Glacier","Sweeping Beam+1","Coolheaded+1","Blizzard+1","Seek+1","Rebound+1","Compile Driver+1","Defragment+1","Cold Snap+1","Redo+1","Hologram+1","Capacitor+1","Ball Lightning+1","Glacier"],"special_seed":0,"relics":["Cracked Core","Molten Egg 2","Strawberry","Pantograph","Eternal Feather","Runic Capacitor","Anchor","Singing Bowl","Astrolabe"],"potions_floor_usage":[33,38],"damage_taken":[{"damage":1.0,"enemies":"Cultist","floor":1.0,"turns":3.0},{"damage":0.0,"enemies":"Jaw Worm","floor":2.0,"turns":3.0},{"damage":3.0,"enemies":"2 Louse","floor":4.0,"turns":2.0},{"damage":6.0,"enemies":"Looter","floor":7.0,"turns":3.0},{"damage":7.0,"enemies":"Exordium Wildlife","floor":10.0,"turns":5.0},{"damage":4.0,"enemies":"Exordium Thugs","floor":11.0,"turns":4.0},{"damage":9.0,"enemies":"Lagavulin","floor":13.0,"turns":6.0},{"damage":4.0,"enemies":"Blue Slaver","floor":14.0,"turns":3.0},{"damage":15.0,"enemies":"Slime Boss","floor":16.0,"turns":10.0},{"damage":21.0,"enemies":"Spheric Guardian","floor":18.0,"turns":7.0},{"damage":2.0,"enemies":"3 Byrds","floor":21.0,"turns":4.0},{"damage":32.0,"enemies":"Slavers","floor":24.0,"turns":6.0},{"damage":0.0,"enemies":"Snecko","floor":25.0,"turns":5.0},{"damage":3.0,"enemies":"Sentry and Sphere","floor":29.0,"turns":5.0},{"damage":0.0,"enemies":"Chosen and Byrds","floor":30.0,"turns":6.0},{"damage":0.0,"enemies":"Cultist and Chosen","floor":31.0,"turns":5.0},{"damage":54,"enemies":"Collector","floor":33,"turns":11},{"damage":11,"enemies":"Flame Bruiser 1 Orb","floor":35,"turns":5},{"damage":44,"enemies":"Time Eater","floor":38,"turns":14}],"seed_played":"-3003313790888844138","potions_obtained":[{"floor":2.0,"key":"Poison Potion"},{"floor":10.0,"key":"SneckoOil"},{"floor":11.0,"key":"SneckoOil"},{"floor":14.0,"key":"FearPotion"},{"floor":24.0,"key":"Swift Potion"},{"floor":25.0,"key":"Swift Potion"},{"floor":30.0,"key":"SkillPotion"},{"floor":33,"key":"SkillPotion"}],"is_trial":false,"path_per_floor":["M","M","?","M","?","R","M","R","T","M","M","R","E","M","R","B",null,"M","?","?","M","$","R","E","M","T","R","?","M","M","M","R","B",null,"M","$","?","B"],"character_chosen":"DEFECT","items_purchased":["Defragment","Runic Capacitor","Glacier"],"campfire_rested":0,"item_purchase_floors":[22,22,36],"current_hp_per_floor":[67,67,67,64,69,69,63,63,70,63,59,59,50,46,46,56,79,58,58,58,56,56,65,33,33,33,42,42,39,39,41,53,26,75,66,66,66,47],"gold":46,"neow_bonus":"REMOVE_TWO","is_prod":false,"is_daily":false,"chose_seed":false,"campfire_upgraded":7,"win_rate":0,"timestamp":1533747396,"path_taken":["M","?","?","M","?","R","M","R","T","?","M","R","E","M","R","BOSS","M","?","?","M","$","R","E","M","T","R","?","M","?","M","R","BOSS","M","$","?","BOSS"],"build_version":"2018-08-02","purchased_purges":2,"victory":true,"max_hp_per_floor":[75,75,75,75,80,80,80,80,87,87,87,87,87,87,87,87,87,87,87,87,87,87,87,87,87,87,87,87,87,87,89,89,91,91,93,93,93,93],"card_choices":[{"not_picked":["Streamline","Reprogram"],"picked":"Beam Cell","floor":1.0},{"not_picked":["Force Field","Redo"],"picked":"Conserve Battery","floor":2.0},{"not_picked":["Force Field","Tempest","Heatsinks"],"picked":"SKIP","floor":4.0},{"not_picked":["Undo","Loop"],"picked":"Glacier","floor":7.0},{"not_picked":["Go for the Eyes+1","Double Energy"],"picked":"Sweeping Beam+1","floor":10.0},{"not_picked":["Skim","Sweeping Beam+1"],"picked":"Coolheaded","floor":11.0},{"not_picked":["Genetic Algorithm","Chaos","Rainbow"],"picked":"SKIP","floor":13.0},{"not_picked":["Reinforced Body","Stack"],"picked":"Blizzard+1","floor":14.0},{"not_picked":["Fission","All For One+1"],"picked":"Seek","floor":16.0},{"not_picked":["Reinforced Body+1","Sweeping Beam+1"],"picked":"Rebound+1","floor":18.0},{"not_picked":["Conserve Battery","Force Field"],"picked":"Compile Driver+1","floor":21.0},{"not_picked":["Tempest","Rebound+1"],"picked":"Cold Snap+1","floor":24.0},{"not_picked":["Rebound+1","Creative AI","Leap+1"],"picked":"SKIP","floor":25.0},{"not_picked":["Self Repair","Ball Lightning+1"],"picked":"Redo+1","floor":29.0},{"not_picked":["Ball Lightning+1","Gash+1"],"picked":"Hologram","floor":30.0},{"not_picked":["Sweeping Beam+1","Redo+1","Stack"],"picked":"Singing Bowl","floor":31.0},{"not_picked":["Biased Cognition","Hyperbeam+1","Multi-Cast"],"picked":"Singing Bowl","floor":33},{"not_picked":["Leap","Genetic Algorithm+1","Scrape+1"],"picked":"Singing Bowl","floor":35}],"player_experience":602620,"relics_obtained":[{"floor":9.0,"key":"Strawberry"},{"floor":13.0,"key":"Pantograph"},{"floor":24.0,"key":"Anchor"},{"floor":26.0,"key":"Singing Bowl"}],"event_choices":[{"event_name":"WeMeetAgain","player_choice":"Potion","floor":3.0,"damage_taken":0.0},{"event_name":"Big Fish","player_choice":"Donut","floor":5.0,"damage_taken":0.0},{"event_name":"Nest","player_choice":"Stole From Cult","floor":19.0,"damage_taken":0.0},{"event_name":"Cursed Tome","player_choice":"Ignored","floor":20.0,"damage_taken":0.0},{"event_name":"Back to Basics","player_choice":"Elegance","floor":28.0,"damage_taken":0.0},{"event_name":"SecretPortal","player_choice":"Took Portal.","floor":37,"damage_taken":0}],"is_beta":false,"boss_relics":[{"not_picked":["Busted Crown","Black Star"],"picked":"Eternal Feather"},{"not_picked":["Orrery","Runic Pyramid"],"picked":"Astrolabe"}],"items_purged_floors":[22,36],"is_endless":false,"potions_floor_spawned":[2,10,11,14,16,24,25,30,33],"ascension_level":10}