{"gold_per_floor":[210,226,151,167,13,13,48,48,125,125,183,183,183,201,201,280,280,280,280,205,145,120,120,120],"floor_reached":24,"playtime":545,"items_purged":["Strike_B"],"score":384,"play_id":"d95c466b-2a66-45fe-91a5-e63fbe051caa","local_time":"20190727122634","is_ascension_mode":true,"campfire_choices":[{"data":"Barrage","floor":6.0,"key":"SMITH"},{"data":"Sunder","floor":8.0,"key":"SMITH"},{"data":"Capacitor","floor":10.0,"key":"SMITH"},{"floor":13.0,"key":"REST"},{"data":"Lockon","floor":15.0,"key":"SMITH"},{"data":"Consume","floor":23,"key":"SMITH"}],"neow_cost":"NONE","seed_source_timestamp":491835654986112,"circlet_count":0,"master_deck":["AscendersBane","Strike_B+1","Defend_B","Defend_B","Defend_B","Zap","Dualcast","Steam","Barrage+1","Cold Snap+1","Capacitor+1","Sunder+1","Lockon+1","Compile Driver","Electrodynamics","Coolheaded","Consume+1","Barrage","Turbo"],"special_seed":0,"relics":["Cracked Core","Whetstone","Letter Opener","Symbiotic Virus","Ectoplasm"],"potions_floor_usage":[],"damage_taken":[{"damage":3.0,"enemies":"2 Louse","floor":1.0,"turns":3.0},{"damage":0.0,"enemies":"Small Slimes","floor":2.0,"turns":3.0},{"damage":2.0,"enemies":"Jaw Worm","floor":4.0,"turns":3.0},{"damage":28.0,"enemies":"Gremlin Nob","floor":7.0,"turns":4.0},{"damage":2.0,"enemies":"3 Sentries","floor":11.0,"turns":4.0},{"damage":0.0,"enemies":"Looter","floor":14.0,"turns":2.0},{"damage":20.0,"enemies":"Slime Boss","floor":16.0,"turns":8.0},{"damage":5,"enemies":"Spheric Guardian","floor":18,"turns":3},{"damage":20,"enemies":"2 Thieves","floor":21,"turns":3},{"damage":35,"enemies":"Book of Stabbing","floor":24,"turns":4}],"seed_played":"-1291984039033650760","potions_obtained":[{"floor":4.0,"key":"SteroidPotion"},{"floor":7.0,"key":"Explosive Potion"}],"is_trial":false,"path_per_floor":["M","M","?","M","$","R","E","R","T","R","?","?","R","M","R","B",null,"M","?","?","M","$","R","E"],"character_chosen":"DEFECT","items_purchased":["Capacitor","Turbo"],"campfire_rested":1,"item_purchase_floors":[5,22],"current_hp_per_floor":[61,61,61,59,59,59,31,31,31,31,29,22,43,43,43,23,59,54,54,54,34,34,34,0],"gold":120,"neow_bonus":"HUNDRED_GOLD","is_prod":false,"is_daily":false,"chose_seed":false,"campfire_upgraded":5,"win_rate":0,"timestamp":1564197994,"path_taken":["M","M","?","M","$","R","E","R","T","R","?","?","R","M","R","BOSS","M","?","?","M","$","R","E"],"build_version":"2019-07-17","purchased_purges":1,"victory":false,"max_hp_per_floor":[71,71,71,71,71,71,71,71,71,71,71,71,71,71,71,71,71,71,71,71,71,71,71,71],"card_choices":[{"not_picked":["Rebound","Leap"],"picked":"Steam","floor":1.0},{"not_picked":["Turbo","FTL"],"picked":"Barrage","floor":2.0},{"not_picked":["Lockon","Conserve Battery"],"picked":"Cold Snap","floor":4.0},{"not_picked":["Cold Snap","Storm"],"picked":"Sunder","floor":7.0},{"not_picked":["Meteor Strike","Storm"],"picked":"Lockon","floor":11.0},{"not_picked":["Sweeping Beam","Steam"],"picked":"Compile Driver","floor":14.0},{"not_picked":["Hyperbeam","Meteor Strike"],"picked":"Electrodynamics","floor":16.0},{"not_picked":["Cold Snap+1","Lockon"],"picked":"Coolheaded","floor":18},{"not_picked":["Sweeping Beam","Cold Snap"],"picked":"Barrage","floor":21}],"player_experience":1024791,"relics_obtained":[{"floor":7.0,"key":"Whetstone"},{"floor":9.0,"key":"Letter Opener"},{"floor":11.0,"key":"Symbiotic Virus"}],"event_choices":[{"cards_removed":["Strike_B"],"damage_healed":0.0,"max_hp_gain":0.0,"max_hp_loss":0.0,"gold_gain":0.0,"event_name":"The Cleric","player_choice":"Card Removal","floor":3.0,"gold_loss":75.0,"damage_taken":0.0},{"damage_healed":0.0,"max_hp_gain":0.0,"max_hp_loss":0.0,"gold_gain":0.0,"event_name":"Dead Adventurer","player_choice":"Searched \u00271\u0027 times","floor":11.0,"gold_loss":0.0,"damage_taken":0.0},{"cards_removed":["Strike_B"],"damage_healed":0.0,"max_hp_gain":0.0,"max_hp_loss":0.0,"gold_gain":0.0,"event_name":"Golden Wing","player_choice":"Card Removal","floor":12.0,"gold_loss":0.0,"damage_taken":7.0},{"damage_healed":0,"gold_gain":0,"player_choice":"Read","damage_taken":0,"max_hp_gain":0,"max_hp_loss":0,"event_name":"The Library","floor":19,"gold_loss":0,"cards_obtained":["Consume"]},{"cards_removed":["Defend_B"],"damage_healed":0,"gold_gain":0,"player_choice":"Gave Gold","damage_taken":0,"max_hp_gain":0,"max_hp_loss":0,"event_name":"Beggar","floor":20,"gold_loss":75}],"is_beta":false,"boss_relics":[{"not_picked":["Busted Crown","Orrery"],"picked":"Ectoplasm"}],"items_purged_floors":[5],"is_endless":false,"potions_floor_spawned":[4,7],"killed_by":"Book of Stabbing","ascension_level":20}