{"gold_per_floor":[119,129,129,141,152,252,252,20,69,86,86,100,100,126,126,221,221,233,249,267,267,267,331,331,358,381,396,431,10,10,109,109,206,506,520,539,50,70,70,104,204,204],"floor_reached":42,"playtime":3821,"items_purged":["Defend_R","Writhe"],"score":587,"play_id":"0030f984-deaa-421d-9803-aa2c9ae4379f","local_time":"20190630183955","is_ascension_mode":true,"campfire_choices":[{"data":"Offering","floor":7,"key":"SMITH"},{"data":"Combust","floor":11,"key":"SMITH"},{"data":"Anger","floor":13,"key":"SMITH"},{"floor":15,"key":"RECALL"},{"data":"Immolate","floor":24,"key":"SMITH"},{"data":"Combust","floor":30,"key":"SMITH"},{"data":"Metallicize","floor":32,"key":"SMITH"}],"neow_cost":"NONE","seed_source_timestamp":1469859902891426,"circlet_count":0,"master_deck":["Strike_R","Strike_R","Strike_R","Strike_R","Bash","Anger+1","Cleave","Combust+1","Offering+1","Immolate+1","Dropkick+1","Iron Wave+1","Flex+1","Wild Strike+1","Metallicize+1","Cleave","Dual Wield+1","Warcry+1","Pommel Strike+1","Combust+1","Double Tap+1","Warcry+1","Flex+1","Anger+1","Flex+1","Warcry+1","Inflame+1"],"relics":["Burning Blood","Bag of Preparation","Centennial Puzzle","Omamori","Astrolabe","Toxic Egg 2","Tiny Chest","Pear","Strawberry","Prayer Wheel","Lee\u0027s Waffle","Bag of Marbles","Calling Bell","Red Skull","Letter Opener","Old Coin","Dream Catcher","Darkstone Periapt","War Paint"],"potions_floor_usage":[25,42,42],"damage_taken":[{"damage":6,"enemies":"Small Slimes","floor":1,"turns":4},{"damage":0,"enemies":"Cultist","floor":2,"turns":3},{"damage":6,"enemies":"Jaw Worm","floor":4,"turns":2},{"damage":10,"enemies":"Exordium Wildlife","floor":5,"turns":3},{"damage":10,"enemies":"3 Louse","floor":10,"turns":2},{"damage":14,"enemies":"Blue Slaver","floor":12,"turns":2},{"damage":22,"enemies":"3 Sentries","floor":14,"turns":3},{"damage":39,"enemies":"Slime Boss","floor":16,"turns":6},{"damage":12,"enemies":"Shell Parasite","floor":18,"turns":2},{"damage":22,"enemies":"2 Thieves","floor":19,"turns":2},{"damage":14,"enemies":"Snake Plant","floor":20,"turns":2},{"damage":8,"enemies":"Gremlin Leader","floor":23,"turns":3},{"damage":33,"enemies":"Slavers","floor":25,"turns":3},{"damage":6,"enemies":"3 Cultists","floor":27,"turns":2},{"damage":26,"enemies":"Book of Stabbing","floor":28,"turns":3},{"damage":91,"enemies":"Automaton","floor":33,"turns":7},{"damage":22,"enemies":"3 Darklings","floor":35,"turns":2},{"damage":9,"enemies":"Orb Walker","floor":36,"turns":2},{"damage":40,"enemies":"Transient","floor":38,"turns":5},{"damage":36,"enemies":"Reptomancer","floor":40,"turns":3},{"damage":30,"enemies":"Nemesis","floor":42,"turns":3}],"seed_played":"6890308679065991396","potions_obtained":[{"floor":2,"key":"Strength Potion"},{"floor":5,"key":"AttackPotion"},{"floor":10,"key":"Weak Potion"},{"floor":25,"key":"PowerPotion"}],"is_trial":false,"path_per_floor":["M","M","?","M","M","?","R","$","T","M","R","M","R","E","R","B",null,"M","M","M","?","T","E","R","E","T","M","E","$","R","?","R","B",null,"M","M","$","M","?","E","?","E"],"character_chosen":"IRONCLAD","items_purchased":["Bag of Preparation","Combust","Lee\u0027s Waffle","Bag of Marbles","Dream Catcher","Darkstone Periapt"],"campfire_rested":0,"item_purchase_floors":[8,29,29,29,37,37],"current_hp_per_floor":[80,80,80,80,76,76,76,76,76,72,72,64,64,48,48,15,80,74,58,50,50,50,48,48,31,38,38,18,104,104,104,104,19,104,88,85,85,51,51,21,21,0],"gold":204,"neow_bonus":"THREE_CARDS","is_prod":false,"is_daily":false,"chose_seed":false,"campfire_upgraded":6,"win_rate":0,"timestamp":1561934395,"path_taken":["M","M","?","M","?","?","R","$","T","M","R","M","R","E","R","BOSS","M","?","?","?","?","E","R","E","T","M","E","?","R","?","R","BOSS","M","M","$","M","?","E","?","E"],"build_version":"2019-01-23","purchased_purges":2,"victory":false,"max_hp_per_floor":[80,80,80,80,80,80,80,80,80,80,80,80,80,80,80,80,80,80,80,80,80,80,80,80,90,97,97,97,104,104,104,104,104,104,104,104,104,104,104,104,104,104],"card_choices":[{"not_picked":["Armaments","Thunderclap"],"picked":"Anger","floor":1},{"not_picked":["Pummel","Ghostly Armor"],"picked":"Cleave","floor":2},{"not_picked":["Fire Breathing","Body Slam"],"picked":"Combust","floor":4},{"not_picked":["Fire Breathing","Thunderclap"],"picked":"Offering","floor":5},{"not_picked":["Sever Soul","Corruption","Iron Wave"],"picked":"SKIP","floor":10},{"not_picked":["Seeing Red","Dropkick","Body Slam"],"picked":"SKIP","floor":12},{"not_picked":["Ghostly Armor","Armaments","Sword Boomerang"],"picked":"SKIP","floor":14},{"not_picked":["Berserk","Reaper"],"picked":"Immolate","floor":16},{"not_picked":["Armaments+1","Thunderclap"],"picked":"Wild Strike+1","floor":18},{"not_picked":["Pommel Strike","Iron Wave","Heavy Blade+1"],"picked":"SKIP","floor":19},{"not_picked":["Clothesline","Headbutt"],"picked":"Metallicize","floor":20},{"not_picked":["Feel No Pain","Flex+1"],"picked":"Cleave","floor":23},{"not_picked":["Clothesline+1","Dark Embrace"],"picked":"Dual Wield+1","floor":25},{"not_picked":["Evolve","Thunderclap+1"],"picked":"Warcry+1","floor":27},{"not_picked":["Berserk","Clothesline"],"picked":"Pommel Strike+1","floor":28},{"not_picked":["Barricade","Berserk"],"picked":"Double Tap+1","floor":33},{"not_picked":["Sever Soul","Clothesline+1"],"picked":"Warcry+1","floor":35},{"not_picked":["Pommel Strike","Headbutt+1","Armaments+1"],"picked":"SKIP","floor":35},{"not_picked":["Pommel Strike","Headbutt+1","Armaments+1"],"picked":"SKIP","floor":35},{"not_picked":["Pommel Strike","Headbutt+1","Armaments+1"],"picked":"SKIP","floor":35},{"not_picked":["Intimidate+1","Sever Soul+1"],"picked":"Flex+1","floor":36},{"not_picked":["Intimidate+1","Evolve"],"picked":"Anger+1","floor":36},{"not_picked":["Bloodletting+1","Rampage+1"],"picked":"Flex+1","floor":38},{"not_picked":["Headbutt","Hemokinesis"],"picked":"Warcry+1","floor":38},{"not_picked":["Anger+1","Cleave+1"],"picked":"Inflame+1","floor":40}],"player_experience":75203,"relics_obtained":[{"floor":9,"key":"Centennial Puzzle"},{"floor":14,"key":"Omamori"},{"floor":22,"key":"Toxic Egg 2"},{"floor":23,"key":"Tiny Chest"},{"floor":25,"key":"Pear"},{"floor":26,"key":"Strawberry"},{"floor":28,"key":"Prayer Wheel"},{"floor":34,"key":"Red Skull"},{"floor":34,"key":"Letter Opener"},{"floor":34,"key":"Old Coin"},{"floor":40,"key":"War Paint"}],"event_choices":[{"damage_healed":0,"gold_gain":0,"cards_transformed":["Defend_R"],"player_choice":"Transformed","damage_taken":0,"max_hp_gain":0,"max_hp_loss":0,"event_name":"Transmorgrifier","floor":3,"gold_loss":0,"cards_obtained":["Clash"]},{"damage_healed":0,"gold_gain":100,"player_choice":"Pray","damage_taken":0,"max_hp_gain":0,"max_hp_loss":0,"event_name":"Golden Shrine","floor":6,"gold_loss":0},{"damage_healed":0,"gold_gain":0,"player_choice":"Ignored","damage_taken":0,"max_hp_gain":0,"max_hp_loss":0,"event_name":"Vampires","floor":21,"gold_loss":0},{"damage_healed":0,"gold_gain":99,"player_choice":"Stole From Cult","damage_taken":0,"max_hp_gain":0,"max_hp_loss":0,"event_name":"Nest","floor":31,"gold_loss":0},{"cards_removed":["Clash"],"damage_healed":0,"gold_gain":0,"player_choice":"Removed Attack","damage_taken":0,"max_hp_gain":0,"max_hp_loss":0,"event_name":"Falling","floor":39,"gold_loss":0},{"damage_healed":0,"gold_gain":100,"player_choice":"Pray","damage_taken":0,"max_hp_gain":0,"max_hp_loss":0,"event_name":"Golden Shrine","floor":41,"gold_loss":0}],"is_beta":false,"boss_relics":[{"not_picked":["Sozu","Black Blood"],"picked":"Astrolabe"},{"not_picked":["Black Star","Pandora\u0027s Box"],"picked":"Calling Bell"}],"items_purged_floors":[8,37],"is_endless":false,"potions_floor_spawned":[2,5,10,16,18,25,28,36,40],"killed_by":"Nemesis","ascension_level":1}