{"gold_per_floor":[111,111,111,131,36,36,65,80,105,105,105,124,124,137,137,137],"floor_reached":16,"playtime":386,"items_purged":["Strike_R"],"score":100,"play_id":"67925eba-0d4c-4519-9e34-ee33841758b7","local_time":"20181206180606","is_ascension_mode":false,"campfire_choices":[{"floor":6,"key":"RECALL"},{"floor":10,"key":"REST"},{"floor":15,"key":"REST"}],"neow_cost":"PERCENT_DAMAGE","seed_source_timestamp":1070704171641595,"circlet_count":0,"master_deck":["Strike_R","Strike_R","Strike_R","Strike_R","Defend_R","Defend_R","Defend_R","Defend_R","Bash","Good Instincts","Panache","Pommel Strike","Warcry","Double Tap","Infernal Blade","Dual Wield","Dropkick"],"relics":["Burning Blood","Smiling Mask","Du-Vu Doll","Bronze Scales","Lantern"],"potions_floor_usage":[8,16],"damage_taken":[{"damage":7,"enemies":"Small Slimes","floor":1,"turns":3},{"damage":6,"enemies":"Jaw Worm","floor":4,"turns":3},{"damage":52,"enemies":"Gremlin Nob","floor":7,"turns":5},{"damage":6,"enemies":"Cultist","floor":8,"turns":3},{"damage":14,"enemies":"Exordium Wildlife","floor":12,"turns":4},{"damage":10,"enemies":"Looter","floor":14,"turns":3},{"damage":44,"enemies":"Slime Boss","floor":16,"turns":8}],"seed_played":"-2013858003313477973","potions_obtained":[{"floor":7,"key":"Fire Potion"},{"floor":14,"key":"SkillPotion"}],"is_trial":false,"path_per_floor":["M","?","?","M","$","R","E","M","T","R","T","M","?","M","R","B"],"character_chosen":"IRONCLAD","items_purchased":["Warcry"],"campfire_rested":2,"item_purchase_floors":[5],"current_hp_per_floor":[55,55,55,55,55,55,9,9,9,33,33,25,13,9,33,0],"gold":137,"neow_bonus":"RANDOM_COLORLESS_2","is_prod":false,"is_daily":false,"chose_seed":false,"campfire_upgraded":0,"win_rate":0,"timestamp":1544141166,"path_taken":["M","?","?","M","$","R","E","?","T","R","?","M","?","M","R","BOSS"],"build_version":"2018-11-15","purchased_purges":1,"victory":false,"max_hp_per_floor":[80,80,80,80,80,80,80,80,80,80,80,80,80,80,80,80],"card_choices":[{"not_picked":["Second Wind","Wild Strike","Shrug It Off"],"picked":"SKIP","floor":1},{"not_picked":["Headbutt","Sword Boomerang"],"picked":"Pommel Strike","floor":4},{"not_picked":["Feel No Pain","Armaments"],"picked":"Double Tap","floor":7},{"not_picked":["Seeing Red","Body Slam"],"picked":"Infernal Blade","floor":8},{"not_picked":["Havoc","Shrug It Off"],"picked":"Dual Wield","floor":12},{"not_picked":["Inflame","Bloodletting"],"picked":"Dropkick","floor":14}],"player_experience":716171,"relics_obtained":[{"floor":7,"key":"Du-Vu Doll"},{"floor":11,"key":"Bronze Scales"}],"event_choices":[{"damage_healed":0,"gold_gain":0,"player_choice":"Box","damage_taken":0,"relics_obtained":["Smiling Mask"],"max_hp_gain":0,"max_hp_loss":0,"event_name":"Big Fish","floor":2,"gold_loss":0,"cards_obtained":["Regret"]},{"cards_removed":["Regret"],"damage_healed":0,"gold_gain":0,"player_choice":"Purged","damage_taken":0,"max_hp_gain":0,"max_hp_loss":0,"event_name":"Purifier","floor":3,"gold_loss":0},{"damage_healed":0,"gold_gain":0,"player_choice":"Success","damage_taken":12,"relics_obtained":["Lantern"],"max_hp_gain":0,"max_hp_loss":0,"event_name":"Scrap Ooze","floor":13,"gold_loss":0}],"is_beta":false,"boss_relics":[],"items_purged_floors":[5],"is_endless":false,"potions_floor_spawned":[7,14],"killed_by":"Slime Boss","ascension_level":0}