{"gold_per_floor":[114,189,200,200,52,52,78,78,134,134,162,193,15,27,27,130,130,146,21,39,49,49,49,49],"floor_reached":24,"playtime":878,"items_purged":["Strike_B","Defend_B","Strike_B"],"score":341,"play_id":"d1642f8a-0897-493c-9605-480ca89bc96b","local_time":"20180707182201","is_ascension_mode":true,"campfire_choices":[{"data":"Dualcast","floor":6,"key":"SMITH"},{"data":"Go for the Eyes","floor":8,"key":"SMITH"},{"floor":10,"key":"REST"},{"data":"Coolheaded","floor":15,"key":"SMITH"},{"data":"Coolheaded","floor":23,"key":"SMITH"}],"neow_cost":"NONE","seed_source_timestamp":10614488989818,"circlet_count":0,"master_deck":["Strike_B","Strike_B+1","Defend_B","Defend_B","Defend_B","Zap+1","Dualcast+1","AscendersBane","Go for the Eyes+1","Compile Driver","Glacier","Sweeping Beam","Conserve Battery","Capacitor","Coolheaded+1","Seek","Heatsinks","Coolheaded+1"],"special_seed":17719,"relics":["Cracked Core","NeowsBlessing","Kunai","Tiny Chest","Odd Mushroom","Du-Vu Doll","Nuclear Battery"],"potions_floor_usage":[12,24,24],"damage_taken":[{"damage":0,"enemies":"Small Slimes","floor":1,"turns":1},{"damage":0,"enemies":"2 Louse","floor":3,"turns":1},{"damage":0,"enemies":"3 Sentries","floor":7,"turns":1},{"damage":2,"floor":11,"turns":4},{"damage":19,"enemies":"Gremlin Nob","floor":12,"turns":5},{"damage":9,"enemies":"Jaw Worm","floor":14,"turns":2},{"damage":19,"enemies":"The Guardian","floor":16,"turns":16},{"damage":0,"enemies":"Spheric Guardian","floor":18,"turns":4},{"damage":21,"enemies":"2 Thieves","floor":20,"turns":4},{"damage":9,"enemies":"Cultist and Chosen","floor":21,"turns":9},{"damage":33,"enemies":"Gremlin Leader","floor":24,"turns":5}],"seed_played":"3373269518170710981","potions_obtained":[{"floor":3,"key":"AttackPotion"},{"floor":7,"key":"SpeedPotion"},{"floor":21,"key":"Dexterity Potion"},{"floor":22,"key":"Explosive Potion"},{"floor":22,"key":"Explosive Potion"}],"is_trial":false,"path_per_floor":["M","?","M","?","$","R","E","R","T","R","?","E","$","M","R","B",null,"M","$","M","M","?","R"],"character_chosen":"DEFECT","items_purchased":["Glacier","Capacitor"],"campfire_rested":1,"item_purchase_floors":[5,13],"current_hp_per_floor":[68,57,57,42,42,42,42,42,42,64,62,43,43,34,34,15,60,60,60,39,30,30,30,0],"gold":49,"neow_bonus":"THREE_ENEMY_KILL","is_prod":false,"is_daily":false,"chose_seed":false,"campfire_upgraded":4,"win_rate":0,"timestamp":1530980521,"path_taken":["M","?","M","?","$","R","E","R","T","R","?","E","$","M","R","BOSS","M","$","?","M","?","R","E"],"build_version":"2018-07-05","purchased_purges":3,"victory":false,"max_hp_per_floor":[75,75,75,75,75,75,75,75,75,75,75,75,75,75,75,75,75,75,75,75,75,75,75,75],"card_choices":[{"not_picked":["Rebound","Darkness"],"picked":"Go for the Eyes","floor":1},{"not_picked":["Sweeping Beam","Steam Power"],"picked":"Compile Driver","floor":3},{"not_picked":["Multi-Cast","Conserve Battery"],"picked":"Sweeping Beam","floor":7},{"not_picked":["Self Repair","Fusion"],"picked":"Conserve Battery","floor":12},{"not_picked":["Hologram","Sweeping Beam"],"picked":"Coolheaded","floor":14},{"not_picked":["Amplify","Multi-Cast"],"picked":"Seek","floor":16},{"not_picked":["Leap+1","Ball Lightning"],"picked":"Heatsinks","floor":18},{"not_picked":["Hologram","Streamline"],"picked":"Coolheaded","floor":20},{"not_picked":["Force Field","Hello World","Go for the Eyes"],"picked":"SKIP","floor":21}],"player_experience":580062,"relics_obtained":[{"floor":7,"key":"Kunai"},{"floor":9,"key":"Tiny Chest"},{"floor":11,"key":"Odd Mushroom"},{"floor":12,"key":"Du-Vu Doll"}],"event_choices":[{"event_name":"World of Goop","player_choice":"Gather Gold","floor":2,"damage_taken":0},{"event_name":"Shining Light","player_choice":"Entered Light","floor":4,"damage_taken":0},{"event_name":"Mushrooms","player_choice":"Fought Mushrooms","floor":11,"damage_taken":0},{"event_name":"The Lab","player_choice":"Got Potions","floor":22,"damage_taken":0}],"boss_relics":[{"not_picked":["Coffee Dripper","Busted Crown"],"picked":"Nuclear Battery"}],"items_purged_floors":[5,13,19],"is_endless":false,"potions_floor_spawned":[3,7,21],"killed_by":"Gremlin Leader","ascension_level":10}