{"gold_per_floor":[361,361,380,2,17,49,49,59,59,71,91,91,91,110,110,212,212,223,323,342,257,257],"floor_reached":22,"playtime":1087,"items_purged":["Strike_G"],"score":197,"play_id":"872a8075-180d-44c3-ad47-3baf8afc0d20","local_time":"20190110182436","is_ascension_mode":true,"campfire_choices":[{"data":"Concentrate","floor":7.0,"key":"SMITH"},{"data":"Prepared","floor":12,"key":"SMITH"},{"data":"Neutralize","floor":15,"key":"SMITH"}],"neow_cost":"TEN_PERCENT_HP_LOSS","seed_source_timestamp":314752377456004,"circlet_count":0,"master_deck":["Defend_G","Defend_G","Defend_G","Defend_G","Defend_G","Strike_G","Strike_G","Strike_G","Survivor","Neutralize+1","Sucker Punch","Bouncing Flask","Bane","Concentrate+1","Poisoned Stab","Tactician","Prepared+1","Corpse Explosion","Deflect","Catalyst+1","Reflex"],"special_seed":0,"relics":["Ring of the Snake","Pocketwatch","Question Card","Pantograph","Sozu","Tingsha","Bottled Lightning","Molten Egg 2"],"potions_floor_usage":[],"damage_taken":[{"damage":0.0,"enemies":"Small Slimes","floor":1.0,"turns":5.0},{"damage":0.0,"enemies":"Cultist","floor":3.0,"turns":3.0},{"damage":0.0,"enemies":"2 Louse","floor":5.0,"turns":3.0},{"damage":36.0,"enemies":"3 Sentries","floor":6.0,"turns":9.0},{"damage":0.0,"enemies":"Blue Slaver","floor":8.0,"turns":3.0},{"damage":0.0,"enemies":"3 Louse","floor":10.0,"turns":5.0},{"damage":0,"enemies":"Large Slime","floor":11,"turns":5},{"damage":5,"enemies":"Red Slaver","floor":14,"turns":4},{"damage":38,"enemies":"The Guardian","floor":16,"turns":11},{"damage":0,"enemies":"Spheric Guardian","floor":18,"turns":3},{"damage":25,"enemies":"Colosseum Slavers","floor":19,"turns":3},{"damage":36,"enemies":"Colosseum Nobs","floor":19,"turns":4},{"damage":1,"enemies":"Chosen","floor":20,"turns":3},{"damage":6,"enemies":"Shelled Parasite and Fungi","floor":22,"turns":2}],"seed_played":"8063833418356895027","potions_obtained":[{"floor":5.0,"key":"Ancient Potion"},{"floor":8.0,"key":"Strength Potion"},{"floor":10.0,"key":"Ancient Potion"},{"floor":11,"key":"Energy Potion"}],"is_trial":false,"path_per_floor":["M","?","M","$","M","E","R","M","T","M","M","R","$","M","R","B",null,"M","?","M","?","M"],"character_chosen":"THE_SILENT","items_purchased":["Pocketwatch"],"campfire_rested":0,"item_purchase_floors":[4],"current_hp_per_floor":[63,63,63,63,63,27,27,27,27,27,27,27,27,22,22,9,63,63,2,1,1,0],"gold":257,"neow_bonus":"TWO_FIFTY_GOLD","is_prod":false,"is_daily":false,"chose_seed":false,"campfire_upgraded":3,"win_rate":0,"timestamp":1547141076,"path_taken":["M","?","M","$","M","E","R","M","T","M","?","R","$","M","R","BOSS","M","?","M","?","M"],"build_version":"2019-01-03v4","purchased_purges":1,"victory":false,"max_hp_per_floor":[63,63,63,63,63,63,63,63,63,63,63,63,63,63,63,63,63,63,63,63,63,63],"card_choices":[{"not_picked":["Prepared","Poisoned Stab"],"picked":"Sucker Punch","floor":1.0},{"not_picked":["Dagger Throw","Sucker Punch"],"picked":"Bane","floor":3.0},{"not_picked":["Terror","Quick Slash"],"picked":"Concentrate","floor":5.0},{"not_picked":["Bouncing Flask","Outmaneuver"],"picked":"Poisoned Stab","floor":6.0},{"not_picked":["Dash","Deadly Poison","Poisoned Stab"],"picked":"Tactician","floor":8.0},{"not_picked":["Flying Knee","Night Terror","Escape Plan"],"picked":"Prepared","floor":10.0},{"not_picked":["Caltrops","Sucker Punch","PiercingWail","Predator"],"picked":"SKIP","floor":11},{"not_picked":["Endless Agony","Prepared","PiercingWail","Dagger Throw"],"picked":"SKIP","floor":14},{"not_picked":["Tools of the Trade","Wraith Form v2","Envenom"],"picked":"Corpse Explosion","floor":16},{"not_picked":["Bane","Underhanded Strike","Crippling Poison"],"picked":"Deflect","floor":18},{"not_picked":["Prepared","Heel Hook+1","Dagger Spray+1"],"picked":"Catalyst+1","floor":19},{"not_picked":["Outmaneuver+1","Underhanded Strike","Finisher+1"],"picked":"Reflex","floor":20}],"player_experience":681144,"relics_obtained":[{"floor":6.0,"key":"Question Card"},{"floor":9.0,"key":"Pantograph"},{"floor":19,"key":"Tingsha"},{"floor":19,"key":"Bottled Lightning"}],"event_choices":[{"damage_healed":0.0,"max_hp_gain":0.0,"max_hp_loss":0.0,"gold_gain":0.0,"cards_transformed":["Strike_G"],"event_name":"Transmorgrifier","player_choice":"Transformed","floor":2.0,"gold_loss":0.0,"damage_taken":0.0,"cards_obtained":["Bouncing Flask"]},{"damage_healed":0,"gold_gain":0,"player_choice":"Fight","damage_taken":0,"max_hp_gain":0,"max_hp_loss":0,"event_name":"Colosseum","floor":19,"gold_loss":0},{"damage_healed":0,"gold_gain":0,"player_choice":"Fought Nobs","damage_taken":0,"max_hp_gain":0,"max_hp_loss":0,"event_name":"Colosseum","floor":19,"gold_loss":0},{"damage_healed":0,"gold_gain":0,"player_choice":"Obtained Relic","damage_taken":0,"relics_obtained":["Molten Egg 2"],"max_hp_gain":0,"max_hp_loss":0,"event_name":"Addict","floor":21,"gold_loss":85}],"is_beta":false,"boss_relics":[{"not_picked":["Calling Bell","Busted Crown"],"picked":"Sozu"}],"items_purged_floors":[4],"is_endless":false,"potions_floor_spawned":[5,8,10,11,14,20],"killed_by":"Shelled Parasite and Fungi","ascension_level":1}