{"gold_per_floor":[215,215,62,81,81,81,81,81,81,99,63,63,87,116,116,188,188,208,133,133,151,52,52,70,70,118,118,118,134,159,179,179,179],"floor_reached":33,"playtime":926,"items_purged":["Strike_B"],"score":483,"play_id":"2f5b35a8-61b0-4ac6-8a1a-0a028f3eda77","local_time":"20190221004644","is_ascension_mode":true,"campfire_choices":[{"data":"Zap","floor":6.0,"key":"SMITH"},{"data":"Redo","floor":12.0,"key":"SMITH"},{"floor":15.0,"key":"DIG"},{"data":"Capacitor","floor":23.0,"key":"SMITH"},{"data":"Panacea","floor":25.0,"key":"SMITH"},{"floor":32,"key":"DIG"}],"neow_cost":"NONE","seed_source_timestamp":1247780414806894,"circlet_count":0,"master_deck":["AscendersBane","Defend_B","Zap+1","Dualcast","Ball Lightning","Capacitor+1","Redo+1","Glacier","Conserve Battery","Electrodynamics","Reinforced Body+1","Stack+1","Storm+1","Panacea+1","BootSequence"],"special_seed":0,"relics":["Cracked Core","Pear","DataDisk","Odd Mushroom","Shovel","Happy Flower","Astrolabe","Enchiridion","Pen Nib","Blood Vial","Regal Pillow"],"potions_floor_usage":[],"damage_taken":[{"damage":7.0,"enemies":"2 Louse","floor":1.0,"turns":3.0},{"damage":10.0,"enemies":"Small Slimes","floor":4.0,"turns":4.0},{"damage":7.0,"enemies":"Jaw Worm","floor":10.0,"turns":2.0},{"damage":8.0,"enemies":"The Mushroom Lair","floor":13.0,"turns":4.0},{"damage":8.0,"enemies":"3 Sentries","floor":14.0,"turns":7.0},{"damage":7.0,"enemies":"The Guardian","floor":16.0,"turns":9.0},{"damage":0.0,"enemies":"Spheric Guardian","floor":18.0,"turns":4.0},{"damage":6.0,"enemies":"Chosen","floor":21.0,"turns":4.0},{"damage":0.0,"enemies":"Sentry and Sphere","floor":24.0,"turns":4.0},{"damage":12.0,"enemies":"Cultist and Chosen","floor":29.0,"turns":4.0},{"damage":0.0,"enemies":"Snecko","floor":31.0,"turns":5.0},{"damage":15,"enemies":"Collector","floor":33,"turns":2}],"seed_played":"-4474713423405951761","potions_obtained":[{"floor":10.0,"key":"SpeedPotion"},{"floor":16.0,"key":"Fire Potion"},{"floor":29.0,"key":"Explosive Potion"}],"is_trial":false,"path_per_floor":["M","?","$","M","?","R","?","?","T","M","$","R","?","E","R","B",null,"M","?","?","M","$","R","M","R","T","?","?","M","T","M","R","B"],"character_chosen":"DEFECT","items_purchased":["Capacitor","Glacier","Panacea"],"campfire_rested":0,"item_purchase_floors":[3,11,22],"current_hp_per_floor":[57,62,62,52,45,45,50,50,50,43,43,43,35,27,27,20,70,70,70,49,43,43,43,43,43,43,18,23,11,11,13,13,0],"gold":179,"neow_bonus":"HUNDRED_GOLD","is_prod":false,"is_daily":false,"chose_seed":false,"campfire_upgraded":4,"win_rate":0,"timestamp":1550706404,"path_taken":["M","?","$","M","?","R","?","?","T","?","$","R","?","E","R","BOSS","M","?","?","M","$","R","M","R","T","?","?","?","?","M","R","BOSS"],"build_version":"2019-01-23","purchased_purges":1,"victory":false,"max_hp_per_floor":[71,81,81,81,81,81,86,86,86,86,86,86,86,86,86,86,86,86,86,86,86,86,86,86,86,86,91,91,91,91,91,91,91],"card_choices":[{"not_picked":["Doom and Gloom","Loop"],"picked":"Ball Lightning","floor":1.0},{"not_picked":["Scrape","Rebound","Beam Cell"],"picked":"SKIP","floor":4.0},{"not_picked":["Darkness","Cold Snap"],"picked":"Redo","floor":10.0},{"not_picked":["Heatsinks","Ball Lightning"],"picked":"Redo","floor":13.0},{"not_picked":["Cold Snap","Heatsinks"],"picked":"Conserve Battery","floor":14.0},{"not_picked":["Multi-Cast","Echo Form"],"picked":"Electrodynamics","floor":16.0},{"not_picked":["FTL","Recycle","Hologram"],"picked":"SKIP","floor":18.0},{"not_picked":["Conserve Battery","White Noise","Glacier"],"picked":"SKIP","floor":21.0},{"not_picked":["Redo","Rebound","Genetic Algorithm"],"picked":"SKIP","floor":24.0},{"not_picked":["Doom and Gloom","Hologram"],"picked":"BootSequence","floor":29.0},{"not_picked":["Reprogram","Turbo","Chill"],"picked":"SKIP","floor":31.0}],"player_experience":837831,"relics_obtained":[{"floor":9.0,"key":"DataDisk"},{"floor":13.0,"key":"Odd Mushroom"},{"floor":14.0,"key":"Shovel"},{"floor":15.0,"key":"Happy Flower"},{"floor":20.0,"key":"Enchiridion"},{"floor":26.0,"key":"Pen Nib"},{"floor":30.0,"key":"Blood Vial"},{"floor":32,"key":"Regal Pillow"}],"event_choices":[{"damage_healed":0.0,"max_hp_gain":0.0,"max_hp_loss":0.0,"gold_gain":0.0,"event_name":"Scrap Ooze","player_choice":"Success","floor":2.0,"gold_loss":0.0,"damage_taken":5.0,"relics_obtained":["Pear"]},{"cards_removed":["Strike_B"],"damage_healed":0.0,"max_hp_gain":0.0,"max_hp_loss":0.0,"gold_gain":0.0,"event_name":"Golden Wing","player_choice":"Card Removal","floor":5.0,"gold_loss":0.0,"damage_taken":7.0},{"damage_healed":0.0,"max_hp_gain":5.0,"max_hp_loss":0.0,"gold_gain":0.0,"event_name":"Big Fish","player_choice":"Donut","floor":7.0,"gold_loss":0.0,"damage_taken":0.0},{"cards_removed":["Strike_B"],"damage_healed":0.0,"max_hp_gain":0.0,"max_hp_loss":0.0,"gold_gain":0.0,"event_name":"Living Wall","player_choice":"Forget","floor":8.0,"gold_loss":0.0,"damage_taken":0.0},{"damage_healed":0.0,"max_hp_gain":0.0,"max_hp_loss":0.0,"gold_gain":0.0,"event_name":"Mushrooms","player_choice":"Fought Mushrooms","floor":13.0,"gold_loss":0.0,"damage_taken":0.0},{"cards_removed":["Defend_B"],"damage_healed":0.0,"max_hp_gain":0.0,"max_hp_loss":0.0,"gold_gain":0.0,"event_name":"Beggar","player_choice":"Gave Gold","floor":19.0,"gold_loss":75.0,"damage_taken":0.0},{"damage_healed":0.0,"max_hp_gain":0.0,"max_hp_loss":0.0,"gold_gain":0.0,"event_name":"Cursed Tome","player_choice":"Obtained Book","floor":20.0,"gold_loss":0.0,"damage_taken":21.0},{"damage_healed":0.0,"max_hp_gain":5.0,"max_hp_loss":0.0,"gold_gain":0.0,"event_name":"Forgotten Altar","player_choice":"Shed Blood","floor":27.0,"gold_loss":0.0,"damage_taken":30.0},{"cards_removed":["Redo"],"damage_healed":5.0,"max_hp_gain":0.0,"max_hp_loss":0.0,"gold_gain":0.0,"event_name":"Bonfire Elementals","player_choice":"Offered Common","floor":28.0,"gold_loss":0.0,"damage_taken":0.0},{"cards_removed":["Redo"],"damage_healed":5.0,"max_hp_gain":0.0,"max_hp_loss":0.0,"gold_gain":0.0,"event_name":"Bonfire Elementals","player_choice":"Offered Special","floor":28.0,"gold_loss":0.0,"damage_taken":0.0}],"is_beta":false,"boss_relics":[{"not_picked":["Ectoplasm","Pandora\u0027s Box"],"picked":"Astrolabe"}],"items_purged_floors":[3],"is_endless":false,"potions_floor_spawned":[10,16,29],"killed_by":"Collector","ascension_level":18}