{"gold_per_floor":[11,35,54,54,64,64,82,82,127,152,36,48,76,91,91,165,165,178,178,193,193,218,218,244,244,290,290,302,316,343,343,343,343],"floor_reached":33,"playtime":3076,"items_purged":[],"score":603,"play_id":"7846b5bc-8b9b-4df8-9b64-1ee51e25f0e7","local_time":"20190729122642","is_ascension_mode":true,"campfire_choices":[{"data":"Genetic Algorithm","floor":6.0,"key":"SMITH"},{"floor":8.0,"key":"REST"},{"floor":15.0,"key":"REST"},{"data":"Conserve Battery","floor":23,"key":"SMITH"},{"data":"Genetic Algorithm","floor":25,"key":"SMITH"},{"floor":32,"key":"REST"}],"neow_cost":"NO_GOLD","seed_source_timestamp":0,"circlet_count":0,"master_deck":["AscendersBane","Strike_B+1","Strike_B+1","Strike_B+1","Strike_B+1","Defend_B+1","Defend_B+1","Defend_B+1","Defend_B+1","Zap+1","Dualcast","Electrodynamics","Ball Lightning","Genetic Algorithm+1","Hologram","Go for the Eyes","Streamline","Scrape","Streamline","Chill","Sweeping Beam","Seek","Doom and Gloom+1","Genetic Algorithm+1","Conserve Battery+1","Stack+1","Undo","Biased Cognition","Defragment+1","Pain"],"special_seed":0,"relics":["Cracked Core","Boot","Orichalcum","FossilizedHelix","Bottled Tornado","Cursed Key","Red Mask","Letter Opener","Potion Belt","Spirit Poop","Pen Nib","Meat on the Bone"],"potions_floor_usage":[18,30,33,33,33],"damage_taken":[{"damage":1.0,"enemies":"Cultist","floor":1.0,"turns":3.0},{"damage":5.0,"enemies":"Small Slimes","floor":3.0,"turns":3.0},{"damage":0.0,"enemies":"Jaw Worm","floor":5.0,"turns":2.0},{"damage":4.0,"enemies":"Exordium Wildlife","floor":7.0,"turns":2.0},{"damage":21.0,"enemies":"Lagavulin","floor":10.0,"turns":6.0},{"damage":0.0,"enemies":"Blue Slaver","floor":12.0,"turns":3.0},{"damage":10.0,"enemies":"3 Sentries","floor":13.0,"turns":4.0},{"damage":0.0,"enemies":"2 Fungi Beasts","floor":14.0,"turns":2.0},{"damage":0.0,"enemies":"Slime Boss","floor":16.0,"turns":7.0},{"damage":0,"enemies":"2 Thieves","floor":18,"turns":2},{"damage":0,"enemies":"Chosen","floor":20,"turns":4},{"damage":0,"enemies":"Masked Bandits","floor":22,"turns":2},{"damage":10,"enemies":"Gremlin Leader","floor":24,"turns":5},{"damage":0,"enemies":"Shelled Parasite and Fungi","floor":28,"turns":4},{"damage":9,"enemies":"Snake Plant","floor":29,"turns":3},{"damage":19,"enemies":"Book of Stabbing","floor":30,"turns":5},{"damage":64,"enemies":"Champ","floor":33,"turns":8}],"seed_played":"-1118414569794329994","potions_obtained":[{"floor":3.0,"key":"Explosive Potion"},{"floor":13.0,"key":"GamblersBrew"},{"floor":14.0,"key":"FearPotion"},{"floor":18,"key":"LiquidBronze"},{"floor":29,"key":"FearPotion"},{"floor":30,"key":"Dexterity Potion"}],"is_trial":false,"path_per_floor":["M","T","M","?","M","R","M","R","T","E","$","M","E","M","R","B",null,"M","?","M","?","?","R","E","R","T","?","M","M","E","T","R","B"],"character_chosen":"DEFECT","items_purchased":["FocusPotion","Scrape"],"campfire_rested":3,"item_purchase_floors":[11,11],"current_hp_per_floor":[63,63,58,37,37,37,33,54,54,33,33,33,23,23,44,44,64,64,64,64,64,64,64,54,54,54,54,54,45,26,26,47,0],"gold":343,"neow_bonus":"THREE_RARE_CARDS","is_prod":false,"is_daily":false,"chose_seed":false,"campfire_upgraded":3,"win_rate":0,"timestamp":1564396002,"path_taken":["M","?","M","?","M","R","M","R","T","E","?","M","E","M","R","BOSS","M","?","M","?","?","R","E","R","T","?","M","?","E","?","R","BOSS"],"build_version":"2019-07-17","purchased_purges":0,"victory":false,"max_hp_per_floor":[71,71,71,71,71,71,71,71,71,71,71,71,71,71,71,71,71,71,71,71,71,71,71,71,71,71,71,71,71,71,71,71,71],"card_choices":[{"not_picked":["Amplify","Reboot"],"picked":"Electrodynamics","floor":0.0},{"not_picked":["Cold Snap","Auto Shields"],"picked":"Ball Lightning","floor":1.0},{"not_picked":["Streamline","Steam"],"picked":"Genetic Algorithm","floor":3.0},{"not_picked":["Aggregate","Ball Lightning"],"picked":"Hologram","floor":5.0},{"not_picked":["Steam","Cold Snap"],"picked":"Go for the Eyes","floor":7.0},{"not_picked":["Leap","Steam Power"],"picked":"Streamline","floor":10.0},{"not_picked":["Rainbow","Gash"],"picked":"Streamline","floor":12.0},{"not_picked":["Rebound","Compile Driver"],"picked":"Chill","floor":13.0},{"not_picked":["Compile Driver","Barrage"],"picked":"Sweeping Beam","floor":14.0},{"not_picked":["Creative AI","Reboot"],"picked":"Seek","floor":16.0},{"not_picked":["Coolheaded","Streamline"],"picked":"Doom and Gloom+1","floor":18},{"not_picked":["Beam Cell+1","Self Repair"],"picked":"Genetic Algorithm","floor":20},{"not_picked":["Go for the Eyes","Blizzard"],"picked":"Stack+1","floor":22},{"not_picked":["Hologram","Barrage"],"picked":"Undo","floor":24},{"not_picked":["Ball Lightning","Streamline","Go for the Eyes"],"picked":"SKIP","floor":28},{"not_picked":["Cold Snap","Chill+1"],"picked":"Biased Cognition","floor":29},{"not_picked":["Go for the Eyes","Steam"],"picked":"Defragment+1","floor":30}],"player_experience":908521,"relics_obtained":[{"floor":2.0,"key":"Boot"},{"floor":9.0,"key":"Orichalcum"},{"floor":10.0,"key":"FossilizedHelix"},{"floor":13.0,"key":"Bottled Tornado"},{"floor":22,"key":"Red Mask"},{"floor":24,"key":"Letter Opener"},{"floor":26,"key":"Potion Belt"},{"floor":30,"key":"Pen Nib"},{"floor":31,"key":"Meat on the Bone"}],"event_choices":[{"damage_healed":0.0,"max_hp_gain":0.0,"max_hp_loss":0.0,"gold_gain":0.0,"event_name":"Shining Light","player_choice":"Entered Light","floor":4.0,"gold_loss":0.0,"damage_taken":21.0,"cards_upgraded":["Defend_B","Zap"]},{"damage_healed":0,"gold_gain":0,"player_choice":"Simplicity","damage_taken":0,"max_hp_gain":0,"max_hp_loss":0,"event_name":"Back to Basics","floor":19,"gold_loss":0,"cards_upgraded":["Strike_B","Strike_B","Strike_B","Strike_B","Defend_B","Defend_B","Defend_B"]},{"damage_healed":0,"gold_gain":0,"player_choice":"Read","damage_taken":0,"max_hp_gain":0,"max_hp_loss":0,"event_name":"The Library","floor":21,"gold_loss":0,"cards_obtained":["Conserve Battery"]},{"damage_healed":0,"gold_gain":0,"player_choice":"Fought Bandits","damage_taken":0,"max_hp_gain":0,"max_hp_loss":0,"event_name":"Masked Bandits","floor":22,"gold_loss":0},{"cards_removed":["Shame"],"damage_healed":0,"gold_gain":0,"player_choice":"Offered Curse","damage_taken":0,"relics_obtained":["Spirit Poop"],"max_hp_gain":0,"max_hp_loss":0,"event_name":"Bonfire Elementals","floor":27,"gold_loss":0}],"is_beta":false,"boss_relics":[{"not_picked":["White Beast Statue","Coffee Dripper"],"picked":"Cursed Key"}],"items_purged_floors":[],"is_endless":false,"potions_floor_spawned":[3,13,14,16,18,20,29,30],"killed_by":"Champ","ascension_level":15}