{"gold_per_floor":[15,34,34,58,71,71,90,128,155,155],"floor_reached":10,"playtime":327,"items_purged":[],"score":140,"play_id":"f9ddbd7a-d57c-407f-adf2-38469c962e52","local_time":"20190725220128","is_ascension_mode":true,"campfire_choices":[{"data":"Thinking Ahead","floor":6.0,"key":"SMITH"}],"neow_cost":"NO_GOLD","seed_source_timestamp":431723066402923,"circlet_count":0,"master_deck":["AscendersBane","Strike_R","Strike_R","Strike_R","Strike_R","Strike_R","Defend_R","Defend_R","Defend_R","Defend_R","Bash","Madness","Thinking Ahead+1","Carnage","Cleave","Twin Strike","Headbutt","Ghostly Armor"],"special_seed":0,"relics":["Burning Blood","Golden Idol","Ancient Tea Set","Centennial Puzzle"],"potions_floor_usage":[10,10],"damage_taken":[{"damage":7.0,"enemies":"Small Slimes","floor":1.0,"turns":3.0},{"damage":2.0,"enemies":"2 Louse","floor":2.0,"turns":3.0},{"damage":1.0,"enemies":"Cultist","floor":4.0,"turns":3.0},{"damage":14.0,"enemies":"Exordium Wildlife","floor":5.0,"turns":4.0},{"damage":11.0,"enemies":"2 Fungi Beasts","floor":7.0,"turns":3.0},{"damage":32.0,"enemies":"Gremlin Nob","floor":8.0,"turns":4.0},{"damage":15,"enemies":"3 Sentries","floor":10,"turns":4}],"seed_played":"-1640985872524571726","potions_obtained":[{"floor":4.0,"key":"FearPotion"},{"floor":5.0,"key":"EssenceOfSteel"},{"floor":8.0,"key":"LiquidBronze"}],"is_trial":false,"path_per_floor":["M","M","?","M","M","R","M","E","T","E"],"character_chosen":"IRONCLAD","items_purchased":[],"campfire_rested":0,"item_purchase_floors":[],"current_hp_per_floor":[67,71,45,50,42,42,37,11,11,0],"gold":155,"neow_bonus":"RANDOM_COLORLESS_2","is_prod":false,"is_daily":false,"chose_seed":false,"campfire_upgraded":1,"win_rate":0,"timestamp":1564059688,"path_taken":["M","M","?","M","M","R","M","E","T","E"],"build_version":"2019-07-17","purchased_purges":0,"victory":false,"max_hp_per_floor":[75,75,75,75,75,75,75,75,75,75],"card_choices":[{"not_picked":["Disarm","True Grit"],"picked":"Carnage","floor":1.0},{"not_picked":["Spot Weakness","Dual Wield"],"picked":"Cleave","floor":2.0},{"not_picked":["True Grit","Hemokinesis"],"picked":"Twin Strike","floor":4.0},{"not_picked":["Cleave","Heavy Blade"],"picked":"Headbutt","floor":5.0},{"not_picked":["Cleave","Barricade"],"picked":"Ghostly Armor","floor":7.0},{"not_picked":["Headbutt","Cleave","Pommel Strike"],"picked":"SKIP","floor":8.0}],"player_experience":1014198,"relics_obtained":[{"floor":8.0,"key":"Ancient Tea Set"},{"floor":9.0,"key":"Centennial Puzzle"}],"event_choices":[{"damage_healed":0.0,"max_hp_gain":0.0,"max_hp_loss":0.0,"gold_gain":0.0,"event_name":"Golden Idol","player_choice":"Take Damage","floor":3.0,"gold_loss":0.0,"damage_taken":26.0,"relics_obtained":["Golden Idol"]}],"is_beta":false,"boss_relics":[],"items_purged_floors":[],"is_endless":false,"potions_floor_spawned":[4,5,8],"killed_by":"3 Sentries","ascension_level":20}