{"path_per_floor":["M","$","M","M","?","R","E","?","T","R","M","R","?","M","R","B",null,"M","$","?","M","M","R"],"character_chosen":"THE_SILENT","items_purchased":["Footwork"],"gold_per_floor":[109,34,49,63,63,63,93,93,93,93,112,112,112,129,129,200,200,200,23,23,23,23,23,23],"floor_reached":24,"campfire_rested":3,"playtime":1192,"current_hp_per_floor":[60,60,60,60,65,65,11,4,4,28,25,49,33,33,57,21,67,65,65,65,65,41,41,0],"items_purged":["Defend_G","Strike_G"],"gold":23,"score":323,"play_id":"232015d6-3849-439d-aad2-8955b6c2b2d2","local_time":"20180330145054","is_prod":false,"is_daily":false,"is_ascension_mode":true,"campfire_upgraded":2,"timestamp":1522414254,"path_taken":["M","?","?","M","?","R","E","?","T","R","M","R","?","M","R","BOSS","M","$","?","?","M","R","E"],"build_version":"2018-03-29v2","purchased_purges":2,"victory":false,"master_deck":["Defend_G","Defend_G","Defend_G","Defend_G","Strike_G","Strike_G","Strike_G","Strike_G+1","Survivor","Neutralize+1","AscendersBane","Backflip","Dagger Spray+1","Dagger Throw","Flying Knee","Tactician","Acrobatics+1","Footwork","Blur","Infinite Blades"],"max_hp_per_floor":[77,77,77,77,82,82,82,82,82,82,82,82,82,82,82,82,82,82,82,82,82,82,82,82],"relics":["Ring of the Snake","Strawberry","Ninja Scroll","Matryoshka","Kunai","Darkstone Periapt","Ectoplasm"],"card_choices":[{"not_picked":["Acrobatics","Bane"],"picked":"Backflip","floor":1.0},{"not_picked":["Concentrate","Cloak And Dagger"],"picked":"Dagger Spray","floor":3.0},{"not_picked":["Calculated Gamble","PiercingWail"],"picked":"Dagger Throw","floor":11.0},{"not_picked":["Quick Slash","Slice"],"picked":"Flying Knee","floor":14.0},{"not_picked":["Bullet Time","Unload"],"picked":"Tactician","floor":16},{"not_picked":["Quick Slash","Flechettes"],"picked":"Acrobatics","floor":18},{"not_picked":["Acrobatics","Bane"],"picked":"Blur","floor":21},{"not_picked":["Eviscerate","Poisoned Stab"],"picked":"Infinite Blades","floor":22}],"player_experience":476071,"potions_floor_usage":[16,16,18],"damage_taken":[{"damage":10.0,"enemies":"Cultist","floor":1.0,"turns":6.0},{"damage":0.0,"enemies":"Jaw Worm","floor":3.0,"turns":4.0},{"damage":0.0,"enemies":"2 Louse","floor":4.0,"turns":2.0},{"damage":54.0,"enemies":"Gremlin Nob","floor":7.0,"turns":6.0},{"damage":3.0,"enemies":"2 Fungi Beasts","floor":11.0,"turns":4.0},{"damage":0.0,"enemies":"3 Louse","floor":14.0,"turns":1.0},{"damage":36,"enemies":"Slime Boss","floor":16,"turns":11},{"damage":2,"enemies":"Shell Parasite","floor":18,"turns":5},{"damage":0,"enemies":"Chosen","floor":21,"turns":5},{"damage":24,"enemies":"Snake Plant","floor":22,"turns":7},{"damage":42,"enemies":"Slavers","floor":24,"turns":4}],"event_choices":[{"event_name":"Big Fish","player_choice":"Donut","floor":5.0,"damage_taken":0.0},{"event_name":"Scrap Ooze","player_choice":"success","floor":8.0,"damage_taken":7.0},{"event_name":"Shining Light","player_choice":"Entered Light","floor":13.0,"damage_taken":0.0},{"event_name":"Vampires","player_choice":"Ignored","floor":20,"damage_taken":0}],"boss_relics":[{"not_picked":["Eternal Feather","Tiny House"],"picked":"Ectoplasm"}],"potions_floor_spawned":[7,14,16],"seed_played":"-5888584451734481634","killed_by":"Slavers","ascension_level":13,"is_trial":false}