{"gold_per_floor":[118,193,193,51,67,107,107,107,183,183,207,242,261,292,292,390,390,413,413,431,456,79,79,3,3,3,3,23,23,42,57,57,155,155,175,175,189,13,0,0,38,38,38,38,61,61,9,29,29,29],"floor_reached":51,"playtime":3495,"items_purged":["Strike_R","Normality"],"score":1193,"play_id":"a3ab6bf1-f2d3-4dfa-a718-7153aeb67452","local_time":"20190727000515","is_ascension_mode":true,"campfire_choices":[{"data":"Whirlwind","floor":7.0,"key":"SMITH"},{"data":"Bash","floor":10.0,"key":"SMITH"},{"data":"Corruption","floor":15.0,"key":"SMITH"},{"data":"Demon Form","floor":23.0,"key":"SMITH"},{"data":"True Grit","floor":25.0,"key":"SMITH"},{"data":"Disarm","floor":29.0,"key":"SMITH"},{"floor":32.0,"key":"REST"},{"floor":40.0,"key":"REST"},{"data":"Offering","floor":42.0,"key":"SMITH"},{"data":"Burning Pact","floor":46.0,"key":"SMITH"},{"floor":49,"key":"REST"}],"neow_cost":"NONE","seed_source_timestamp":789980728617764,"circlet_count":0,"master_deck":["AscendersBane","Strike_R","Strike_R","Strike_R","Defend_R","Defend_R","Defend_R","Defend_R+1","Bash+1","Perfected Strike","Whirlwind+1","Battle Trance+1","Iron Wave","Disarm+1","True Grit+1","Iron Wave+1","Corruption+1","Demon Form+1","Body Slam+1","Flex+1","Feel No Pain","Offering+1","Headbutt+1","Flame Barrier+1","Heavy Blade+1","Dark Embrace","Burning Pact+1","Body Slam+1","Uppercut+1","Flex+1","Sentinel","Madness","Madness","Shrug It Off","Corruption","Flex+1","Decay","Flame Barrier"],"special_seed":0,"relics":["Burning Blood","NeowsBlessing","Golden Idol","War Paint","Molten Egg 2","Happy Flower","Unceasing Top","Cursed Key","Nilry\u0027s Codex","Gambling Chip","Mummified Hand","Orrery","Red Mask","Blue Candle","Bronze Scales","Strawberry"],"potions_floor_usage":[48,50],"damage_taken":[{"damage":0.0,"enemies":"2 Louse","floor":1.0,"turns":1.0},{"damage":0.0,"enemies":"Jaw Worm","floor":5.0,"turns":1.0},{"damage":0.0,"enemies":"Lagavulin","floor":6.0,"turns":1.0},{"damage":1.0,"enemies":"Cultist","floor":11.0,"turns":3.0},{"damage":26.0,"enemies":"Gremlin Nob","floor":12.0,"turns":6.0},{"damage":6.0,"enemies":"Looter","floor":13.0,"turns":3.0},{"damage":0.0,"enemies":"3 Sentries","floor":14.0,"turns":2.0},{"damage":31.0,"enemies":"The Guardian","floor":16.0,"turns":13.0},{"damage":22.0,"enemies":"Spheric Guardian","floor":18.0,"turns":4.0},{"damage":1.0,"enemies":"3 Byrds","floor":20.0,"turns":3.0},{"damage":13.0,"enemies":"Snake Plant","floor":21.0,"turns":4.0},{"damage":6.0,"enemies":"Centurion and Healer","floor":28.0,"turns":3.0},{"damage":5.0,"enemies":"Snecko","floor":30.0,"turns":3.0},{"damage":6.0,"enemies":"3 Cultists","floor":31.0,"turns":2.0},{"damage":15.0,"enemies":"Champ","floor":33.0,"turns":6.0},{"damage":23.0,"enemies":"3 Shapes","floor":35.0,"turns":2.0},{"damage":11.0,"enemies":"Orb Walker","floor":37.0,"turns":5.0},{"damage":26.0,"enemies":"Nemesis","floor":41.0,"turns":5.0},{"damage":11.0,"enemies":"Writhing Mass","floor":45.0,"turns":5.0},{"damage":16,"enemies":"Jaw Worm Horde","floor":48,"turns":3},{"damage":57,"enemies":"Donu and Deca","floor":50,"turns":6}],"seed_played":"-8886259728695591978","potions_obtained":[{"floor":5.0,"key":"Swift Potion"},{"floor":11.0,"key":"EssenceOfSteel"},{"floor":12.0,"key":"Energy Potion"},{"floor":14.0,"key":"Swift Potion"},{"floor":21.0,"key":"SteroidPotion"},{"floor":28.0,"key":"SkillPotion"},{"floor":31.0,"key":"AttackPotion"},{"floor":45.0,"key":"LiquidBronze"},{"floor":48,"key":"SteroidPotion"}],"is_trial":false,"path_per_floor":["M","?","?","$","M","E","R","$","T","R","M","E","M","E","R","B",null,"M","?","M","M","$","R","$","R","T","?","M","R","M","M","R","B",null,"M","?","M","$","?","R","E","R","T","$","M","R","?","M","R","B",null],"character_chosen":"IRONCLAD","items_purchased":["Whirlwind","Battle Trance","Gambling Chip","Feel No Pain","Corruption"],"campfire_rested":3,"item_purchase_floors":[4,4,22,24,38],"current_hp_per_floor":[78,67,47,47,53,59,59,59,59,59,64,44,44,50,50,25,66,50,34,39,32,32,32,32,32,32,32,32,32,33,33,57,48,72,55,45,40,40,40,64,44,44,44,44,39,39,46,36,62,11],"gold":29,"neow_bonus":"THREE_ENEMY_KILL","is_prod":false,"is_daily":false,"chose_seed":false,"campfire_upgraded":8,"win_rate":0,"timestamp":1564211115,"path_taken":["M","?","?","?","?","E","R","$","T","R","M","E","M","E","R","BOSS","M","?","M","M","$","R","$","R","T","?","M","R","M","M","R","BOSS","M","?","M","$","?","R","E","R","T","$","M","R","?","M","R","BOSS"],"build_version":"2019-07-18","purchased_purges":2,"victory":true,"max_hp_per_floor":[80,80,80,80,80,80,80,80,80,80,80,80,80,80,80,80,80,80,80,80,80,80,80,80,80,80,80,80,80,80,80,80,80,80,80,80,80,80,80,80,80,80,80,80,80,80,87,87,87,87],"card_choices":[{"not_picked":["Wild Strike","Sever Soul"],"picked":"Perfected Strike","floor":1.0},{"not_picked":["Dropkick","Hemokinesis"],"picked":"Iron Wave","floor":5.0},{"not_picked":["Twin Strike","Rampage"],"picked":"Disarm","floor":6.0},{"not_picked":["Anger+1","Inflame"],"picked":"True Grit","floor":11.0},{"not_picked":["Infernal Blade","Pummel+1","Rage"],"picked":"SKIP","floor":12.0},{"not_picked":["Juggernaut","Shrug It Off"],"picked":"Iron Wave+1","floor":13.0},{"not_picked":["Fiend Fire+1","Sword Boomerang+1"],"picked":"Corruption","floor":14.0},{"not_picked":["Feed+1","Dark Embrace"],"picked":"Demon Form","floor":16.0},{"not_picked":["Intimidate","Flex"],"picked":"Body Slam+1","floor":18.0},{"not_picked":["Searing Blow+1","Whirlwind+1"],"picked":"Flex+1","floor":20.0},{"not_picked":["Clothesline+1","Combust","Iron Wave+1"],"picked":"SKIP","floor":21.0},{"not_picked":["Perfected Strike+1","Rage"],"picked":"Headbutt+1","floor":28.0},{"not_picked":["Sword Boomerang+1","Armaments"],"picked":"Flame Barrier+1","floor":30.0},{"not_picked":["Cleave+1","Burning Pact"],"picked":"Heavy Blade+1","floor":31.0},{"not_picked":["Double Tap","Exhume"],"picked":"Dark Embrace","floor":33.0},{"not_picked":["Twin Strike+1","Heavy Blade+1"],"picked":"Burning Pact","floor":34.0},{"not_picked":["Dropkick+1","Heavy Blade+1"],"picked":"Body Slam+1","floor":34.0},{"not_picked":["Hemokinesis+1","Cleave+1"],"picked":"Uppercut+1","floor":34.0},{"not_picked":["Wild Strike+1","Immolate+1"],"picked":"Flex+1","floor":34.0},{"not_picked":["Iron Wave+1","Wild Strike+1"],"picked":"Sentinel","floor":35.0},{"not_picked":["Wild Strike+1","Dropkick+1"],"picked":"Shrug It Off","floor":37.0},{"not_picked":["Body Slam+1","Metallicize"],"picked":"Flex+1","floor":41.0},{"not_picked":["Body Slam+1","Clothesline+1","Perfected Strike+1"],"picked":"SKIP","floor":45.0},{"not_picked":["Cleave+1","Twin Strike+1"],"picked":"Flame Barrier","floor":48}],"player_experience":209122,"relics_obtained":[{"floor":6.0,"key":"War Paint"},{"floor":9.0,"key":"Molten Egg 2"},{"floor":12.0,"key":"Happy Flower"},{"floor":14.0,"key":"Unceasing Top"},{"floor":19.0,"key":"Nilry\u0027s Codex"},{"floor":26.0,"key":"Mummified Hand"},{"floor":41.0,"key":"Blue Candle"},{"floor":43.0,"key":"Bronze Scales"}],"event_choices":[{"damage_healed":0.0,"max_hp_gain":0.0,"max_hp_loss":0.0,"gold_gain":75.0,"event_name":"World of Goop","player_choice":"Gather Gold","floor":2.0,"gold_loss":0.0,"damage_taken":11.0},{"damage_healed":0.0,"max_hp_gain":0.0,"max_hp_loss":0.0,"gold_gain":0.0,"event_name":"Golden Idol","player_choice":"Take Damage","floor":3.0,"gold_loss":0.0,"damage_taken":20.0,"relics_obtained":["Golden Idol"]},{"damage_healed":0.0,"max_hp_gain":0.0,"max_hp_loss":0.0,"gold_gain":0.0,"event_name":"Cursed Tome","player_choice":"Obtained Book","floor":19.0,"gold_loss":0.0,"damage_taken":16.0},{"damage_healed":0.0,"max_hp_gain":0.0,"max_hp_loss":0.0,"gold_gain":0.0,"cards_transformed":["Doubt","Strike_R"],"event_name":"Drug Dealer","player_choice":"Became Test Subject","floor":27.0,"gold_loss":0.0,"damage_taken":0.0,"cards_obtained":["Normality","Offering"]},{"damage_healed":0.0,"max_hp_gain":0.0,"max_hp_loss":0.0,"gold_gain":0.0,"event_name":"Winding Halls","player_choice":"Embrace Madness","floor":36.0,"gold_loss":0.0,"damage_taken":10.0,"cards_obtained":["Madness","Madness"]},{"damage_healed":0.0,"max_hp_gain":0.0,"max_hp_loss":0.0,"gold_gain":0.0,"event_name":"Tomb of Lord Red Mask","player_choice":"Paid","floor":39.0,"gold_loss":13.0,"damage_taken":0.0,"relics_obtained":["Red Mask"]},{"damage_healed":0.0,"max_hp_gain":0.0,"max_hp_loss":0.0,"gold_gain":0.0,"event_name":"WeMeetAgain","player_choice":"Paid Gold","floor":47.0,"gold_loss":52.0,"damage_taken":0.0,"relics_obtained":["Strawberry"]}],"is_beta":true,"boss_relics":[{"not_picked":["Velvet Choker","Runic Pyramid"],"picked":"Cursed Key"},{"not_picked":["Coffee Dripper","Astrolabe"],"picked":"Orrery"}],"items_purged_floors":[22,38],"is_endless":false,"potions_floor_spawned":[5,11,12,14,21,28,31,45,48],"ascension_level":13}