{"gold_per_floor":[111,122,141,159,8,8,34,34,34,34,66,76,76,96,96,171,171,171,171,0,0,0,0,0,0,0,0,0,0,0,0,0,0],"floor_reached":33,"playtime":1170,"items_purged":[],"score":512,"play_id":"3b2d4012-baf5-4503-b705-d0833d98c821","local_time":"20190727192427","is_ascension_mode":true,"campfire_choices":[{"floor":6.0,"key":"REST"},{"floor":8.0,"key":"REST"},{"data":"Berserk","floor":10.0,"key":"SMITH"},{"data":"Bash","floor":15.0,"key":"SMITH"},{"floor":23,"key":"REST"},{"floor":25,"key":"REST"},{"floor":32,"key":"REST"}],"neow_cost":"NONE","seed_source_timestamp":861921408641393,"circlet_count":0,"master_deck":["AscendersBane","Strike_R","Strike_R","Strike_R","Strike_R","Strike_R","Defend_R","Defend_R","Defend_R","Defend_R","Bash+1","Ghostly Armor","Perfected Strike","Headbutt","Disarm","Bludgeon","Berserk+1","True Grit","Offering","J.A.X.","Shrug It Off","Whirlwind","Impervious","Battle Trance","Ghostly Armor"],"special_seed":0,"relics":["Burning Blood","Omamori","Ancient Tea Set","Dream Catcher","Paper Frog","Ectoplasm","Ice Cream","Prayer Wheel","Tiny Chest"],"potions_floor_usage":[30,30],"damage_taken":[{"damage":6.0,"enemies":"Cultist","floor":1.0,"turns":3.0},{"damage":4.0,"enemies":"2 Louse","floor":2.0,"turns":3.0},{"damage":20.0,"enemies":"Small Slimes","floor":3.0,"turns":4.0},{"damage":6.0,"enemies":"Looter","floor":4.0,"turns":4.0},{"damage":42.0,"enemies":"Lagavulin","floor":7.0,"turns":7.0},{"damage":6.0,"enemies":"Gremlin Nob","floor":11.0,"turns":3.0},{"damage":4.0,"enemies":"Exordium Wildlife","floor":12.0,"turns":4.0},{"damage":13.0,"enemies":"3 Louse","floor":14.0,"turns":4.0},{"damage":23.0,"enemies":"The Guardian","floor":16.0,"turns":8.0},{"damage":49.0,"enemies":"Shell Parasite","floor":18.0,"turns":4.0},{"damage":9,"enemies":"Spheric Guardian","floor":22,"turns":3},{"damage":17,"enemies":"Snecko","floor":27,"turns":4},{"damage":39,"enemies":"Gremlin Leader","floor":28,"turns":4},{"damage":9,"enemies":"Snake Plant","floor":29,"turns":4},{"damage":11,"enemies":"Shelled Parasite and Fungi","floor":30,"turns":3},{"damage":39,"enemies":"Automaton","floor":33,"turns":4}],"seed_played":"7767442542938849815","potions_obtained":[{"floor":3.0,"key":"SpeedPotion"},{"floor":7.0,"key":"Energy Potion"},{"floor":11.0,"key":"Fire Potion"}],"is_trial":false,"path_per_floor":["M","M","M","M","$","R","E","R","T","R","E","M","?","M","R","B",null,"M","?","?","$","M","R","?","R","T","M","E","M","M","T","R","B"],"character_chosen":"IRONCLAD","items_purchased":["Bludgeon"],"campfire_rested":5,"item_purchase_floors":[5],"current_hp_per_floor":[68,70,56,56,56,75,39,61,61,61,61,63,75,68,68,51,69,26,26,26,26,23,45,38,60,60,49,16,13,8,8,30,0],"gold":0,"neow_bonus":"RANDOM_COMMON_RELIC","is_prod":false,"is_daily":false,"chose_seed":false,"campfire_upgraded":2,"win_rate":0,"timestamp":1564280667,"path_taken":["M","?","M","M","$","R","E","R","T","R","E","M","?","M","R","BOSS","M","?","?","?","M","R","?","R","T","M","E","?","M","?","R","BOSS"],"build_version":"2019-07-18","purchased_purges":0,"victory":false,"max_hp_per_floor":[75,75,75,75,75,75,75,75,75,75,75,75,75,75,75,75,75,75,75,75,75,75,75,75,75,75,75,75,75,75,75,75,75],"card_choices":[{"not_picked":["Twin Strike","Flex"],"picked":"Ghostly Armor","floor":1.0},{"not_picked":["Body Slam","Disarm"],"picked":"Perfected Strike","floor":2.0},{"not_picked":["Entrench","Metallicize"],"picked":"Headbutt","floor":3.0},{"not_picked":["Flex","Armaments"],"picked":"Disarm","floor":4.0},{"not_picked":["Pommel Strike","Wild Strike"],"picked":"Berserk","floor":7.0},{"not_picked":["Blood for Blood","Havoc","Carnage"],"picked":"SKIP","floor":11.0},{"not_picked":["Warcry","Inflame"],"picked":"True Grit","floor":12.0},{"not_picked":["Bloodletting","Clash","Cleave"],"picked":"SKIP","floor":14.0},{"not_picked":["Fiend Fire","Double Tap"],"picked":"Offering","floor":16.0},{"not_picked":["Blood for Blood","Clothesline","Perfected Strike"],"picked":"SKIP","floor":18.0},{"not_picked":["Thunderclap","Havoc"],"picked":"Shrug It Off","floor":22},{"not_picked":["Rage","Sever Soul"],"picked":"Whirlwind","floor":23},{"not_picked":["True Grit+1","Reckless Charge+1"],"picked":"Impervious","floor":25},{"not_picked":["Pommel Strike","Wild Strike"],"picked":"Battle Trance","floor":27},{"not_picked":["Iron Wave","Flex"],"picked":"Ghostly Armor","floor":28},{"not_picked":["Warcry","Havoc","Heavy Blade"],"picked":"SKIP","floor":29},{"not_picked":["Reckless Charge","Infernal Blade","Heavy Blade"],"picked":"SKIP","floor":29},{"not_picked":["Warcry","Pommel Strike","Pummel"],"picked":"SKIP","floor":30},{"not_picked":["True Grit","Sword Boomerang","Dropkick"],"picked":"SKIP","floor":30}],"player_experience":235166,"relics_obtained":[{"floor":7.0,"key":"Ancient Tea Set"},{"floor":9.0,"key":"Dream Catcher"},{"floor":11.0,"key":"Paper Frog"},{"floor":26,"key":"Ice Cream"},{"floor":28,"key":"Prayer Wheel"},{"floor":31,"key":"Tiny Chest"}],"event_choices":[{"damage_healed":18.0,"max_hp_gain":0.0,"max_hp_loss":0.0,"gold_gain":0.0,"event_name":"Mushrooms","player_choice":"Healed and dodged fight","floor":13.0,"gold_loss":0.0,"damage_taken":0.0,"cards_obtained":["Parasite"]},{"damage_healed":0,"gold_gain":0,"player_choice":"Obtain J.A.X.","damage_taken":0,"max_hp_gain":0,"max_hp_loss":0,"event_name":"Drug Dealer","floor":19,"gold_loss":0,"cards_obtained":["J.A.X."]},{"damage_healed":0,"gold_gain":0,"player_choice":"Paid Fearfully","damage_taken":0,"max_hp_gain":0,"max_hp_loss":0,"event_name":"Masked Bandits","floor":20,"gold_loss":171},{"damage_healed":0,"gold_gain":0,"player_choice":"","damage_taken":7,"max_hp_gain":0,"max_hp_loss":0,"event_name":"Knowing Skull","floor":24,"potions_obtained":[],"gold_loss":0,"cards_obtained":[]}],"is_beta":true,"boss_relics":[{"not_picked":["Runic Dome","Lizard Tail"],"picked":"Ectoplasm"}],"items_purged_floors":[],"is_endless":false,"potions_floor_spawned":[3,7,11,12,18,28,29],"killed_by":"Automaton","ascension_level":17}