{"gold_per_floor":[109,109,40,40,54,67,67,83,83,56,56,90,105,134,134,134],"floor_reached":16,"playtime":606,"items_purged":[],"score":236,"play_id":"13243e3a-0ae1-43f6-9204-d5738278f4cf","local_time":"20190112234935","is_ascension_mode":true,"campfire_choices":[{"data":"Redo","floor":7.0,"key":"SMITH"},{"data":"Buffer","floor":11.0,"key":"SMITH"},{"data":"Defragment","floor":15,"key":"SMITH"}],"neow_cost":"TEN_PERCENT_HP_LOSS","seed_source_timestamp":483048420113861,"circlet_count":0,"master_deck":["AscendersBane","Strike_B","Strike_B","Strike_B","Strike_B","Defend_B","Defend_B","Defend_B","Defend_B","Zap+1","Dualcast","Buffer+1","Glacier","Redo+1","Compile Driver","Defragment+1","Self Repair"],"special_seed":0,"relics":["Cracked Core","Kunai","Ginger","Sundial"],"potions_floor_usage":[13],"damage_taken":[{"damage":12.0,"enemies":"Small Slimes","floor":1.0,"turns":2.0},{"damage":0.0,"enemies":"Jaw Worm","floor":5.0,"turns":5.0},{"damage":1.0,"enemies":"Cultist","floor":6.0,"turns":4.0},{"damage":4.0,"enemies":"Red Slaver","floor":8.0,"turns":4.0},{"damage":18,"enemies":"3 Sentries","floor":12,"turns":9},{"damage":12,"enemies":"Exordium Wildlife","floor":13,"turns":5},{"damage":0,"enemies":"Lagavulin","floor":14,"turns":8},{"damage":31,"enemies":"Hexaghost","floor":16,"turns":15}],"seed_played":"-3560989942499172482","potions_obtained":[{"floor":6.0,"key":"Weak Potion"},{"floor":12,"key":"Strength Potion"},{"floor":13,"key":"Block Potion"}],"is_trial":false,"path_per_floor":["M","?","$","?","M","M","R","M","T","$","R","E","M","E","R","B"],"character_chosen":"DEFECT","items_purchased":["Glacier","Compile Driver"],"campfire_rested":0,"item_purchase_floors":[3,10],"current_hp_per_floor":[52,57,57,57,57,56,56,52,52,52,52,34,22,29,29,0],"gold":134,"neow_bonus":"THREE_RARE_CARDS","is_prod":false,"is_daily":false,"chose_seed":false,"campfire_upgraded":3,"win_rate":0,"timestamp":1547333375,"path_taken":["M","?","$","?","?","M","R","M","T","?","R","E","M","E","R","BOSS"],"build_version":"2019-01-10","purchased_purges":0,"victory":false,"max_hp_per_floor":[64,69,69,69,69,69,69,69,69,69,69,69,69,69,69,69],"card_choices":[{"not_picked":["Rainbow","Echo Form"],"picked":"Buffer","floor":0.0},{"not_picked":["Beam Cell","Rebound","Barrage"],"picked":"SKIP","floor":1.0},{"not_picked":["Static Discharge","Glacier"],"picked":"Redo","floor":5.0},{"not_picked":["Beam Cell","Sweeping Beam","Go for the Eyes"],"picked":"SKIP","floor":6.0},{"not_picked":["Chaos","Hologram","Static Discharge"],"picked":"SKIP","floor":8.0},{"not_picked":["Turbo","Auto Shields"],"picked":"Defragment","floor":12},{"not_picked":["Sweeping Beam","Skim"],"picked":"Self Repair","floor":13},{"not_picked":["Darkness","Gash","Multi-Cast"],"picked":"SKIP","floor":14}],"player_experience":713853,"relics_obtained":[{"floor":9.0,"key":"Kunai"},{"floor":12,"key":"Ginger"},{"floor":14,"key":"Sundial"}],"event_choices":[{"damage_healed":0.0,"max_hp_gain":5.0,"max_hp_loss":0.0,"gold_gain":0.0,"event_name":"Big Fish","player_choice":"Donut","floor":2.0,"gold_loss":0.0,"damage_taken":0.0},{"damage_healed":0.0,"max_hp_gain":0.0,"max_hp_loss":0.0,"gold_gain":0.0,"event_name":"Accursed Blacksmith","player_choice":"Forge","floor":4.0,"gold_loss":0.0,"damage_taken":0.0,"cards_upgraded":["Zap"]}],"is_beta":false,"boss_relics":[],"items_purged_floors":[],"is_endless":false,"potions_floor_spawned":[6,12,13,14],"killed_by":"Hexaghost","ascension_level":15}