{"gold_per_floor":[115,115,131,131,131,131,157,167,218,230,254,266,298,310,322,412,424,447,459,486,101,101],"floor_reached":22,"playtime":685,"items_purged":[],"score":322,"play_id":"c3ca3a4f-5b7d-4355-8550-4c0418b8b761","local_time":"20180807114113","is_ascension_mode":true,"campfire_choices":[{"data":"Headbutt","floor":6.0,"key":"SMITH"},{"data":"Inflame","floor":10,"key":"SMITH"},{"floor":12,"key":"REST"},{"data":"Shrug It Off","floor":15,"key":"SMITH"}],"neow_cost":"NONE","seed_source_timestamp":398032420059266,"circlet_count":0,"master_deck":["Strike_R","Strike_R","Defend_R","Defend_R","Defend_R","Defend_R","Bash+1","AscendersBane","Headbutt+1","Thunderclap","Inflame+1","Shrug It Off+1","Dropkick","Demon Form","Spot Weakness"],"special_seed":0,"relics":["Black Blood","Centennial Puzzle","MawBank","Paper Frog","Red Skull"],"potions_floor_usage":[22],"damage_taken":[{"damage":7.0,"enemies":"2 Louse","floor":1.0,"turns":3.0},{"damage":1.0,"enemies":"Cultist","floor":3.0,"turns":3.0},{"damage":35,"enemies":"Lagavulin","floor":7,"turns":6},{"damage":6,"enemies":"Jaw Worm","floor":8,"turns":4},{"damage":3,"enemies":"3 Louse","floor":11,"turns":4},{"damage":8,"enemies":"Blue Slaver","floor":13,"turns":3},{"damage":48,"enemies":"Slime Boss","floor":16,"turns":8},{"damage":22,"enemies":"Spheric Guardian","floor":18,"turns":5},{"damage":21,"enemies":"Chosen","floor":20,"turns":5},{"damage":44,"floor":22,"turns":3}],"seed_played":"-6400155173840170393","potions_obtained":[{"floor":3.0,"key":"GamblersBrew"},{"floor":7,"key":"Poison Potion"},{"floor":8,"key":"Explosive Potion"}],"is_trial":false,"path_per_floor":["M","?","M","?","?","R","E","M","T","R","M","R","M","?","R","B",null,"M","?","M","$"],"character_chosen":"IRONCLAD","items_purchased":["Paper Frog","Red Skull"],"campfire_rested":1,"item_purchase_floors":[21,21],"current_hp_per_floor":[67,67,72,72,72,72,43,43,43,43,46,68,66,66,66,24,62,50,50,39,39,0],"gold":101,"neow_bonus":"REMOVE_CARD","is_prod":false,"is_daily":false,"chose_seed":false,"campfire_upgraded":3,"win_rate":0,"timestamp":1533634873,"path_taken":["M","?","M","?","?","R","E","?","T","R","M","R","M","?","R","BOSS","M","?","?","?","?"],"build_version":"2018-08-06","purchased_purges":0,"victory":false,"max_hp_per_floor":[75,75,75,75,75,75,75,75,75,75,75,75,75,75,75,75,75,75,75,75,75,75],"card_choices":[{"not_picked":["Clash","Clothesline"],"picked":"Headbutt","floor":1.0},{"not_picked":["Pummel","Body Slam"],"picked":"Thunderclap","floor":3.0},{"not_picked":["Pommel Strike","Disarm"],"picked":"Inflame","floor":7},{"not_picked":["Shockwave","Burning Pact"],"picked":"Shrug It Off","floor":8},{"not_picked":["Body Slam","Thunderclap"],"picked":"Dropkick","floor":11},{"not_picked":["Perfected Strike","Havoc","Cleave"],"picked":"SKIP","floor":13},{"not_picked":["Exhume","Barricade"],"picked":"Demon Form","floor":16},{"not_picked":["Whirlwind","Cleave"],"picked":"Spot Weakness","floor":18},{"not_picked":["Wild Strike","Armaments+1","Headbutt"],"picked":"SKIP","floor":20}],"player_experience":761552,"relics_obtained":[{"floor":7,"key":"Centennial Puzzle"},{"floor":9,"key":"MawBank"}],"event_choices":[{"event_name":"Accursed Blacksmith","player_choice":"Forge","floor":2.0,"damage_taken":0.0},{"event_name":"Liars Game","player_choice":"disagreed","floor":4.0,"damage_taken":0.0},{"event_name":"Bonfire Elementals","player_choice":"BASIC","floor":5.0,"damage_taken":0.0},{"event_name":"Golden Idol","player_choice":"Ignored","floor":14,"damage_taken":0},{"event_name":"Back to Basics","player_choice":"Elegance","floor":19,"damage_taken":0},{"event_name":"Masked Bandits","player_choice":"Fought Bandits","floor":22,"damage_taken":0}],"is_beta":true,"boss_relics":[{"not_picked":["Calling Bell","Snecko Eye"],"picked":"Black Blood"}],"items_purged_floors":[],"is_endless":false,"potions_floor_spawned":[3,7,8],"ascension_level":15}