{"gold_per_floor":[11,11,26,42,42,42,68,12,12,12,33,60,60,60,60,153,153,176,176,176,176,197,197,237,126,126,126,170,170,195,95,95,194,194,212,226,247,260,276,276],"floor_reached":40,"playtime":1896,"items_purged":["Strike_B","Defend_B"],"score":864,"play_id":"137f7605-1377-4b96-a493-18d5bccce14f","local_time":"20190714155827","is_ascension_mode":true,"campfire_choices":[{"data":"Defragment","floor":6.0,"key":"SMITH"},{"data":"Coolheaded","floor":10.0,"key":"SMITH"},{"data":"Defragment","floor":15.0,"key":"SMITH"},{"data":"Blizzard","floor":23.0,"key":"SMITH"},{"floor":29,"key":"REST"},{"data":"Capacitor","floor":32,"key":"SMITH"}],"neow_cost":"NO_GOLD","seed_source_timestamp":479680684569393,"circlet_count":0,"master_deck":["AscendersBane","Defend_B+1","Defend_B","Zap+1","Dualcast","Sweeping Beam","Ball Lightning","Defragment+1","Glacier+1","Coolheaded+1","Compile Driver","Defragment+1","Coolheaded","Blizzard+1","Redo+1","Capacitor+1","Self Repair","Fission","Skim+1","Redo+1"],"special_seed":0,"relics":["Cracked Core","Ginger","Anchor","Bottled Tornado","Odd Mushroom","War Paint","Golden Idol","Empty Cage","Pear","Gremlin Horn","Blood Vial","Black Star"],"potions_floor_usage":[24,35,35,36,40],"damage_taken":[{"damage":1.0,"enemies":"2 Louse","floor":1.0,"turns":2.0},{"damage":0.0,"enemies":"Cultist","floor":3.0,"turns":3.0},{"damage":7.0,"enemies":"Small Slimes","floor":4.0,"turns":2.0},{"damage":8.0,"enemies":"3 Sentries","floor":7.0,"turns":5.0},{"damage":6.0,"enemies":"The Mushroom Lair","floor":11.0,"turns":5.0},{"damage":5.0,"enemies":"Lagavulin","floor":12.0,"turns":5.0},{"damage":22.0,"enemies":"Slime Boss","floor":16.0,"turns":9.0},{"damage":0.0,"enemies":"Spheric Guardian","floor":18.0,"turns":4.0},{"damage":0.0,"enemies":"Chosen","floor":22.0,"turns":5.0},{"damage":36,"enemies":"Gremlin Leader","floor":24,"turns":5},{"damage":10,"enemies":"Book of Stabbing","floor":28,"turns":8},{"damage":11,"enemies":"Shelled Parasite and Fungi","floor":30,"turns":8},{"damage":6,"enemies":"Champ","floor":33,"turns":14},{"damage":9,"enemies":"Orb Walker","floor":35,"turns":4},{"damage":1,"enemies":"3 Shapes","floor":36,"turns":6},{"damage":10,"enemies":"Spire Growth","floor":37,"turns":7},{"damage":26,"enemies":"Sphere and 2 Shapes","floor":38,"turns":7},{"damage":22,"enemies":"4 Shapes","floor":39,"turns":7},{"damage":43,"enemies":"Giant Head","floor":40,"turns":15}],"seed_played":"8943757248963619802","potions_obtained":[{"floor":3.0,"key":"Fire Potion"},{"floor":4.0,"key":"Weak Potion"},{"floor":11.0,"key":"FearPotion"},{"floor":12.0,"key":"PowerPotion"},{"floor":30,"key":"Weak Potion"},{"floor":33,"key":"Fire Potion"},{"floor":35,"key":"SkillPotion"},{"floor":39,"key":"Block Potion"}],"is_trial":false,"path_per_floor":["M","?","M","M","?","R","E","$","T","R","?","E","?","$","R","B",null,"M","?","?","?","M","R","E","$","T","?","E","R","M","$","R","B",null,"M","M","M","M","M","E"],"character_chosen":"DEFECT","items_purchased":["Compile Driver","Capacitor"],"campfire_rested":1,"item_purchase_floors":[8,25],"current_hp_per_floor":[63,63,63,56,56,56,48,48,48,48,42,37,37,37,37,15,52,52,52,52,52,52,52,26,26,26,26,16,38,36,36,36,39,65,65,73,71,54,41,0],"gold":276,"neow_bonus":"ONE_RARE_RELIC","is_prod":false,"is_daily":false,"chose_seed":false,"campfire_upgraded":5,"win_rate":0,"timestamp":1563087507,"path_taken":["M","?","M","?","?","R","E","?","T","R","?","E","?","?","R","BOSS","M","?","?","?","M","R","E","$","T","?","E","R","?","?","R","BOSS","M","M","M","M","M","E"],"build_version":"2019-07-05","purchased_purges":2,"victory":false,"max_hp_per_floor":[71,71,71,71,71,71,71,71,71,71,71,71,64,64,64,64,64,64,64,64,64,64,64,74,74,74,74,74,74,74,74,74,74,74,74,74,74,74,74,74],"card_choices":[{"not_picked":["Skim","Ball Lightning"],"picked":"Sweeping Beam","floor":1.0},{"not_picked":["Beam Cell","Redo"],"picked":"Ball Lightning","floor":3.0},{"not_picked":["Scrape","Doom and Gloom"],"picked":"Defragment","floor":4.0},{"not_picked":["Rebound","Compile Driver"],"picked":"Coolheaded","floor":7.0},{"not_picked":["Auto Shields","Stack"],"picked":"Defragment","floor":11.0},{"not_picked":["Sweeping Beam","Buffer"],"picked":"Coolheaded","floor":12.0},{"not_picked":["Go for the Eyes","Beam Cell","Sweeping Beam+1"],"picked":"SKIP","floor":18.0},{"not_picked":["Conserve Battery","Barrage+1"],"picked":"Redo+1","floor":22.0},{"not_picked":["Chaos","Hologram","Seek"],"picked":"SKIP","floor":24},{"not_picked":["Rebound","Heatsinks"],"picked":"Self Repair","floor":28},{"not_picked":["Consume","White Noise","Blizzard"],"picked":"SKIP","floor":30},{"not_picked":["Meteor Strike","All For One"],"picked":"Fission","floor":33},{"not_picked":["Hologram","Sweeping Beam","Melter+1"],"picked":"SKIP","floor":35},{"not_picked":["Stack","Force Field"],"picked":"Skim+1","floor":36},{"not_picked":["Gash","Tempest"],"picked":"Redo+1","floor":37},{"not_picked":["Conserve Battery","Gash+1","Rebound"],"picked":"SKIP","floor":38},{"not_picked":["Ball Lightning","Leap","Hello World+1"],"picked":"SKIP","floor":39}],"player_experience":988859,"relics_obtained":[{"floor":7.0,"key":"Anchor"},{"floor":9.0,"key":"Bottled Tornado"},{"floor":11.0,"key":"Odd Mushroom"},{"floor":12.0,"key":"War Paint"},{"floor":24,"key":"Pear"},{"floor":26,"key":"Gremlin Horn"},{"floor":28,"key":"Blood Vial"}],"event_choices":[{"damage_healed":0.0,"max_hp_gain":0.0,"max_hp_loss":0.0,"gold_gain":0.0,"event_name":"Accursed Blacksmith","player_choice":"Forge","floor":2.0,"gold_loss":0.0,"damage_taken":0.0,"cards_upgraded":["Zap"]},{"damage_healed":0.0,"max_hp_gain":0.0,"max_hp_loss":0.0,"gold_gain":0.0,"cards_transformed":["Strike_B"],"event_name":"Transmorgrifier","player_choice":"Transformed","floor":5.0,"gold_loss":0.0,"damage_taken":0.0,"cards_obtained":["Glacier"]},{"damage_healed":0.0,"max_hp_gain":0.0,"max_hp_loss":0.0,"gold_gain":0.0,"event_name":"Mushrooms","player_choice":"Fought Mushrooms","floor":11.0,"gold_loss":0.0,"damage_taken":0.0},{"damage_healed":0.0,"max_hp_gain":0.0,"max_hp_loss":7.0,"gold_gain":0.0,"event_name":"Golden Idol","player_choice":"Lose Max HP","floor":13.0,"gold_loss":0.0,"damage_taken":0.0,"relics_obtained":["Golden Idol"]},{"damage_healed":0.0,"max_hp_gain":0.0,"max_hp_loss":0.0,"gold_gain":0.0,"event_name":"The Library","player_choice":"Read","floor":19.0,"gold_loss":0.0,"damage_taken":0.0,"cards_obtained":["Blizzard"]},{"damage_healed":0.0,"max_hp_gain":0.0,"max_hp_loss":0.0,"gold_gain":0.0,"event_name":"The Mausoleum","player_choice":"Ignored","floor":20.0,"gold_loss":0.0,"damage_taken":0.0},{"damage_healed":0.0,"max_hp_gain":0.0,"max_hp_loss":0.0,"gold_gain":0.0,"event_name":"Cursed Tome","player_choice":"Ignored","floor":21.0,"gold_loss":0.0,"damage_taken":0.0},{"cards_removed":["Strike_B"],"damage_healed":0,"gold_gain":0,"player_choice":"Purged","damage_taken":0,"max_hp_gain":0,"max_hp_loss":0,"event_name":"Purifier","floor":27,"gold_loss":0}],"is_beta":false,"boss_relics":[{"not_picked":["Coffee Dripper","Velvet Choker"],"picked":"Empty Cage"},{"not_picked":["Fusion Hammer","Lizard Tail"],"picked":"Black Star"}],"items_purged_floors":[25,31],"is_endless":false,"potions_floor_spawned":[3,4,11,12,30,33,35,39],"killed_by":"Giant Head","ascension_level":20}