{"gold_per_floor":[114,114,129,129,129,129,164,164,164,177,212,230,230,271,271,397,397,415,415,415,274,294,334,348,348,348,348,377,377,24,42,42,143,143,161,261,312,332,332,332,332,344,344,344,360,360,392,614,614,614,614,614,3,38,38],"floor_reached":56,"playtime":7478,"items_purged":["Rampage","Rampage+1"],"score":1666,"play_id":"e01debc1-d3f5-4155-b592-6382fdba14fa","local_time":"20190724163231","is_ascension_mode":true,"campfire_choices":[{"data":"Bash","floor":6.0,"key":"SMITH"},{"data":"Rampage","floor":8.0,"key":"SMITH"},{"data":"Limit Break","floor":13.0,"key":"SMITH"},{"floor":15.0,"key":"REST"},{"floor":25.0,"key":"REST"},{"data":"Battle Trance","floor":29,"key":"SMITH"},{"floor":32,"key":"REST"},{"data":"Shockwave","floor":40,"key":"SMITH"},{"floor":44,"key":"RECALL"},{"floor":49,"key":"DIG"},{"floor":52,"key":"REST"}],"neow_cost":"NONE","seed_source_timestamp":1166280176630700,"circlet_count":0,"master_deck":["Flex","Limit Break+1","Shrug It Off","Inflame","Armaments","Reaper","Dropkick","Evolve","Armaments","Reaper","Cleave","Hemokinesis","Entrench","Headbutt","J.A.X.","Battle Trance+1","Battle Trance+1","Heavy Blade+1","Corruption+1","Feel No Pain+1","Ghostly Armor","Limit Break","Shockwave+1","Havoc","Warcry","Body Slam+1","Enlightenment","Entrench","Exhume","Corruption+1","Impervious"],"special_seed":0,"relics":["Burning Blood","NeowsBlessing","Bloody Idol","Bronze Scales","Shovel","Bag of Preparation","The Courier","Pandora\u0027s Box","Nilry\u0027s Codex","Juzu Bracelet","Frozen Egg 2","Red Mask","Dead Branch","Philosopher\u0027s Stone","Prayer Wheel","Torii","Bag of Marbles","Blood Vial","Gambling Chip","Centennial Puzzle","Dodecahedron"],"potions_floor_usage":[50,55],"damage_taken":[{"damage":0.0,"enemies":"Cultist","floor":1.0,"turns":1.0},{"damage":0.0,"enemies":"Jaw Worm","floor":3.0,"turns":1.0},{"damage":0.0,"enemies":"3 Sentries","floor":7.0,"turns":1.0},{"damage":0.0,"enemies":"Small Slimes","floor":10.0,"turns":3.0},{"damage":40.0,"enemies":"Lagavulin","floor":11.0,"turns":6.0},{"damage":5.0,"enemies":"2 Fungi Beasts","floor":12.0,"turns":4.0},{"damage":32.0,"enemies":"3 Sentries","floor":14.0,"turns":7.0},{"damage":23.0,"enemies":"Hexaghost","floor":16.0,"turns":9.0},{"damage":11.0,"enemies":"Chosen","floor":18.0,"turns":5.0},{"damage":48.0,"enemies":"Shell Parasite","floor":22.0,"turns":5.0},{"damage":78.0,"enemies":"Book of Stabbing","floor":23.0,"turns":4.0},{"damage":27.0,"enemies":"Snake Plant","floor":24.0,"turns":2.0},{"damage":25,"enemies":"Masked Bandits","floor":28,"turns":5},{"damage":12,"enemies":"Shelled Parasite and Fungi","floor":31,"turns":3},{"damage":55,"enemies":"Collector","floor":33,"turns":6},{"damage":6,"enemies":"3 Darklings","floor":35,"turns":3},{"damage":3,"enemies":"Mind Bloom Boss Battle","floor":36,"turns":6},{"damage":23,"enemies":"2 Orb Walkers","floor":37,"turns":4},{"damage":6,"enemies":"Orb Walker","floor":38,"turns":4},{"damage":24,"enemies":"Jaw Worm Horde","floor":42,"turns":3},{"damage":8,"enemies":"4 Shapes","floor":45,"turns":4},{"damage":24,"enemies":"Nemesis","floor":47,"turns":6},{"damage":96,"enemies":"Awakened One","floor":50,"turns":7},{"damage":46,"enemies":"Shield and Spear","floor":54,"turns":4},{"damage":49,"enemies":"The Heart","floor":55,"turns":6}],"seed_played":"3432246757129594206","potions_obtained":[{"floor":3.0,"key":"Weak Potion"},{"floor":14.0,"key":"Block Potion"},{"floor":16.0,"key":"PowerPotion"},{"floor":23.0,"key":"GamblersBrew"},{"floor":24.0,"key":"Dexterity Potion"},{"floor":28,"key":"Ancient Potion"},{"floor":42,"key":"Swift Potion"},{"floor":47,"key":"AttackPotion"},{"floor":54,"key":"Strength Potion"}],"is_trial":false,"path_per_floor":["M","$","M","?","?","R","E","R","T","M","E","M","R","E","R","B",null,"M","?","?","$","M","E","M","R","T","?","?","R","$","M","R","B",null,"M","?","?","M","?","R","?","M","T","R","M","?","E","?","R","B",null,"R","$","E","B",null],"character_chosen":"IRONCLAD","items_purchased":["SteroidPotion","FearPotion","Corruption+1","Dead Branch","Feel No Pain+1","Gambling Chip","Exhume","Corruption+1","SteroidPotion","Centennial Puzzle"],"campfire_rested":4,"item_purchase_floors":[21,21,30,30,30,53,53,53,53,53],"current_hp_per_floor":[78,78,80,60,60,60,66,66,66,72,38,39,39,13,37,20,65,75,75,59,59,48,46,25,49,49,49,46,46,46,45,69,48,72,80,80,80,80,75,75,75,80,80,80,80,80,80,80,80,25,66,80,80,80,80],"gold":38,"neow_bonus":"THREE_ENEMY_KILL","is_prod":false,"is_daily":false,"chose_seed":false,"campfire_upgraded":5,"win_rate":0,"timestamp":1564011151,"path_taken":["M","?","M","?","?","R","E","R","T","M","E","M","R","E","R","BOSS","M","?","?","$","M","E","M","R","T","?","?","R","$","M","R","BOSS","M","?","?","M","?","R","?","M","T","R","M","?","E","?","R","BOSS","R","$","E","BOSS"],"build_version":"2019-07-18","purchased_purges":2,"victory":true,"max_hp_per_floor":[80,80,80,80,80,80,80,80,80,80,80,80,80,80,80,80,80,80,80,80,80,80,80,80,80,80,80,80,80,80,80,80,80,80,80,80,80,80,80,80,80,80,80,80,80,80,80,80,80,80,80,80,80,80,80],"card_choices":[{"not_picked":["Bloodletting","Clash"],"picked":"Flex","floor":1.0},{"not_picked":["Havoc","Body Slam"],"picked":"Rampage","floor":3.0},{"not_picked":["Entrench","Heavy Blade","Perfected Strike"],"picked":"SKIP","floor":7.0},{"not_picked":["Blood for Blood","Power Through"],"picked":"Limit Break","floor":10.0},{"not_picked":["Perfected Strike","Cleave"],"picked":"Shrug It Off","floor":11.0},{"not_picked":["Flex","Shrug It Off"],"picked":"Inflame","floor":12.0},{"not_picked":["Sword Boomerang","Fiend Fire"],"picked":"Armaments","floor":14.0},{"not_picked":["Feed","Dark Embrace"],"picked":"Reaper","floor":16.0},{"not_picked":["Flame Barrier","Armaments"],"picked":"Headbutt","floor":18.0},{"not_picked":["Blood for Blood","True Grit+1"],"picked":"Battle Trance+1","floor":22.0},{"not_picked":["Twin Strike+1","Barricade","Heavy Blade"],"picked":"SKIP","floor":23.0},{"not_picked":["Infernal Blade","Uppercut+1"],"picked":"Battle Trance","floor":24.0},{"not_picked":["Evolve+1","Clothesline"],"picked":"Heavy Blade+1","floor":28},{"not_picked":["Headbutt","Sword Boomerang"],"picked":"Ghostly Armor","floor":31},{"not_picked":["Berserk+1","Feed"],"picked":"Limit Break","floor":33},{"not_picked":["Disarm+1","Dropkick+1"],"picked":"Shockwave","floor":35},{"not_picked":["Body Slam","Flex+1"],"picked":"Havoc","floor":36},{"not_picked":["Iron Wave","Whirlwind+1"],"picked":"Warcry","floor":37},{"not_picked":["Clash","Flame Barrier"],"picked":"Body Slam+1","floor":38},{"not_picked":["Iron Wave","Blood for Blood","Fire Breathing+1"],"picked":"SKIP","floor":38},{"not_picked":["Mind Blast","Madness"],"picked":"Enlightenment","floor":39},{"not_picked":["Blood for Blood","Cleave+1","Infernal Blade+1"],"picked":"SKIP","floor":42},{"not_picked":["Headbutt","Sword Boomerang","Uppercut"],"picked":"SKIP","floor":42},{"not_picked":["Armaments+1","Thunderclap","Headbutt+1"],"picked":"SKIP","floor":45},{"not_picked":["Twin Strike+1","Headbutt","Metallicize+1"],"picked":"SKIP","floor":45},{"not_picked":["Blood for Blood+1","Armaments+1"],"picked":"Entrench","floor":47},{"not_picked":["Anger","Headbutt+1"],"picked":"Impervious","floor":54}],"player_experience":174983,"relics_obtained":[{"floor":7.0,"key":"Bronze Scales"},{"floor":9.0,"key":"Shovel"},{"floor":11.0,"key":"Bag of Preparation"},{"floor":14.0,"key":"The Courier"},{"floor":20.0,"key":"Nilry\u0027s Codex"},{"floor":23.0,"key":"Juzu Bracelet"},{"floor":26.0,"key":"Frozen Egg 2"},{"floor":28,"key":"Red Mask"},{"floor":36,"key":"Prayer Wheel"},{"floor":37,"key":"Torii"},{"floor":47,"key":"Bag of Marbles"},{"floor":49,"key":"Blood Vial"},{"floor":54,"key":"Dodecahedron"}],"event_choices":[{"damage_healed":0.0,"max_hp_gain":0.0,"max_hp_loss":0.0,"gold_gain":0.0,"event_name":"Golden Idol","player_choice":"Take Damage","floor":4.0,"gold_loss":0.0,"damage_taken":20.0,"relics_obtained":["Golden Idol"]},{"damage_healed":0.0,"max_hp_gain":0.0,"max_hp_loss":0.0,"gold_gain":0.0,"event_name":"Liars Game","player_choice":"Ignored","floor":5.0,"gold_loss":0.0,"damage_taken":0.0},{"damage_healed":0.0,"max_hp_gain":0.0,"max_hp_loss":0.0,"gold_gain":0.0,"event_name":"Drug Dealer","player_choice":"Obtain J.A.X.","floor":19.0,"gold_loss":0.0,"damage_taken":0.0,"cards_obtained":["J.A.X."]},{"damage_healed":0.0,"max_hp_gain":0.0,"max_hp_loss":0.0,"gold_gain":0.0,"event_name":"Cursed Tome","player_choice":"Obtained Book","floor":20.0,"gold_loss":0.0,"damage_taken":16.0},{"damage_healed":0.0,"max_hp_gain":0.0,"max_hp_loss":0.0,"gold_gain":0.0,"event_name":"Forgotten Altar","player_choice":"Gave Idol","floor":27.0,"relics_lost":["Golden Idol"],"gold_loss":0.0,"damage_taken":0.0,"relics_obtained":["Bloody Idol"]},{"damage_healed":0,"gold_gain":0,"player_choice":"Fought Bandits","damage_taken":0,"max_hp_gain":0,"max_hp_loss":0,"event_name":"Masked Bandits","floor":28,"gold_loss":0},{"damage_healed":0,"gold_gain":0,"player_choice":"Fight","damage_taken":0,"max_hp_gain":0,"max_hp_loss":0,"event_name":"MindBloom","floor":36,"gold_loss":0},{"damage_healed":0,"gold_gain":0,"player_choice":"Fight","damage_taken":0,"max_hp_gain":0,"max_hp_loss":0,"event_name":"Mysterious Sphere","floor":37,"gold_loss":0},{"damage_healed":0,"gold_gain":0,"player_choice":"Memory 2","damage_taken":5,"max_hp_gain":0,"max_hp_loss":0,"event_name":"SensoryStone","floor":39,"gold_loss":0},{"cards_removed":["Bash"],"damage_healed":0,"gold_gain":0,"player_choice":"Removed Attack","damage_taken":0,"max_hp_gain":0,"max_hp_loss":0,"event_name":"Falling","floor":41,"gold_loss":0},{"cards_removed":["Searing Blow"],"damage_healed":0,"gold_gain":0,"player_choice":"Offered Uncommon","damage_taken":0,"max_hp_gain":0,"max_hp_loss":0,"event_name":"Bonfire Elementals","floor":46,"gold_loss":0},{"damage_healed":0,"gold_gain":222,"player_choice":"Wore Mask","damage_taken":0,"max_hp_gain":0,"max_hp_loss":0,"event_name":"Tomb of Lord Red Mask","floor":48,"gold_loss":0}],"is_beta":true,"boss_relics":[{"not_picked":["Black Blood","Fusion Hammer"],"picked":"Pandora\u0027s Box"},{"not_picked":["Tiny House","White Beast Statue"],"picked":"Philosopher\u0027s Stone"}],"items_purged_floors":[21,53],"is_endless":false,"potions_floor_spawned":[3,14,16,23,24,28,42,47,54],"ascension_level":9}