{"path_per_floor":["M","M","T","?","M","E","R","E","T","M","R","M","R","E","R","B",null,"M","M","$","?","?","R","E","R","T","M","R","M","E","?","R","B",null,"M","?","?","?","M","E","M","R","T","R","E","M","M","$","R","B"],"character_chosen":"IRONCLAD","items_purchased":["Blue Candle","Bottled Lightning","Vajra"],"gold_per_floor":[113,125,125,75,94,129,129,163,163,180,180,194,194,224,224,328,328,344,362,26,26,26,26,54,54,54,72,72,92,125,125,125,229,229,249,249,349,349,363,391,402,402,426,426,454,474,486,4,4,4],"floor_reached":51,"campfire_rested":3,"playtime":2987,"current_hp_per_floor":[73,76,76,76,73,49,49,31,31,31,55,52,52,39,39,35,69,67,65,65,65,65,65,35,59,59,64,64,55,45,29,68,72,78,80,80,80,70,64,67,65,65,65,65,47,75,74,74,74,68],"items_purged":["Strike_R","Defend_R"],"gold":4,"score":878,"play_id":"37fe6e0f-adc3-434c-bc17-2bb6ec81d478","is_prod":false,"is_daily":false,"is_ascension_mode":true,"campfire_upgraded":8,"path_taken":["M","M","?","?","?","E","R","E","T","M","R","M","R","E","R","BOSS","M","M","$","?","?","R","E","R","T","M","R","M","E","?","R","BOSS","M","?","?","?","M","E","M","R","T","R","E","M","M","$","R","BOSS"],"build_version":"2018-02-15-PROD1","purchased_purges":2,"victory":true,"master_deck":["Strike_R+1","Strike_R","Defend_R+1","Defend_R","Defend_R","Bash+1","Spot Weakness+1","Thunderclap","Pommel Strike+1","Battle Trance+1","Shrug It Off+1","Twin Strike","Inflame+1","Reaper","Headbutt+1","Heavy Blade+1","True Grit+1","Writhe","Necronomicurse","Offering","Madness+1","Madness+1","Headbutt+1","Parasite","Offering+1"],"max_hp_per_floor":[80,80,80,80,80,80,80,80,80,80,80,80,80,80,80,80,80,80,80,80,80,80,80,80,80,80,80,80,80,80,80,80,80,80,80,80,80,80,80,80,80,80,80,80,80,80,80,80,80,80],"relics":["Burning Blood","Ice Cream","Ornamental Fan","Whetstone","Pen Nib","Art of War","Cursed Key","Blue Candle","Juzu Bracelet","Regal Pillow","Ancient Tea Set","Necronomicon","Black Star","War Paint","Blood Vial","Bag of Preparation","Happy Flower","Lantern","Bottled Lightning","Vajra"],"card_choices":[{"not_picked":["Reckless Charge","Combust"],"picked":"Spot Weakness"},{"not_picked":["Rage","Uppercut"],"picked":"Thunderclap"},{"not_picked":["Body Slam","Dual Wield"],"picked":"Pommel Strike"},{"not_picked":["Wild Strike","Intimidate"],"picked":"Battle Trance"},{"not_picked":["Battle Trance","Warcry"],"picked":"Shrug It Off"},{"not_picked":["Wild Strike","Hemokinesis"],"picked":"Twin Strike"},{"not_picked":["Anger","Body Slam"],"picked":"Inflame"},{"not_picked":["Immolate","Barricade"],"picked":"Reaper"},{"not_picked":["Warcry","Shrug It Off"],"picked":"Headbutt"},{"not_picked":["Spot Weakness","Shrug It Off"],"picked":"True Grit"},{"not_picked":["Fiend Fire","Immolate"],"picked":"Offering"},{"not_picked":["Havoc","Clash"],"picked":"Headbutt"},{"not_picked":["Flame Barrier","Entrench"],"picked":"Offering"}],"player_experience":330179,"potions_floor_usage":[30,40,41,46,50,50],"damage_taken":[{"damage":5.0,"enemies":"Cultist","floor":1.0,"turns":4.0},{"damage":3.0,"enemies":"2 Louse","floor":2.0,"turns":4.0},{"damage":9.0,"enemies":"Jaw Worm","floor":5.0,"turns":5.0},{"damage":30.0,"enemies":"Lagavulin","floor":6.0,"turns":5.0},{"damage":24.0,"enemies":"Gremlin Nob","floor":8.0,"turns":4.0},{"damage":6.0,"enemies":"Blue Slaver","floor":10.0,"turns":4.0},{"damage":9.0,"enemies":"Gremlin Gang","floor":12.0,"turns":4.0},{"damage":19.0,"enemies":"3 Sentries","floor":14.0,"turns":4.0},{"damage":10.0,"enemies":"Slime Boss","floor":16.0,"turns":7.0},{"damage":8.0,"enemies":"Chosen","floor":18.0,"turns":4.0},{"damage":21.0,"enemies":"2 Thieves","floor":19.0,"turns":3.0},{"damage":36.0,"enemies":"Book of Stabbing","floor":24.0,"turns":5.0},{"damage":1.0,"enemies":"Sentry and Sphere","floor":27.0,"turns":3.0},{"damage":15,"enemies":"Snake Plant","floor":29,"turns":3},{"damage":36,"enemies":"Slavers","floor":30,"turns":4},{"damage":26,"enemies":"Champ","floor":33,"turns":6},{"damage":18,"enemies":"3 Darklings","floor":35,"turns":2},{"damage":12,"enemies":"Orb Walker","floor":39,"turns":3},{"damage":18,"enemies":"Giant Head","floor":40,"turns":5},{"damage":22,"enemies":"3 Darklings","floor":41,"turns":5},{"damage":48,"enemies":"2 Orb Walkers","floor":45,"turns":4},{"damage":12,"enemies":"4 Shapes","floor":46,"turns":2},{"damage":21,"enemies":"Maw","floor":47,"turns":4},{"damage":20,"enemies":"Donu and Deca","floor":50,"turns":3}],"event_choices":[{"event_name":"The Cleric","player_choice":"Card Removal","floor":4.0,"damage_taken":0.0},{"event_name":"Beggar","player_choice":"Ignored","floor":21.0,"damage_taken":0.0},{"event_name":"The Library","player_choice":"Read","floor":22.0,"damage_taken":0.0},{"event_name":"Cursed Tome","player_choice":"Obtained Book","floor":31,"damage_taken":0},{"event_name":"Golden Shrine","player_choice":"Pray","floor":37,"damage_taken":0},{"event_name":"Winding Halls","player_choice":"Embrace Madness","floor":38,"damage_taken":0}],"boss_relics":[{"not_picked":["Eternal Feather","Philosopher\u0027s Stone"],"picked":"Black Star"}],"potions_floor_spawned":[1,2,8,12,14,18,24,29,30,39,45,47],"seed_played":"1546862188686257287","ascension_level":9,"is_trial":false}