{"gold_per_floor":[115,115,165,7,20,20,20,64,88,88,121,46,46],"floor_reached":13,"playtime":198,"items_purged":["Strike_R"],"score":228,"play_id":"38d34fee-0167-4cae-8c0c-79ad9068fa42","local_time":"20190721131854","is_ascension_mode":true,"campfire_choices":[{"data":"Feed","floor":10,"key":"SMITH"}],"neow_cost":"NONE","seed_source_timestamp":231226946776773,"circlet_count":0,"master_deck":["AscendersBane","Strike_R","Strike_R","Strike_R","Strike_R","Defend_R","Defend_R","Defend_R","Defend_R","Bash","Iron Wave","Feed+1","Clash","Cleave","Offering"],"special_seed":0,"relics":["Burning Blood","NeowsBlessing","Blue Candle","Golden Idol","Calipers","Strawberry","Question Card"],"potions_floor_usage":[13,13],"damage_taken":[{"damage":0.0,"enemies":"2 Louse","floor":1.0,"turns":1.0},{"damage":0,"enemies":"Jaw Worm","floor":5,"turns":1},{"damage":0,"enemies":"3 Sentries","floor":8,"turns":2},{"damage":46,"enemies":"Gremlin Nob","floor":11,"turns":5},{"damage":26,"enemies":"Lagavulin","floor":13,"turns":4}],"seed_played":"4524884447692983385","potions_obtained":[{"floor":1.0,"key":"Explosive Potion"},{"floor":8,"key":"SpeedPotion"}],"is_trial":false,"path_per_floor":["M","?","?","$","M","?","$","E","T","R","E","$","E"],"character_chosen":"IRONCLAD","items_purchased":["Feed"],"campfire_rested":0,"item_purchase_floors":[4],"current_hp_per_floor":[74,69,62,62,71,44,44,53,60,60,24,24,0],"gold":46,"neow_bonus":"THREE_ENEMY_KILL","is_prod":false,"is_daily":false,"chose_seed":false,"campfire_upgraded":1,"win_rate":0,"timestamp":1563682734,"path_taken":["M","?","?","$","?","?","$","E","T","R","E","?","E"],"build_version":"2019-07-17","purchased_purges":1,"victory":false,"max_hp_per_floor":[75,75,75,75,78,78,78,81,88,88,92,92,92],"card_choices":[{"not_picked":["Anger","Flex"],"picked":"Iron Wave","floor":1.0},{"not_picked":["Body Slam","Burning Pact"],"picked":"Clash","floor":5},{"not_picked":["Bloodletting","Flex"],"picked":"Cleave","floor":8},{"not_picked":["Bloodletting","Twin Strike"],"picked":"Offering","floor":11}],"player_experience":1002803,"relics_obtained":[{"floor":8,"key":"Calipers"},{"floor":9,"key":"Strawberry"},{"floor":11,"key":"Question Card"}],"event_choices":[{"damage_healed":0.0,"max_hp_gain":0.0,"max_hp_loss":0.0,"gold_gain":0.0,"event_name":"Scrap Ooze","player_choice":"Success","floor":2.0,"gold_loss":0.0,"damage_taken":5.0,"relics_obtained":["Blue Candle"]},{"damage_healed":0,"gold_gain":50,"player_choice":"Touch","damage_taken":7,"max_hp_gain":0,"max_hp_loss":0,"event_name":"FaceTrader","floor":3,"gold_loss":0},{"damage_healed":0,"gold_gain":0,"player_choice":"Take Damage","damage_taken":27,"relics_obtained":["Golden Idol"],"max_hp_gain":0,"max_hp_loss":0,"event_name":"Golden Idol","floor":6,"gold_loss":0}],"is_beta":false,"boss_relics":[],"items_purged_floors":[12],"is_endless":false,"potions_floor_spawned":[1,8],"killed_by":"Lagavulin","ascension_level":20}