{"gold_per_floor":[112,132,132,132,23,23,36,56,56,71,89,118,118,146,146,245,245,255,180,191,221,300,300,300,314,314,24,24,41,41,56,56,156,156,176,193,193,209,209,209,209,209,234,251,271,271,146,159,159,159],"floor_reached":50,"playtime":1891,"items_purged":["Writhe","Strike_R+1","Strike_R+1"],"score":554,"play_id":"b851b20d-ff29-4f4c-bd3b-763be0904c8f","local_time":"20190420121948","is_ascension_mode":false,"campfire_choices":[{"data":"Body Slam","floor":6,"key":"SMITH"},{"data":"Body Slam","floor":15,"key":"SMITH"},{"data":"Juggernaut","floor":23,"key":"SMITH"},{"data":"Limit Break","floor":28,"key":"SMITH"},{"data":"Transmutation","floor":32,"key":"SMITH"},{"data":"Berserk","floor":40,"key":"SMITH"},{"data":"Chrysalis","floor":42,"key":"SMITH"},{"data":"Entrench","floor":49,"key":"SMITH"}],"neow_cost":"CURSE","seed_source_timestamp":837584721192549,"circlet_count":0,"master_deck":["Defend_R+1","Defend_R+1","Defend_R+1","Defend_R+1","Bash","Body Slam+1","Warcry","Metallicize","Body Slam+1","Shrug It Off","Inflame","Berserk+1","Iron Wave+1","Juggernaut+1","Sword Boomerang+1","Iron Wave+1","Body Slam+1","Limit Break+1","Transmutation+1","Body Slam+1","Iron Wave+1","Double Tap","Shrug It Off","Thunderclap+1","Iron Wave+1","Headbutt+1","Impervious","Feel No Pain+1","Good Instincts","Chrysalis+1","Good Instincts","Reckless Charge+1","Madness","Madness","Entrench+1"],"relics":["Burning Blood","Thread and Needle","FossilizedHelix","Molten Egg 2","Bronze Scales","Regal Pillow","Sozu","Red Mask","Champion Belt","Ancient Tea Set","Orrery","Oddly Smooth Stone"],"potions_floor_usage":[12,12,33],"damage_taken":[{"damage":2,"enemies":"Cultist","floor":1,"turns":3},{"damage":5,"enemies":"Jaw Worm","floor":2,"turns":4},{"damage":0,"enemies":"Small Slimes","floor":7,"turns":4},{"damage":0,"enemies":"Exordium Wildlife","floor":8,"turns":5},{"damage":0,"enemies":"Lots of Slimes","floor":10,"turns":4},{"damage":0,"enemies":"2 Fungi Beasts","floor":11,"turns":4},{"damage":11,"enemies":"Lagavulin","floor":12,"turns":10},{"damage":8,"enemies":"Gremlin Nob","floor":14,"turns":4},{"damage":9,"enemies":"The Guardian","floor":16,"turns":9},{"damage":0,"enemies":"3 Byrds","floor":18,"turns":3},{"damage":0,"enemies":"Spheric Guardian","floor":20,"turns":3},{"damage":0,"enemies":"Masked Bandits","floor":21,"turns":3},{"damage":0,"enemies":"3 Cultists","floor":25,"turns":5},{"damage":23,"enemies":"Snake Plant","floor":29,"turns":3},{"damage":15,"enemies":"Sentry and Sphere","floor":31,"turns":4},{"damage":53,"enemies":"Automaton","floor":33,"turns":7},{"damage":0,"enemies":"3 Shapes","floor":35,"turns":3},{"damage":16,"enemies":"3 Darklings","floor":36,"turns":5},{"damage":44,"enemies":"Sphere and 2 Shapes","floor":38,"turns":4},{"damage":0,"enemies":"Transient","floor":44,"turns":5},{"damage":0,"enemies":"Maw","floor":45,"turns":6},{"damage":31,"enemies":"Jaw Worm Horde","floor":48,"turns":3},{"damage":59,"enemies":"Donu and Deca","floor":50,"turns":8}],"seed_played":"-3464411079207170912","potions_obtained":[{"floor":7,"key":"Swift Potion"},{"floor":11,"key":"SpeedPotion"},{"floor":16,"key":"SteroidPotion"}],"is_trial":false,"path_per_floor":["M","M","?","?","$","R","M","M","T","M","M","E","?","E","R","B",null,"M","?","M","?","T","R","?","M","T","$","R","M","?","M","R","B",null,"M","M","?","M","?","R","?","R","T","M","M","?","$","M","R","B"],"character_chosen":"IRONCLAD","items_purchased":["Metallicize","Transmutation"],"campfire_rested":0,"item_purchase_floors":[5,27],"current_hp_per_floor":[80,80,80,77,77,77,80,80,80,80,80,75,68,66,66,63,80,80,80,80,80,80,80,80,80,80,80,80,63,63,54,54,7,80,80,70,70,32,70,70,60,60,60,66,70,61,61,36,36,0],"gold":159,"neow_bonus":"ONE_RARE_RELIC","is_prod":false,"is_daily":false,"chose_seed":false,"campfire_upgraded":8,"win_rate":0,"timestamp":1555780788,"path_taken":["M","?","?","?","?","R","?","M","T","M","M","E","?","E","R","BOSS","M","?","M","?","?","R","?","M","T","$","R","M","?","M","R","BOSS","M","M","?","M","?","R","?","R","T","M","M","?","?","?","R","BOSS"],"build_version":"2019-01-23","purchased_purges":3,"victory":false,"max_hp_per_floor":[80,80,80,80,80,80,80,80,80,80,80,80,80,80,80,80,80,80,80,80,80,80,80,80,80,80,80,80,80,80,80,80,80,80,80,80,80,80,70,70,70,70,70,70,70,70,70,70,70,70],"card_choices":[{"not_picked":["Pommel Strike","Perfected Strike"],"picked":"Body Slam","floor":1},{"not_picked":["Havoc","Shockwave"],"picked":"Warcry","floor":2},{"not_picked":["Metallicize","Rampage"],"picked":"Body Slam","floor":7},{"not_picked":["True Grit","Headbutt"],"picked":"Shrug It Off","floor":8},{"not_picked":["Twin Strike+1","Power Through"],"picked":"Inflame","floor":10},{"not_picked":["Fire Breathing","Whirlwind+1","Sentinel"],"picked":"SKIP","floor":11},{"not_picked":["Power Through","Pummel+1"],"picked":"Berserk","floor":12},{"not_picked":["Heavy Blade+1","Corruption"],"picked":"Iron Wave+1","floor":14},{"not_picked":["Limit Break","Berserk"],"picked":"Juggernaut","floor":16},{"not_picked":["Burning Pact","Heavy Blade+1"],"picked":"Sword Boomerang+1","floor":18},{"not_picked":["Perfected Strike+1","Headbutt+1"],"picked":"Iron Wave+1","floor":20},{"not_picked":["Blood for Blood+1","Rage"],"picked":"Body Slam+1","floor":21},{"not_picked":["Twin Strike+1","Armaments"],"picked":"Limit Break","floor":25},{"not_picked":["Twin Strike+1","Reckless Charge+1"],"picked":"Body Slam+1","floor":29},{"not_picked":["Uppercut+1","Sever Soul+1"],"picked":"Iron Wave+1","floor":31},{"not_picked":["Immolate+1","Berserk"],"picked":"Double Tap","floor":33},{"not_picked":["True Grit","Clothesline+1"],"picked":"Shrug It Off","floor":34},{"not_picked":["Clash+1","Warcry"],"picked":"Thunderclap+1","floor":34},{"not_picked":["Clash+1","Anger+1"],"picked":"Iron Wave+1","floor":34},{"not_picked":["Clash+1","Perfected Strike+1"],"picked":"Headbutt+1","floor":34},{"not_picked":["Dropkick+1","Thunderclap+1"],"picked":"Impervious","floor":35},{"not_picked":["Pommel Strike+1","Flex","Havoc+1"],"picked":"SKIP","floor":36},{"not_picked":["Feed+1","Cleave+1"],"picked":"Feel No Pain+1","floor":38},{"not_picked":["Blind","Thinking Ahead"],"picked":"Good Instincts","floor":41},{"not_picked":["Metamorphosis","Trip"],"picked":"Chrysalis","floor":41},{"not_picked":["Swift Strike+1","PanicButton"],"picked":"Good Instincts","floor":41},{"not_picked":["Perfected Strike+1","Reckless Charge+1","Carnage+1"],"picked":"SKIP","floor":44},{"not_picked":["Perfected Strike+1","Carnage+1"],"picked":"Reckless Charge+1","floor":44},{"not_picked":["Wild Strike+1","Whirlwind+1","Flame Barrier"],"picked":"SKIP","floor":45},{"not_picked":["Power Through+1","Hemokinesis+1"],"picked":"Entrench","floor":48}],"player_experience":781829,"relics_obtained":[{"floor":9,"key":"Molten Egg 2"},{"floor":12,"key":"Bronze Scales"},{"floor":14,"key":"Regal Pillow"},{"floor":21,"key":"Red Mask"},{"floor":26,"key":"Champion Belt"},{"floor":43,"key":"Oddly Smooth Stone"}],"event_choices":[{"damage_healed":0,"gold_gain":0,"cards_transformed":["Strike_R"],"player_choice":"Change","damage_taken":0,"max_hp_gain":0,"max_hp_loss":0,"event_name":"Living Wall","floor":3,"gold_loss":0,"cards_obtained":["Iron Wave"]},{"damage_healed":0,"gold_gain":0,"player_choice":"Success","damage_taken":3,"relics_obtained":["FossilizedHelix"],"max_hp_gain":0,"max_hp_loss":0,"event_name":"Scrap Ooze","floor":4,"gold_loss":0},{"cards_removed":["Strike_R"],"damage_healed":0,"gold_gain":0,"player_choice":"Card Removal","damage_taken":7,"max_hp_gain":0,"max_hp_loss":0,"event_name":"Golden Wing","floor":13,"gold_loss":0},{"cards_removed":["Strike_R"],"damage_healed":0,"gold_gain":0,"player_choice":"Gave Gold","damage_taken":0,"max_hp_gain":0,"max_hp_loss":0,"event_name":"Beggar","floor":19,"gold_loss":75},{"damage_healed":0,"gold_gain":0,"player_choice":"Fought Bandits","damage_taken":0,"max_hp_gain":0,"max_hp_loss":0,"event_name":"Masked Bandits","floor":21,"gold_loss":0},{"damage_healed":0,"gold_gain":0,"player_choice":"Simplicity","damage_taken":0,"max_hp_gain":0,"max_hp_loss":0,"event_name":"Back to Basics","floor":24,"gold_loss":0,"cards_upgraded":["Strike_R","Strike_R","Defend_R","Defend_R","Defend_R","Defend_R"]},{"damage_healed":0,"gold_gain":0,"player_choice":"Opened","damage_taken":0,"relics_obtained":["Ancient Tea Set"],"max_hp_gain":0,"max_hp_loss":0,"event_name":"The Mausoleum","floor":30,"gold_loss":0},{"cards_removed":["Iron Wave"],"damage_healed":0,"gold_gain":0,"player_choice":"Removed Attack","damage_taken":0,"max_hp_gain":0,"max_hp_loss":0,"event_name":"Falling","floor":37,"gold_loss":0},{"damage_healed":70,"gold_gain":0,"player_choice":"Heal","damage_taken":0,"max_hp_gain":0,"max_hp_loss":10,"event_name":"The Moai Head","floor":39,"gold_loss":0},{"damage_healed":0,"gold_gain":0,"player_choice":"Memory 3","damage_taken":10,"max_hp_gain":0,"max_hp_loss":0,"event_name":"SensoryStone","floor":41,"gold_loss":0},{"damage_healed":0,"gold_gain":0,"player_choice":"Embrace Madness","damage_taken":9,"max_hp_gain":0,"max_hp_loss":0,"event_name":"Winding Halls","floor":46,"gold_loss":0,"cards_obtained":["Madness","Madness"]}],"is_beta":false,"boss_relics":[{"not_picked":["Velvet Choker","Runic Cube"],"picked":"Sozu"},{"not_picked":["Snecko Eye","Cursed Key"],"picked":"Orrery"}],"items_purged_floors":[5,27,47],"is_endless":false,"potions_floor_spawned":[7,11,16,20,31,33,36,38,44],"killed_by":"Donu and Deca","ascension_level":0}