{"gold_per_floor":[115,115,165,90,108,108,136,136,161,27,52,52,52,67,67,141,141,151,151,166,166,182,182,182,182,207,227,227,247,247],"floor_reached":30,"playtime":744,"items_purged":["Strike_B","Strike_B"],"score":522,"play_id":"8d3dbe0a-6ac1-47d0-9a23-4f40614d8e34","local_time":"20190227164526","is_ascension_mode":true,"campfire_choices":[{"data":"Zap","floor":6.0,"key":"SMITH"},{"data":"Capacitor","floor":13.0,"key":"SMITH"},{"data":"Fusion","floor":15.0,"key":"SMITH"},{"data":"Redo","floor":23.0,"key":"SMITH"},{"floor":25.0,"key":"REST"},{"floor":28,"key":"REST"}],"neow_cost":"NONE","seed_source_timestamp":67194057119469,"circlet_count":0,"master_deck":["AscendersBane","Defend_B","Defend_B+1","Defend_B","Zap+1","Dualcast+1","FTL","Ball Lightning","Glacier","Capacitor+1","Capacitor","Fusion+1","Core Surge","Electrodynamics+1","Rip and Tear+1","Leap+1","Skim","Redo+1","Ball Lightning"],"special_seed":0,"relics":["Cracked Core","NeowsBlessing","Smiling Mask","War Paint","Orichalcum","The Courier","Astrolabe","MutagenicStrength","Centennial Puzzle"],"potions_floor_usage":[30,30],"damage_taken":[{"damage":0.0,"enemies":"Cultist","floor":1.0,"turns":1.0},{"damage":0.0,"enemies":"2 Louse","floor":5.0,"turns":1.0},{"damage":0.0,"enemies":"Lagavulin","floor":7.0,"turns":1.0},{"damage":21.0,"enemies":"Gremlin Nob","floor":11.0,"turns":4.0},{"damage":7.0,"enemies":"Small Slimes","floor":14.0,"turns":3.0},{"damage":39.0,"enemies":"Hexaghost","floor":16.0,"turns":12.0},{"damage":1.0,"enemies":"3 Byrds","floor":18.0,"turns":3.0},{"damage":15.0,"enemies":"Shell Parasite","floor":20.0,"turns":5.0},{"damage":11.0,"enemies":"Snecko","floor":22.0,"turns":6.0},{"damage":21,"enemies":"Centurion and Healer","floor":27,"turns":4},{"damage":14,"enemies":"Snake Plant","floor":29,"turns":4},{"damage":24,"enemies":"Gremlin Leader","floor":30,"turns":4}],"seed_played":"5057005667050613819","potions_obtained":[{"floor":1.0,"key":"Block Potion"},{"floor":11.0,"key":"FocusPotion"},{"floor":16.0,"key":"PowerPotion"},{"floor":20.0,"key":"PowerPotion"}],"is_trial":false,"path_per_floor":["M","?","?","$","M","R","E","?","T","$","E","T","R","M","R","B",null,"M","?","M","?","M","R","?","R","T","M","R","M","E"],"character_chosen":"DEFECT","items_purchased":["Capacitor"],"campfire_rested":2,"item_purchase_floors":[10],"current_hp_per_floor":[64,69,69,69,69,69,69,69,69,69,48,48,48,41,41,2,58,57,57,42,42,31,31,9,33,33,12,36,22,0],"gold":247,"neow_bonus":"THREE_ENEMY_KILL","is_prod":false,"is_daily":false,"chose_seed":false,"campfire_upgraded":4,"win_rate":0,"timestamp":1551282326,"path_taken":["M","?","?","$","?","R","E","?","T","$","E","?","R","M","R","BOSS","M","?","M","?","M","R","?","R","T","M","R","?","E"],"build_version":"2019-01-23","purchased_purges":2,"victory":false,"max_hp_per_floor":[71,76,76,76,76,76,76,76,76,76,76,76,76,76,76,76,76,76,76,76,76,76,76,81,81,81,81,81,81,81],"card_choices":[{"not_picked":["Reprogram","Reinforced Body"],"picked":"FTL","floor":1.0},{"not_picked":["Barrage","Go for the Eyes"],"picked":"Ball Lightning","floor":5.0},{"not_picked":["Compile Driver","Streamline"],"picked":"Glacier","floor":7.0},{"not_picked":["Thunder Strike","Gash","Capacitor"],"picked":"SKIP","floor":11.0},{"not_picked":["Thunder Strike","Gash"],"picked":"Capacitor","floor":11.0},{"not_picked":["Rebound","Sunder"],"picked":"Fusion","floor":14.0},{"not_picked":["Amplify","All For One"],"picked":"Core Surge","floor":16.0},{"not_picked":["Hologram","Compile Driver"],"picked":"Skim","floor":18.0},{"not_picked":["Stack","Skim"],"picked":"Redo","floor":20.0},{"not_picked":["Doom and Gloom","Static Discharge"],"picked":"Ball Lightning","floor":22.0},{"not_picked":["Stack","Glacier","Leap"],"picked":"SKIP","floor":27},{"not_picked":["Sunder","Beam Cell","Capacitor"],"picked":"SKIP","floor":29}],"player_experience":909479,"relics_obtained":[{"floor":7.0,"key":"Smiling Mask"},{"floor":9.0,"key":"War Paint"},{"floor":11.0,"key":"Orichalcum"},{"floor":12.0,"key":"The Courier"},{"floor":26.0,"key":"Centennial Puzzle"}],"event_choices":[{"damage_healed":0.0,"max_hp_gain":5.0,"max_hp_loss":0.0,"gold_gain":0.0,"event_name":"Big Fish","player_choice":"Donut","floor":2.0,"gold_loss":0.0,"damage_taken":0.0},{"damage_healed":0.0,"max_hp_gain":0.0,"max_hp_loss":0.0,"gold_gain":50.0,"event_name":"Golden Shrine","player_choice":"Pray","floor":3.0,"gold_loss":0.0,"damage_taken":0.0},{"damage_healed":0.0,"max_hp_gain":0.0,"max_hp_loss":0.0,"gold_gain":0.0,"event_name":"Shining Light","player_choice":"Ignored","floor":8.0,"gold_loss":0.0,"damage_taken":0.0},{"damage_healed":0.0,"max_hp_gain":0.0,"max_hp_loss":0.0,"gold_gain":0.0,"event_name":"Drug Dealer","player_choice":"Inject Mutagens","floor":19.0,"gold_loss":0.0,"damage_taken":0.0,"relics_obtained":["MutagenicStrength"]},{"damage_healed":0.0,"max_hp_gain":0.0,"max_hp_loss":0.0,"gold_gain":0.0,"event_name":"Vampires","player_choice":"Ignored","floor":21.0,"gold_loss":0.0,"damage_taken":0.0},{"damage_healed":0.0,"max_hp_gain":5.0,"max_hp_loss":0.0,"gold_gain":0.0,"event_name":"Forgotten Altar","player_choice":"Shed Blood","floor":24.0,"gold_loss":0.0,"damage_taken":27.0}],"is_beta":false,"boss_relics":[{"not_picked":["Snecko Eye","Black Star"],"picked":"Astrolabe"}],"items_purged_floors":[4,10],"is_endless":false,"potions_floor_spawned":[1,11,16,20],"killed_by":"Gremlin Leader","ascension_level":20}