{"gold_per_floor":[16,29,39,52,52,52,81,101,101,101,136,146,146,246,246,246],"floor_reached":16,"playtime":824,"items_purged":[],"score":118,"play_id":"5a0bdae6-f1d1-4c9b-b81e-9246a58ab5d6","local_time":"20190702233325","is_ascension_mode":true,"campfire_choices":[{"data":"Storm","floor":6,"key":"SMITH"},{"data":"Self Repair","floor":10,"key":"SMITH"},{"data":"Rip and Tear","floor":13,"key":"SMITH"},{"data":"Zap","floor":15,"key":"SMITH"}],"neow_cost":"NO_GOLD","seed_source_timestamp":1663274474383657,"circlet_count":0,"master_deck":["Strike_B","Strike_B","Strike_B","Strike_B","Defend_B","Defend_B","Defend_B","Defend_B","Zap+1","Dualcast","Genetic Algorithm","Storm+1","Self Repair+1","Rip and Tear+1"],"relics":["Cracked Core","Boot","Frozen Egg 2","Art of War"],"potions_floor_usage":[7,11],"damage_taken":[{"damage":11,"enemies":"Jaw Worm","floor":1,"turns":4},{"damage":0,"enemies":"Cultist","floor":2,"turns":4},{"damage":1,"enemies":"2 Louse","floor":3,"turns":3},{"damage":6,"enemies":"Blue Slaver","floor":4,"turns":5},{"damage":26,"enemies":"Gremlin Nob","floor":7,"turns":5},{"damage":5,"enemies":"Large Slime","floor":8,"turns":6},{"damage":27,"enemies":"3 Sentries","floor":11,"turns":7},{"damage":3,"enemies":"Red Slaver","floor":12,"turns":4},{"damage":30,"enemies":"The Guardian","floor":16,"turns":8}],"seed_played":"-7576463560489166640","potions_obtained":[{"floor":1,"key":"Swift Potion"},{"floor":4,"key":"SpeedPotion"}],"is_trial":false,"path_per_floor":["M","M","M","M","$","R","E","M","T","R","E","M","R","?","R","B"],"character_chosen":"DEFECT","items_purchased":[],"campfire_rested":0,"item_purchase_floors":[],"current_hp_per_floor":[78,78,77,71,71,71,45,40,40,40,23,30,30,30,30,0],"gold":246,"neow_bonus":"TWENTY_PERCENT_HP_BONUS","is_prod":false,"is_daily":false,"chose_seed":false,"campfire_upgraded":4,"win_rate":0,"timestamp":1562124805,"path_taken":["M","M","M","M","$","R","E","M","T","R","E","M","R","?","R","BOSS"],"build_version":"2019-07-01","purchased_purges":0,"victory":false,"max_hp_per_floor":[89,89,89,89,89,89,89,89,89,89,89,89,89,89,89,89],"card_choices":[{"not_picked":["Barrage","Go for the Eyes"],"picked":"Genetic Algorithm","floor":1},{"not_picked":["Barrage","Redo","Turbo"],"picked":"SKIP","floor":2},{"not_picked":["Coolheaded","BootSequence","Darkness"],"picked":"SKIP","floor":3},{"not_picked":["Go for the Eyes","Reinforced Body"],"picked":"Storm","floor":4},{"not_picked":["Steam Power","Turbo","Compile Driver"],"picked":"SKIP","floor":7},{"not_picked":["Heatsinks","Genetic Algorithm"],"picked":"Self Repair","floor":8},{"not_picked":["Leap","Scrape","Skim"],"picked":"SKIP","floor":11},{"not_picked":["Gash","Go for the Eyes"],"picked":"Rip and Tear","floor":12}],"player_experience":118040,"relics_obtained":[{"floor":7,"key":"Boot"},{"floor":9,"key":"Frozen Egg 2"},{"floor":11,"key":"Art of War"}],"event_choices":[{"damage_healed":0,"gold_gain":100,"player_choice":"Pray","damage_taken":0,"max_hp_gain":0,"max_hp_loss":0,"event_name":"Golden Shrine","floor":14,"gold_loss":0}],"is_beta":false,"boss_relics":[],"items_purged_floors":[],"is_endless":false,"potions_floor_spawned":[1,4],"killed_by":"The Guardian","ascension_level":1}