{"gold_per_floor":[210,32,32,45,56,56,31,31,105,133,133,61,78,107,107,203,203,223,242,167,92,103,103,118,118,142,142,169,169,184,204,204,304,304,314,329,329,348,348,373,116,127,151,0,100,125,125,137,137,137],"floor_reached":51,"playtime":1304,"items_purged":["Bash","Defend_R"],"score":780,"play_id":"1295060d-66eb-45a3-bb40-af42dc3408fb","local_time":"20190730190625","is_ascension_mode":false,"campfire_choices":[{"data":"Twin Strike","floor":6,"key":"SMITH"},{"data":"Heavy Blade","floor":8,"key":"SMITH"},{"data":"Flex","floor":15,"key":"SMITH"},{"data":"Thunderclap","floor":23,"key":"SMITH"},{"data":"Anger","floor":27,"key":"SMITH"},{"data":"Clash","floor":32,"key":"SMITH"},{"data":"Clash","floor":47,"key":"SMITH"},{"data":"Strike_R","floor":49,"key":"SMITH"}],"neow_cost":"NONE","seed_source_timestamp":1643312015710584,"circlet_count":0,"master_deck":["Strike_R+1","Strike_R","Strike_R","Strike_R","Defend_R","Defend_R","Thunderclap+1","Twin Strike+1","Anger+1","Clash+1","Flex+1","Clash+1","Thunderclap+1","Twin Strike+1","Wild Strike+1","Twin Strike+1"],"relics":["Burning Blood","Vajra","Shuriken","Thread and Needle","Gremlin Horn","Busted Crown","MutagenicStrength","Smiling Mask","Charon\u0027s Ashes","Oddly Smooth Stone","Philosopher\u0027s Stone","Anchor","Brimstone","Dream Catcher","Red Mask","Champion Belt","Pen Nib"],"potions_floor_usage":[10,16,33,34,38,50,50,50],"damage_taken":[{"damage":2,"enemies":"2 Louse","floor":1,"turns":4},{"damage":6,"enemies":"Cultist","floor":4,"turns":3},{"damage":7,"enemies":"Small Slimes","floor":5,"turns":2},{"damage":18,"enemies":"Lagavulin","floor":10,"turns":3},{"damage":0,"enemies":"3 Louse","floor":13,"turns":2},{"damage":5,"enemies":"3 Sentries","floor":14,"turns":3},{"damage":51,"enemies":"Hexaghost","floor":16,"turns":6},{"damage":0,"enemies":"Spheric Guardian","floor":18,"turns":2},{"damage":14,"enemies":"2 Thieves","floor":19,"turns":3},{"damage":0,"enemies":"Chosen and Byrds","floor":22,"turns":2},{"damage":12,"enemies":"Snake Plant","floor":24,"turns":2},{"damage":0,"enemies":"Slavers","floor":28,"turns":2},{"damage":4,"enemies":"Snecko","floor":30,"turns":3},{"damage":6,"enemies":"Cultist and Chosen","floor":31,"turns":2},{"damage":13,"enemies":"Collector","floor":33,"turns":5},{"damage":6,"enemies":"Orb Walker","floor":35,"turns":2},{"damage":3,"enemies":"3 Shapes","floor":36,"turns":1},{"damage":0,"enemies":"Transient","floor":38,"turns":5},{"damage":10,"enemies":"Reptomancer","floor":40,"turns":2},{"damage":0,"enemies":"Writhing Mass","floor":42,"turns":2},{"damage":26,"enemies":"Mind Bloom Boss Battle","floor":45,"turns":3},{"damage":0,"enemies":"Sphere and 2 Shapes","floor":48,"turns":2},{"damage":54,"enemies":"Donu and Deca","floor":50,"turns":5}],"seed_played":"-4621334009197264463","potions_obtained":[{"floor":4,"key":"Swift Potion"},{"floor":5,"key":"Dexterity Potion"},{"floor":13,"key":"FearPotion"},{"floor":18,"key":"Poison Potion"},{"floor":22,"key":"GamblersBrew"},{"floor":33,"key":"Fruit Juice"},{"floor":35,"key":"AttackPotion"},{"floor":37,"key":"SteroidPotion"},{"floor":48,"key":"FearPotion"}],"is_trial":false,"path_per_floor":["M","$","?","M","M","R","$","R","T","E","?","$","M","E","R","B",null,"M","M","$","?","M","R","M","?","T","R","E","T","M","M","R","B",null,"M","M","?","M","?","E","$","M","T","?","?","T","R","M","R","B",null],"character_chosen":"IRONCLAD","items_purchased":["Thunderclap","Vajra","Anger","Flex","Clash","Brimstone"],"campfire_rested":0,"item_purchase_floors":[2,2,7,12,12,41],"current_hp_per_floor":[80,80,80,80,79,79,79,79,79,67,60,60,66,67,67,22,80,80,72,72,72,78,78,72,72,72,72,78,78,80,80,80,73,85,85,85,85,85,85,81,81,85,85,85,65,65,65,71,71,23],"gold":137,"neow_bonus":"HUNDRED_GOLD","is_prod":false,"is_daily":false,"chose_seed":false,"campfire_upgraded":8,"win_rate":0,"timestamp":1564527985,"path_taken":["M","$","?","M","M","R","?","R","T","E","?","$","M","E","R","BOSS","M","M","$","?","M","R","M","?","T","R","E","?","M","M","R","BOSS","M","M","?","?","?","E","$","M","T","?","?","?","R","M","R","BOSS"],"build_version":"2019-07-17","purchased_purges":2,"victory":true,"max_hp_per_floor":[80,80,80,80,80,80,80,80,80,80,80,80,80,80,80,80,80,80,80,80,80,80,80,80,80,80,80,80,80,80,80,80,80,85,85,85,85,85,85,85,85,85,85,85,85,85,85,85,85,85],"card_choices":[{"not_picked":["Havoc","Searing Blow"],"picked":"Heavy Blade","floor":1},{"not_picked":["Clothesline","Inflame"],"picked":"Twin Strike","floor":4},{"not_picked":["Flame Barrier","Havoc","Dual Wield"],"picked":"SKIP","floor":5},{"not_picked":["Rampage","Combust"],"picked":"Clash","floor":10},{"not_picked":["Clash","Dark Embrace"],"picked":"Thunderclap","floor":13},{"not_picked":["Dropkick","Whirlwind","Body Slam"],"picked":"SKIP","floor":14},{"not_picked":[],"picked":"Twin Strike+1","floor":18},{"not_picked":["Evolve"],"picked":"SKIP","floor":19},{"not_picked":["Clothesline"],"picked":"SKIP","floor":22},{"not_picked":["Fire Breathing+1"],"picked":"SKIP","floor":24},{"not_picked":["Fire Breathing+1"],"picked":"SKIP","floor":24},{"not_picked":["Battle Trance"],"picked":"SKIP","floor":28},{"not_picked":["Pommel Strike"],"picked":"SKIP","floor":30},{"not_picked":["Evolve"],"picked":"SKIP","floor":31},{"not_picked":[],"picked":"Wild Strike+1","floor":35},{"not_picked":["Disarm+1"],"picked":"SKIP","floor":36},{"not_picked":[],"picked":"Twin Strike+1","floor":38},{"not_picked":["Sentinel+1"],"picked":"SKIP","floor":40},{"not_picked":["Evolve+1"],"picked":"SKIP","floor":42},{"not_picked":["Rupture+1"],"picked":"SKIP","floor":48}],"player_experience":233950,"relics_obtained":[{"floor":9,"key":"Shuriken"},{"floor":10,"key":"Thread and Needle"},{"floor":14,"key":"Gremlin Horn"},{"floor":26,"key":"Smiling Mask"},{"floor":28,"key":"Charon\u0027s Ashes"},{"floor":29,"key":"Oddly Smooth Stone"},{"floor":40,"key":"Anchor"},{"floor":43,"key":"Dream Catcher"},{"floor":45,"key":"Champion Belt"},{"floor":46,"key":"Pen Nib"}],"event_choices":[{"damage_healed":0,"gold_gain":0,"player_choice":"Upgraded","damage_taken":0,"max_hp_gain":0,"max_hp_loss":0,"event_name":"Upgrade Shrine","floor":3,"gold_loss":0,"cards_upgraded":["Thunderclap"]},{"cards_removed":["Defend_R"],"damage_healed":0,"gold_gain":0,"player_choice":"Card Removal","damage_taken":7,"max_hp_gain":0,"max_hp_loss":0,"event_name":"Golden Wing","floor":11,"gold_loss":0},{"cards_removed":["Strike_R"],"damage_healed":0,"gold_gain":0,"player_choice":"Gave Gold","damage_taken":0,"max_hp_gain":0,"max_hp_loss":0,"event_name":"Beggar","floor":21,"gold_loss":75},{"damage_healed":0,"gold_gain":0,"player_choice":"Inject Mutagens","damage_taken":0,"relics_obtained":["MutagenicStrength"],"max_hp_gain":0,"max_hp_loss":0,"event_name":"Drug Dealer","floor":25,"gold_loss":0},{"damage_healed":0,"gold_gain":0,"player_choice":"Got Potions","damage_taken":0,"max_hp_gain":0,"max_hp_loss":0,"event_name":"Lab","floor":37,"gold_loss":0},{"cards_removed":["Heavy Blade"],"damage_healed":0,"gold_gain":0,"player_choice":"Removed Attack","damage_taken":0,"max_hp_gain":0,"max_hp_loss":0,"event_name":"Falling","floor":39,"gold_loss":0},{"damage_healed":0,"gold_gain":0,"player_choice":"Paid","damage_taken":0,"relics_obtained":["Red Mask"],"max_hp_gain":0,"max_hp_loss":0,"event_name":"Tomb of Lord Red Mask","floor":44,"gold_loss":151},{"damage_healed":0,"gold_gain":0,"player_choice":"Fight","damage_taken":0,"max_hp_gain":0,"max_hp_loss":0,"event_name":"MindBloom","floor":45,"gold_loss":0}],"is_beta":false,"boss_relics":[{"not_picked":["Snecko Eye","Orrery"],"picked":"Busted Crown"},{"not_picked":["Empty Cage","Cursed Key"],"picked":"Philosopher\u0027s Stone"}],"items_purged_floors":[20,41],"is_endless":false,"potions_floor_spawned":[4,5,13,18,22,33,35,48],"ascension_level":0}