{"gold_per_floor":[110,110,34,34,48,48,67,67,92,92,106,118,145,145,145,145],"floor_reached":16,"playtime":602,"items_purged":[],"score":170,"play_id":"56b4cddf-f9fd-49de-a7ec-94907cd23f36","local_time":"20190115202129","is_ascension_mode":true,"campfire_choices":[{"data":"Tools of the Trade","floor":6.0,"key":"SMITH"},{"data":"Neutralize","floor":8.0,"key":"SMITH"},{"data":"Footwork","floor":10.0,"key":"SMITH"},{"data":"Night Terror","floor":15,"key":"SMITH"}],"neow_cost":"NONE","seed_source_timestamp":631871125048308,"circlet_count":0,"master_deck":["AscendersBane","Defend_G","Defend_G","Defend_G","Defend_G","Defend_G","Strike_G","Strike_G","Strike_G","Strike_G","Survivor","Neutralize+1","Flechettes","Footwork+1","Tools of the Trade+1","Cloak And Dagger","Dagger Spray","Glass Knife","Night Terror+1"],"special_seed":0,"relics":["Eternal Feather","Strawberry","Question Card","Art of War"],"potions_floor_usage":[13,16],"damage_taken":[{"damage":4.0,"enemies":"Cultist","floor":1.0,"turns":5.0},{"damage":4.0,"enemies":"2 Louse","floor":5.0,"turns":4.0},{"damage":1.0,"enemies":"Jaw Worm","floor":7.0,"turns":6.0},{"damage":1.0,"enemies":"Looter","floor":11.0,"turns":4.0},{"damage":11.0,"enemies":"Exordium Wildlife","floor":12.0,"turns":6.0},{"damage":8,"enemies":"3 Sentries","floor":13,"turns":7},{"damage":57,"enemies":"Hexaghost","floor":16,"turns":14}],"seed_played":"-9182820558098439974","potions_obtained":[{"floor":1.0,"key":"SpeedPotion"},{"floor":7.0,"key":"PowerPotion"},{"floor":13,"key":"SkillPotion"}],"is_trial":false,"path_per_floor":["M","?","$","?","M","R","M","R","T","R","M","M","E","?","R","B"],"character_chosen":"THE_SILENT","items_purchased":["Footwork"],"campfire_rested":0,"item_purchase_floors":[3],"current_hp_per_floor":[55,48,48,48,44,53,52,61,68,73,72,61,53,41,50,0],"gold":145,"neow_bonus":"BOSS_RELIC","is_prod":false,"is_daily":false,"chose_seed":false,"campfire_upgraded":4,"win_rate":0,"timestamp":1547580089,"path_taken":["M","?","$","?","M","R","M","R","T","R","?","M","E","?","R","BOSS"],"build_version":"2019-01-10","purchased_purges":0,"victory":false,"max_hp_per_floor":[66,66,66,66,66,66,66,66,73,73,73,73,73,73,73,73],"card_choices":[{"not_picked":["Poisoned Stab","Predator"],"picked":"Flechettes","floor":1.0},{"not_picked":["Dagger Throw","Dodge and Roll"],"picked":"Cloak And Dagger","floor":5.0},{"not_picked":["Escape Plan","Terror"],"picked":"Dagger Spray","floor":7.0},{"not_picked":["Quick Slash","Cloak And Dagger"],"picked":"Glass Knife","floor":11.0},{"not_picked":["Dodge and Roll","Dagger Throw","Bouncing Flask"],"picked":"SKIP","floor":12.0},{"not_picked":["Sucker Punch","All Out Attack"],"picked":"Night Terror","floor":13}],"player_experience":744219,"relics_obtained":[{"floor":9.0,"key":"Strawberry"},{"floor":13,"key":"Question Card"}],"event_choices":[{"cards_removed":["Strike_G"],"damage_healed":0.0,"max_hp_gain":0.0,"max_hp_loss":0.0,"gold_gain":0.0,"event_name":"Golden Wing","player_choice":"Card Removal","floor":2.0,"gold_loss":0.0,"damage_taken":7.0},{"damage_healed":0.0,"max_hp_gain":0.0,"max_hp_loss":0.0,"gold_gain":0.0,"event_name":"Match and Keep!","player_choice":"1 cards matched","floor":4.0,"gold_loss":0.0,"damage_taken":0.0,"cards_obtained":["Tools of the Trade"]},{"damage_healed":0,"gold_gain":0,"player_choice":"Success","damage_taken":12,"relics_obtained":["Art of War"],"max_hp_gain":0,"max_hp_loss":0,"event_name":"Scrap Ooze","floor":14,"gold_loss":0}],"is_beta":false,"boss_relics":[],"items_purged_floors":[],"is_endless":false,"potions_floor_spawned":[1,7,13],"killed_by":"Hexaghost","ascension_level":14}