{"gold_per_floor":[115,390,404,20,37,63,63,73,99,128,78,78,78,156,156,156],"floor_reached":16,"playtime":432,"items_purged":["Regret"],"score":98,"play_id":"100d3f11-a0d4-4463-8901-bf7ecab279f9","local_time":"20190727215304","is_ascension_mode":false,"campfire_choices":[{"data":"Barricade","floor":7,"key":"SMITH"},{"data":"Armaments","floor":15,"key":"SMITH"}],"neow_cost":"NONE","seed_source_timestamp":1479085985534800,"circlet_count":0,"master_deck":["Strike_R","Strike_R","Strike_R","Strike_R","Defend_R","Defend_R","Defend_R","Defend_R","Bash","Warcry","Barricade+1","Armaments+1","Flex","Body Slam"],"relics":["Burning Blood","NeowsBlessing","FossilizedHelix","Oddly Smooth Stone","Juzu Bracelet","Odd Mushroom","Vajra","Golden Idol"],"potions_floor_usage":[6,8,10,16],"damage_taken":[{"damage":0,"enemies":"2 Louse","floor":1,"turns":1},{"damage":0,"enemies":"Cultist","floor":3,"turns":1},{"damage":0,"enemies":"Small Slimes","floor":5,"turns":1},{"damage":31,"enemies":"Gremlin Nob","floor":6,"turns":6},{"damage":7,"enemies":"2 Fungi Beasts","floor":8,"turns":4},{"damage":29,"enemies":"The Mushroom Lair","floor":10,"turns":7},{"damage":56,"enemies":"Hexaghost","floor":16,"turns":14}],"seed_played":"-3062157940285642663","potions_obtained":[{"floor":5,"key":"SteroidPotion"},{"floor":6,"key":"Fire Potion"},{"floor":8,"key":"Regen Potion"},{"floor":10,"key":"Regen Potion"}],"is_trial":false,"path_per_floor":["M","?","M","$","M","E","R","M","T","?","?","?","?","T","R","B"],"character_chosen":"IRONCLAD","items_purchased":["FossilizedHelix"],"campfire_rested":0,"item_purchase_floors":[4],"current_hp_per_floor":[80,80,80,80,80,55,55,54,54,46,46,39,39,39,39,0],"gold":156,"neow_bonus":"THREE_ENEMY_KILL","is_prod":false,"is_daily":false,"chose_seed":false,"campfire_upgraded":2,"win_rate":0,"timestamp":1564282384,"path_taken":["M","?","?","?","M","E","R","M","T","?","?","?","?","?","R","BOSS"],"build_version":"2019-07-17","purchased_purges":1,"victory":false,"max_hp_per_floor":[80,80,80,80,80,80,80,80,80,80,80,80,74,74,74,74],"card_choices":[{"not_picked":["True Grit","Hemokinesis"],"picked":"Warcry","floor":1},{"not_picked":["Clash","Clothesline"],"picked":"Barricade","floor":3},{"not_picked":["Havoc","Dual Wield"],"picked":"Armaments","floor":5},{"not_picked":["Warcry","Corruption","Clothesline"],"picked":"SKIP","floor":6},{"not_picked":["Blood for Blood","Twin Strike"],"picked":"Flex","floor":8},{"not_picked":["Heavy Blade","Wild Strike"],"picked":"Body Slam","floor":10}],"player_experience":816328,"relics_obtained":[{"floor":6,"key":"Oddly Smooth Stone"},{"floor":9,"key":"Juzu Bracelet"},{"floor":10,"key":"Odd Mushroom"}],"event_choices":[{"damage_healed":0,"gold_gain":275,"player_choice":"Desecrate","damage_taken":0,"max_hp_gain":0,"max_hp_loss":0,"event_name":"Golden Shrine","floor":2,"gold_loss":0,"cards_obtained":["Regret"]},{"damage_healed":0,"gold_gain":0,"player_choice":"Fought Mushrooms","damage_taken":0,"max_hp_gain":0,"max_hp_loss":0,"event_name":"Mushrooms","floor":10,"gold_loss":0},{"cards_removed":["Strike_R"],"damage_healed":0,"gold_gain":0,"player_choice":"Card Removal","damage_taken":0,"max_hp_gain":0,"max_hp_loss":0,"event_name":"The Cleric","floor":11,"gold_loss":50},{"damage_healed":0,"gold_gain":0,"player_choice":"Success","damage_taken":7,"relics_obtained":["Vajra"],"max_hp_gain":0,"max_hp_loss":0,"event_name":"Scrap Ooze","floor":12,"gold_loss":0},{"damage_healed":0,"gold_gain":0,"player_choice":"Lose Max HP","damage_taken":0,"relics_obtained":["Golden Idol"],"max_hp_gain":0,"max_hp_loss":6,"event_name":"Golden Idol","floor":13,"gold_loss":0}],"is_beta":false,"boss_relics":[],"items_purged_floors":[4],"is_endless":false,"potions_floor_spawned":[5,6,8,10],"killed_by":"Hexaghost","ascension_level":0}