{"path_per_floor":["M","?","$","?","?","R","E","R","T","R","?","M","M","$","R","B",null,"M","M","?","M","M","R","E","R","T","R","$","?","?","M","R","B",null,"M","?","?","$","M"],"character_chosen":"DEFECT","items_purchased":["Gambling Chip","Defragment"],"gold_per_floor":[110,110,35,35,35,35,71,71,71,71,21,39,63,63,63,182,182,200,223,223,234,253,253,283,283,583,583,190,190,225,238,238,338,338,354,354,354,148,158,158],"floor_reached":40,"campfire_rested":3,"playtime":2013,"item_purchase_floors":[28,38],"current_hp_per_floor":[68,50,50,50,35,35,3,25,25,25,25,23,22,22,22,2,57,57,50,50,35,14,36,37,37,42,42,42,26,28,32,56,34,70,38,59,59,59,26,0],"items_purged":["Strike_B","Defend_B","Writhe"],"gold":158,"score":580,"play_id":"244484d4-286e-4261-8526-4fae6517964b","local_time":"20180520193052","is_prod":false,"is_daily":false,"chose_seed":false,"is_ascension_mode":true,"campfire_upgraded":5,"timestamp":1526837452,"campfire_choices":[{"data":"Zap","floor":6.0,"key":"SMITH"},{"floor":8.0,"key":"REST"},{"data":"Dualcast","floor":10.0,"key":"SMITH"},{"data":"Coolheaded","floor":15.0,"key":"SMITH"},{"floor":23.0,"key":"REST"},{"data":"Capacitor","floor":25,"key":"SMITH"},{"data":"Coolheaded","floor":27,"key":"SMITH"},{"floor":32,"key":"REST"}],"path_taken":["M","?","$","?","?","R","E","R","T","R","?","M","?","?","R","BOSS","M","M","?","M","?","R","E","R","T","R","$","?","?","M","R","BOSS","M","?","?","$","M","M"],"build_version":"2018-05-18","seed_source_timestamp":148912641588074,"purchased_purges":3,"victory":false,"master_deck":["Strike_B+1","Strike_B","Defend_B","Defend_B","Defend_B","Zap+1","Dualcast+1","Barrage+1","Sweeping Beam","Loop","Coolheaded+1","Machine Learning","Coolheaded+1","Hologram","Chill","Capacitor+1","Go for the Eyes+1","Consume+1","Turbo+1","Injury","Necronomicurse","Steam+1","Recycle+1","Beam Cell","Electrodynamics","Sunder","Defragment","Conserve Battery+1"],"max_hp_per_floor":[75,75,75,75,75,75,75,75,75,75,75,75,75,75,75,75,75,75,75,75,75,75,75,82,82,82,82,82,82,82,82,82,82,82,82,82,82,82,82,82],"relics":["Cracked Core","Ancient Tea Set","Bloody Idol","Prayer Wheel","Blue Candle","Cursed Key","Strawberry","Old Coin","Gambling Chip","Necronomicon","Red Mask","White Beast Statue"],"card_choices":[{"not_picked":["Axe Kick","Turbo"],"picked":"Barrage","floor":1.0},{"not_picked":["Steam","Lockon"],"picked":"Sweeping Beam","floor":7.0},{"not_picked":["Barrage","Creative AI"],"picked":"Loop","floor":12.0},{"not_picked":["Fusion","Reprogram","Scrape"],"picked":"SKIP","floor":12.0},{"not_picked":["Skim","Streamline"],"picked":"Coolheaded","floor":13.0},{"not_picked":["Capacitor","Turbo","Skim"],"picked":"SKIP","floor":13.0},{"not_picked":["Rainbow","Amplify"],"picked":"Machine Learning","floor":16.0},{"not_picked":["Chaos","BootSequence"],"picked":"Coolheaded","floor":18.0},{"not_picked":["Auto Shields","Heatsinks"],"picked":"Hologram","floor":18.0},{"not_picked":["Stack","Nova"],"picked":"Chill","floor":19.0},{"not_picked":["Barrage","Leap"],"picked":"Capacitor","floor":19.0},{"not_picked":["Reinforced Body","Tempest"],"picked":"Go for the Eyes+1","floor":21.0},{"not_picked":["Streamline","Stack"],"picked":"Consume+1","floor":21.0},{"not_picked":["Capacitor","Auto Shields"],"picked":"Turbo+1","floor":22.0},{"not_picked":["Scrape","Leap","Stack"],"picked":"SKIP","floor":22.0},{"not_picked":["Steam Power","Gash","Hologram"],"picked":"SKIP","floor":24},{"not_picked":["Skim","Chaos"],"picked":"Steam+1","floor":30},{"not_picked":["Hologram","Stack"],"picked":"Recycle+1","floor":31},{"not_picked":["Fusion","Stack"],"picked":"Beam Cell","floor":31},{"not_picked":["Buffer","Meteor Strike"],"picked":"Electrodynamics","floor":33},{"not_picked":["Ball Lightning+1","Beam Cell+1"],"picked":"Sunder","floor":35},{"not_picked":["Barrage","Hologram","Streamline+1"],"picked":"SKIP","floor":35},{"not_picked":["Recycle+1","Stack"],"picked":"Conserve Battery+1","floor":39},{"not_picked":["Streamline+1","Beam Cell","Rebound"],"picked":"SKIP","floor":39}],"player_experience":694782,"potions_floor_usage":[24,33],"damage_taken":[{"damage":0.0,"enemies":"2 Louse","floor":1.0,"turns":2.0},{"damage":32.0,"enemies":"Lagavulin","floor":7.0,"turns":8.0},{"damage":2.0,"enemies":"Jaw Worm","floor":12.0,"turns":2.0},{"damage":1.0,"enemies":"Cultist","floor":13.0,"turns":3.0},{"damage":20.0,"enemies":"The Guardian","floor":16.0,"turns":15.0},{"damage":0.0,"enemies":"Spheric Guardian","floor":18.0,"turns":3.0},{"damage":7.0,"enemies":"3 Byrds","floor":19.0,"turns":5.0},{"damage":20.0,"enemies":"Sentry and Sphere","floor":21.0,"turns":7.0},{"damage":26.0,"enemies":"Slaver and Parasite","floor":22.0,"turns":6.0},{"damage":11,"enemies":"Book of Stabbing","floor":24,"turns":8},{"damage":3,"enemies":"Masked Bandits","floor":30,"turns":5},{"damage":1,"enemies":"Snake Plant","floor":31,"turns":6},{"damage":27,"enemies":"Champ","floor":33,"turns":12},{"damage":37,"enemies":"3 Shapes","floor":35,"turns":5},{"damage":38,"enemies":"3 Darklings","floor":39,"turns":4},{"damage":39,"enemies":"Flame Bruiser 2 Orb","floor":40,"turns":2}],"relics_obtained":[{"floor":7.0,"key":"Prayer Wheel"},{"floor":9.0,"key":"Blue Candle"},{"floor":24,"key":"Strawberry"},{"floor":26,"key":"Old Coin"},{"floor":29,"key":"Necronomicon"},{"floor":30,"key":"Red Mask"}],"event_choices":[{"event_name":"Golden Idol","player_choice":"Take Damage","floor":2.0,"damage_taken":0.0},{"event_name":"Liars Game","player_choice":"disagreed","floor":4.0,"damage_taken":0.0},{"event_name":"Shining Light","player_choice":"Entered Light","floor":5.0,"damage_taken":0.0},{"event_name":"The Cleric","player_choice":"Card Removal","floor":11.0,"damage_taken":0.0},{"event_name":"Forgotten Altar","player_choice":"Gave Idol","floor":20.0,"damage_taken":0.0},{"event_name":"Cursed Tome","player_choice":"Obtained Book","floor":29,"damage_taken":0},{"event_name":"Winding Halls","player_choice":"Writhe","floor":36,"damage_taken":0},{"event_name":"The Lab","player_choice":"Got Potions","floor":37,"damage_taken":0}],"boss_relics":[{"not_picked":["Philosopher\u0027s Stone","Lizard Tail"],"picked":"White Beast Statue"}],"items_purged_floors":[],"potions_floor_spawned":[16,21,22,30,35,39],"seed_played":"-2086631257865203076","killed_by":"Flame Bruiser 2 Orb","ascension_level":9,"potions_obtained":[{"floor":16.0,"key":"EssenceOfSteel"},{"floor":21.0,"key":"Poison Potion"},{"floor":22.0,"key":"EssenceOfSteel"},{"floor":30,"key":"SpeedPotion"},{"floor":35,"key":"LiquidBronze"},{"floor":37,"key":"EntropicBrew"},{"floor":37,"key":"SpeedPotion"}],"is_trial":false}