{"path_per_floor":["M","M","?","?","?","R","E","R","T","R","E","$","M","M","R","B",null,"M","$","?","M","M","E","M","R","T","?","R","M","E","$","R","B",null,"M","?","M","$","M","R","E","R","T"],"character_chosen":"DEFECT","items_purchased":["Capacitor","Symbiotic Virus","Capacitor"],"gold_per_floor":[109,129,129,204,154,154,182,182,236,236,267,144,157,167,167,272,272,282,37,37,51,67,92,108,108,108,108,108,119,144,118,118,219,219,236,236,247,147,163,163,195,195,221,221],"floor_reached":44,"campfire_rested":2,"playtime":1980,"current_hp_per_floor":[64,64,64,53,53,53,48,48,48,48,48,48,48,48,48,44,67,56,56,56,56,56,54,53,53,53,39,63,61,60,60,60,11,63,63,55,55,55,42,42,10,34,34,0],"items_purged":["Strike_B","Strike_B"],"gold":221,"score":687,"play_id":"4cabe313-5857-4087-9331-f77ab3da96cb","local_time":"20180511203256","is_prod":false,"is_daily":false,"chose_seed":false,"is_ascension_mode":true,"campfire_upgraded":7,"timestamp":1526063576,"path_taken":["M","M","?","?","?","R","E","R","T","R","E","$","M","M","R","BOSS","M","$","?","M","M","E","M","R","T","?","R","M","E","?","R","BOSS","M","?","M","$","M","R","E","R","T","E"],"build_version":"2018-05-10","seed_source_timestamp":124260557613380,"purchased_purges":3,"victory":false,"master_deck":["Strike_B","Strike_B+1","Defend_B","Defend_B","Defend_B","Zap+1","Dualcast+1","Glacier","Go for the Eyes+1","Auto Shields","Barrage+1","Capacitor+1","Cold Snap","Rainbow+1","Coolheaded+1","Double Energy+1","Hologram+1","Capacitor","Impulse+1","Turbo"],"max_hp_per_floor":[75,75,75,75,75,75,75,75,75,75,75,75,75,75,75,75,75,75,75,75,75,75,75,75,75,75,80,80,80,80,80,80,80,80,80,80,80,80,80,80,80,80,80,80],"relics":["Cracked Core","Bag of Preparation","Whetstone","Bag of Marbles","Torii","Nuclear Battery","Symbiotic Virus","Ice Cream","Matryoshka","Shovel","Inserter","Orichalcum","Dream Catcher","Ancient Tea Set"],"card_choices":[{"not_picked":["Capacitor","Tempest"],"picked":"Glacier","floor":1.0},{"not_picked":["Conserve Battery","Loop"],"picked":"Go for the Eyes","floor":2.0},{"not_picked":["Double Energy","Lockon"],"picked":"Barrage","floor":7.0},{"not_picked":["Steam","Capacitor"],"picked":"Cold Snap","floor":13.0},{"not_picked":["Biased Cognition","Meteor Strike"],"picked":"Rainbow","floor":16.0},{"not_picked":["Steam","Gash"],"picked":"Coolheaded","floor":18.0},{"not_picked":["Stack","Hologram"],"picked":"Double Energy","floor":21.0},{"not_picked":["Lockon","Stack"],"picked":"Hologram","floor":22.0},{"not_picked":["Reprogram","Axe Kick"],"picked":"Impulse","floor":37},{"not_picked":["Melter","Beam Cell"],"picked":"Turbo","floor":39}],"player_experience":641553,"potions_floor_usage":[30,33,33,44,44],"damage_taken":[{"damage":4.0,"enemies":"Jaw Worm","floor":1.0,"turns":4.0},{"damage":0.0,"enemies":"Cultist","floor":2.0,"turns":3.0},{"damage":5.0,"enemies":"3 Sentries","floor":7.0,"turns":9.0},{"damage":0.0,"enemies":"Lagavulin","floor":11.0,"turns":6.0},{"damage":0.0,"enemies":"Small Slimes","floor":13.0,"turns":2.0},{"damage":0.0,"enemies":"Exordium Wildlife","floor":14.0,"turns":2.0},{"damage":4.0,"enemies":"Hexaghost","floor":16.0,"turns":9.0},{"damage":11.0,"enemies":"2 Thieves","floor":18.0,"turns":4.0},{"damage":0.0,"enemies":"Chosen","floor":21.0,"turns":4.0},{"damage":0.0,"enemies":"Centurion and Healer","floor":22.0,"turns":6.0},{"damage":2.0,"enemies":"Book of Stabbing","floor":23.0,"turns":6.0},{"damage":1.0,"enemies":"Snake Plant","floor":24.0,"turns":3.0},{"damage":2.0,"enemies":"Snecko","floor":29.0,"turns":5.0},{"damage":1,"enemies":"Slavers","floor":30,"turns":4},{"damage":49,"enemies":"Champ","floor":33,"turns":8},{"damage":0,"enemies":"Flame Bruiser 1 Orb","floor":35,"turns":5},{"damage":0,"enemies":"3 Shapes","floor":37,"turns":4},{"damage":13,"enemies":"Sphere and 2 Shapes","floor":39,"turns":4},{"damage":32,"enemies":"Nemesis","floor":41,"turns":7},{"damage":46,"enemies":"2 Orb Walkers","floor":44,"turns":4}],"event_choices":[{"event_name":"Match and Keep!","player_choice":"1 cards matched","floor":3.0,"damage_taken":0.0},{"event_name":"World of Goop","player_choice":"Gather Gold","floor":4.0,"damage_taken":0.0},{"event_name":"The Cleric","player_choice":"Card Removal","floor":5.0,"damage_taken":0.0},{"event_name":"Vampires","player_choice":"Ignored","floor":20.0,"damage_taken":0.0},{"event_name":"Forgotten Altar","player_choice":"Shed Blood","floor":27.0,"damage_taken":0.0},{"event_name":"Wheel of Change","player_choice":"Damage","floor":36,"damage_taken":0}],"boss_relics":[{"not_picked":["Snecko Eye","Velvet Choker"],"picked":"Inserter"}],"potions_floor_spawned":[7,11,14,22,23,35,37],"seed_played":"8157634090046210961","killed_by":"2 Orb Walkers","ascension_level":7,"is_trial":false}