{"gold_per_floor":[110,110,110,110,123,123,136,136,136,151,151,165,165],"floor_reached":13,"playtime":339,"items_purged":[],"score":135,"play_id":"126d00bd-1c5b-4040-a6d1-fb4a346fb498","local_time":"20190213100414","is_ascension_mode":true,"campfire_choices":[{"data":"Flame Barrier","floor":6,"key":"SMITH"},{"data":"Limit Break","floor":8,"key":"SMITH"},{"data":"Twin Strike","floor":11,"key":"SMITH"}],"neow_cost":"NONE","seed_source_timestamp":784822896296316,"circlet_count":0,"master_deck":["AscendersBane","Strike_R","Strike_R","Strike_R","Strike_R","Strike_R","Defend_R","Defend_R","Defend_R","Defend_R","Bash+1","Limit Break+1","Headbutt","Flame Barrier+1","Twin Strike+1"],"special_seed":0,"relics":["Burning Blood","Boot","Paper Frog"],"potions_floor_usage":[10],"damage_taken":[{"damage":6.0,"enemies":"Cultist","floor":1.0,"turns":4.0},{"damage":13,"enemies":"Jaw Worm","floor":5,"turns":4},{"damage":3,"enemies":"Small Slimes","floor":7,"turns":4},{"damage":25,"enemies":"Exordium Thugs","floor":10,"turns":5},{"damage":38,"enemies":"Large Slime","floor":12,"turns":6},{"damage":24,"enemies":"3 Sentries","floor":13,"turns":6}],"seed_played":"3222163314848874984","potions_obtained":[{"floor":1.0,"key":"Dexterity Potion"},{"floor":7,"key":"Dexterity Potion"}],"is_trial":false,"path_per_floor":["M","?","?","?","M","R","M","R","T","M","R","M","E"],"character_chosen":"IRONCLAD","items_purchased":[],"campfire_rested":0,"item_purchase_floors":[],"current_hp_per_floor":[68,73,73,73,66,66,69,69,69,50,50,18,0],"gold":165,"neow_bonus":"ONE_RANDOM_RARE_CARD","is_prod":false,"is_daily":false,"chose_seed":false,"campfire_upgraded":3,"win_rate":0,"timestamp":1550048654,"path_taken":["M","?","?","?","M","R","M","R","T","M","R","M","E"],"build_version":"2019-01-23","purchased_purges":0,"victory":false,"max_hp_per_floor":[75,80,80,80,80,80,80,80,80,80,80,80,80],"card_choices":[{"not_picked":["Clothesline","Reckless Charge"],"picked":"Headbutt","floor":1.0},{"not_picked":["Armaments","Pommel Strike"],"picked":"Flame Barrier","floor":5},{"not_picked":["Clothesline","Entrench"],"picked":"Twin Strike","floor":7},{"not_picked":["Anger","Headbutt","Disarm"],"picked":"SKIP","floor":10},{"not_picked":["Body Slam","Blood for Blood","Flex"],"picked":"SKIP","floor":12}],"player_experience":793078,"relics_obtained":[{"floor":9,"key":"Paper Frog"}],"event_choices":[{"damage_healed":0,"gold_gain":0,"player_choice":"Donut","damage_taken":0,"max_hp_gain":5,"max_hp_loss":0,"event_name":"Big Fish","floor":2,"gold_loss":0},{"damage_healed":0,"gold_gain":0,"player_choice":"Grow","damage_taken":0,"max_hp_gain":0,"max_hp_loss":0,"event_name":"Living Wall","floor":3,"gold_loss":0,"cards_upgraded":["Bash"]},{"damage_healed":0,"gold_gain":0,"player_choice":"Gave Potion","damage_taken":0,"relics_obtained":["Boot"],"max_hp_gain":0,"max_hp_loss":0,"event_name":"WeMeetAgain","floor":4,"gold_loss":0}],"is_beta":false,"boss_relics":[],"items_purged_floors":[],"is_endless":false,"potions_floor_spawned":[1,7],"killed_by":"3 Sentries","ascension_level":16}