{"gold_per_floor":[115,115,128,141,141,172,184,196,208,231,343,375,387,80,80,178,178,194,194,109,121,131,131,131],"floor_reached":24,"playtime":667,"items_purged":[],"score":241,"play_id":"75683a2e-27f7-488d-8597-8ba95ac17abc","local_time":"20190630204358","is_ascension_mode":true,"campfire_choices":[{"data":"Rampage","floor":7,"key":"SMITH"},{"floor":13,"key":"REST"},{"data":"Combust","floor":15,"key":"SMITH"},{"data":"Rampage","floor":23,"key":"SMITH"}],"neow_cost":"NONE","seed_source_timestamp":1480459891840272,"circlet_count":0,"master_deck":["Strike_R","Strike_R","Strike_R","Strike_R","Strike_R","Bash","Rampage+1","Battle Trance","Parasite","Juggernaut","Combust+1","Feed+1","Intimidate+1","Warcry+1","Rampage+1","Carnage"],"relics":["Burning Blood","NeowsBlessing","Unceasing Top","MawBank","Du-Vu Doll","Ornamental Fan","Astrolabe","Red Skull"],"potions_floor_usage":[16,22,24],"damage_taken":[{"damage":0,"enemies":"Jaw Worm","floor":1,"turns":1},{"damage":0,"enemies":"2 Louse","floor":3,"turns":1},{"damage":0,"enemies":"Small Slimes","floor":4,"turns":1},{"damage":30,"enemies":"Gremlin Nob","floor":6,"turns":4},{"damage":12,"enemies":"Looter","floor":10,"turns":3},{"damage":18,"enemies":"Red Slaver","floor":12,"turns":3},{"damage":43,"enemies":"Slime Boss","floor":16,"turns":7},{"damage":23,"enemies":"Chosen","floor":18,"turns":4},{"damage":32,"enemies":"Spheric Guardian","floor":21,"turns":4},{"damage":42,"enemies":"3 Cultists","floor":22,"turns":5},{"damage":25,"enemies":"Slavers","floor":24,"turns":2}],"seed_played":"1566585804555892708","potions_obtained":[{"floor":1,"key":"Strength Potion"},{"floor":10,"key":"Poison Potion"},{"floor":12,"key":"Energy Potion"},{"floor":18,"key":"FearPotion"},{"floor":22,"key":"Fruit Juice"}],"is_trial":false,"path_per_floor":["M","?","M","M","?","E","R","?","T","M","?","M","R","$","R","B",null,"M","?","?","M","M","R","E"],"character_chosen":"IRONCLAD","items_purchased":["Combust","Ornamental Fan"],"campfire_rested":1,"item_purchase_floors":[14,14],"current_hp_per_floor":[80,73,79,80,62,38,38,58,58,52,52,40,64,64,64,27,80,67,67,67,45,14,14,0],"gold":131,"neow_bonus":"THREE_ENEMY_KILL","is_prod":false,"is_daily":false,"chose_seed":false,"campfire_upgraded":3,"win_rate":0,"timestamp":1561941838,"path_taken":["M","?","M","M","?","E","R","?","T","M","?","M","R","$","R","BOSS","M","?","?","M","M","R","E"],"build_version":"2019-01-23","purchased_purges":0,"victory":false,"max_hp_per_floor":[80,80,80,80,80,80,80,80,80,80,80,80,80,80,80,80,80,84,84,84,88,93,93,97],"card_choices":[{"not_picked":["Warcry","Body Slam"],"picked":"Rampage","floor":1},{"not_picked":["Clothesline","Uppercut"],"picked":"Battle Trance","floor":3},{"not_picked":["Sentinel","Sword Boomerang","Dropkick"],"picked":"SKIP","floor":4},{"not_picked":["Headbutt","Shockwave","Cleave"],"picked":"SKIP","floor":6},{"not_picked":["Clash","Twin Strike"],"picked":"Juggernaut","floor":10},{"not_picked":["Sword Boomerang","Cleave","Warcry"],"picked":"SKIP","floor":12},{"not_picked":["Twin Strike","Feel No Pain","Armaments+1"],"picked":"SKIP","floor":18},{"not_picked":["Headbutt+1","Body Slam+1"],"picked":"Carnage","floor":21},{"not_picked":["Sword Boomerang","Thunderclap","Fire Breathing"],"picked":"SKIP","floor":22}],"player_experience":85658,"relics_obtained":[{"floor":6,"key":"MawBank"},{"floor":9,"key":"Du-Vu Doll"}],"event_choices":[{"cards_removed":["Defend_R"],"damage_healed":0,"gold_gain":0,"player_choice":"Card Removal","damage_taken":7,"max_hp_gain":0,"max_hp_loss":0,"event_name":"Golden Wing","floor":2,"gold_loss":0},{"damage_healed":0,"gold_gain":0,"player_choice":"Success","damage_taken":18,"relics_obtained":["Unceasing Top"],"max_hp_gain":0,"max_hp_loss":0,"event_name":"Scrap Ooze","floor":5,"gold_loss":0},{"damage_healed":20,"gold_gain":0,"player_choice":"Healed and dodged fight","damage_taken":0,"max_hp_gain":0,"max_hp_loss":0,"event_name":"Mushrooms","floor":8,"gold_loss":0,"cards_obtained":["Parasite"]},{"damage_healed":0,"gold_gain":100,"player_choice":"Pray","damage_taken":0,"max_hp_gain":0,"max_hp_loss":0,"event_name":"Golden Shrine","floor":11,"gold_loss":0},{"damage_healed":0,"gold_gain":0,"player_choice":"Read","damage_taken":0,"max_hp_gain":0,"max_hp_loss":0,"event_name":"The Library","floor":19,"gold_loss":0,"cards_obtained":["Rampage"]},{"damage_healed":0,"gold_gain":0,"player_choice":"Obtained Relic","damage_taken":0,"relics_obtained":["Red Skull"],"max_hp_gain":0,"max_hp_loss":0,"event_name":"Addict","floor":20,"gold_loss":85}],"is_beta":false,"boss_relics":[{"not_picked":["Philosopher\u0027s Stone","Calling Bell"],"picked":"Astrolabe"}],"items_purged_floors":[],"is_endless":false,"potions_floor_spawned":[1,10,12,18,22],"killed_by":"Slavers","ascension_level":2}