{"gold_per_floor":[118,118,43,43,55,55,76,111,164,35,35,35,35,45,45,45],"floor_reached":16,"playtime":358,"items_purged":["Strike_R","Defend_R"],"score":192,"play_id":"6cd54d46-ee10-4928-88ba-3093035920ff","local_time":"20190306181452","is_ascension_mode":true,"campfire_choices":[{"data":"Bash","floor":6,"key":"SMITH"},{"data":"Metallicize","floor":11,"key":"SMITH"},{"floor":13,"key":"REST"},{"data":"Iron Wave","floor":15,"key":"SMITH"}],"neow_cost":"NONE","seed_source_timestamp":122821813335792,"circlet_count":0,"master_deck":["AscendersBane","Strike_R","Strike_R","Strike_R","Strike_R","Defend_R","Defend_R","Defend_R+1","Bash+1","Iron Wave+1","Heavy Blade+1","Metallicize+1"],"relics":["Burning Blood","NeowsBlessing","Shuriken","Odd Mushroom","WingedGreaves","Smiling Mask"],"potions_floor_usage":[16,16],"damage_taken":[{"damage":0,"enemies":"2 Louse","floor":1,"turns":1},{"damage":0,"enemies":"Small Slimes","floor":5,"turns":2},{"damage":0,"enemies":"The Mushroom Lair","floor":7,"turns":2},{"damage":50,"enemies":"Lagavulin","floor":8,"turns":6},{"damage":3,"enemies":"Jaw Worm","floor":14,"turns":5},{"damage":43,"enemies":"Slime Boss","floor":16,"turns":9}],"seed_played":"-6249905691140721726","potions_obtained":[{"floor":1,"key":"SpeedPotion"},{"floor":7,"key":"Swift Potion"}],"is_trial":false,"path_per_floor":["M","?","$","?","M","R","?","E","T","$","R","?","R","M","R","B"],"character_chosen":"IRONCLAD","items_purchased":["Metallicize"],"campfire_rested":1,"item_purchase_floors":[10],"current_hp_per_floor":[74,79,79,74,80,80,80,36,36,36,36,12,36,39,39,0],"gold":45,"neow_bonus":"THREE_ENEMY_KILL","is_prod":false,"is_daily":false,"chose_seed":false,"campfire_upgraded":3,"win_rate":0,"timestamp":1551892492,"path_taken":["M","?","$","?","?","R","?","E","T","$","R","?","R","M","R","BOSS"],"build_version":"2019-01-23","purchased_purges":2,"victory":false,"max_hp_per_floor":[75,80,80,80,80,80,80,80,80,80,80,80,80,80,80,80],"card_choices":[{"not_picked":["Shockwave","Hemokinesis","Intimidate"],"picked":"SKIP","floor":1},{"not_picked":["Sever Soul","Flame Barrier"],"picked":"Iron Wave","floor":5},{"not_picked":["Burning Pact","Havoc"],"picked":"Heavy Blade","floor":7},{"not_picked":["Cleave","Combust","Flex"],"picked":"SKIP","floor":8},{"not_picked":["Warcry","Armaments","Bloodletting"],"picked":"SKIP","floor":14}],"player_experience":946891,"relics_obtained":[{"floor":7,"key":"Odd Mushroom"},{"floor":8,"key":"WingedGreaves"},{"floor":9,"key":"Smiling Mask"}],"event_choices":[{"damage_healed":0,"gold_gain":0,"player_choice":"Donut","damage_taken":0,"max_hp_gain":5,"max_hp_loss":0,"event_name":"Big Fish","floor":2,"gold_loss":0},{"damage_healed":0,"gold_gain":0,"player_choice":"Success","damage_taken":5,"relics_obtained":["Shuriken"],"max_hp_gain":0,"max_hp_loss":0,"event_name":"Scrap Ooze","floor":4,"gold_loss":0},{"damage_healed":0,"gold_gain":0,"player_choice":"Fought Mushrooms","damage_taken":0,"max_hp_gain":0,"max_hp_loss":0,"event_name":"Mushrooms","floor":7,"gold_loss":0},{"damage_healed":0,"gold_gain":0,"player_choice":"Entered Light","damage_taken":24,"max_hp_gain":0,"max_hp_loss":0,"event_name":"Shining Light","floor":12,"gold_loss":0,"cards_upgraded":["Heavy Blade","Defend_R"]}],"is_beta":false,"boss_relics":[],"items_purged_floors":[3,10],"is_endless":false,"potions_floor_spawned":[1,7,8],"killed_by":"Slime Boss","ascension_level":20}