{"gold_per_floor":[112,123,48,65,83,112,112,129,184,216,216,230,259,259,259,337,337,348,358,358],"floor_reached":20,"playtime":628,"items_purged":[],"score":442,"play_id":"be9cc066-0a65-4328-90f1-c696524b94f8","local_time":"20190721011455","is_ascension_mode":true,"campfire_choices":[{"data":"Whirlwind","floor":7.0,"key":"SMITH"},{"data":"Seeing Red","floor":15.0,"key":"SMITH"}],"neow_cost":"NONE","seed_source_timestamp":224468835086386,"circlet_count":0,"master_deck":["AscendersBane","Strike_R","Strike_R","Defend_R","Defend_R","Defend_R","Bash","Spot Weakness","Sword Boomerang","Seeing Red+1","Whirlwind+1","Pommel Strike","Battle Trance","Offering","Limit Break"],"special_seed":0,"relics":["Burning Blood","Dream Catcher","Red Skull","Smiling Mask","Kunai","Art of War","Empty Cage"],"potions_floor_usage":[],"damage_taken":[{"damage":0.0,"enemies":"Small Slimes","floor":1.0,"turns":4.0},{"damage":4.0,"enemies":"2 Louse","floor":2.0,"turns":3.0},{"damage":6.0,"enemies":"Cultist","floor":4.0,"turns":3.0},{"damage":14.0,"enemies":"Exordium Thugs","floor":5.0,"turns":4.0},{"damage":25.0,"enemies":"3 Sentries","floor":6.0,"turns":5.0},{"damage":11.0,"enemies":"Blue Slaver","floor":8.0,"turns":3.0},{"damage":30.0,"enemies":"Lagavulin","floor":10.0,"turns":5.0},{"damage":0.0,"enemies":"2 Fungi Beasts","floor":12.0,"turns":1.0},{"damage":6.0,"enemies":"Gremlin Nob","floor":13.0,"turns":2.0},{"damage":21.0,"enemies":"Hexaghost","floor":16.0,"turns":7.0},{"damage":28,"enemies":"2 Thieves","floor":18,"turns":3},{"damage":14,"enemies":"3 Byrds","floor":19,"turns":4},{"damage":80,"enemies":"Snecko","floor":20,"turns":5}],"seed_played":"-5387064854820930061","potions_obtained":[{"floor":1.0,"key":"GamblersBrew"},{"floor":5.0,"key":"Swift Potion"},{"floor":12.0,"key":"Fire Potion"},{"floor":16.0,"key":"FairyPotion"},{"floor":19,"key":"Poison Potion"}],"is_trial":false,"path_per_floor":["M","M","?","M","M","E","R","M","T","E","?","M","E","?","R","B",null,"M","M","M"],"character_chosen":"IRONCLAD","items_purchased":[],"campfire_rested":0,"item_purchase_floors":[],"current_hp_per_floor":[74,75,75,75,67,48,48,43,43,19,19,25,25,25,25,10,59,37,29,0],"gold":358,"neow_bonus":"RANDOM_COMMON_RELIC","is_prod":false,"is_daily":false,"chose_seed":false,"campfire_upgraded":2,"win_rate":0,"timestamp":1563639295,"path_taken":["M","M","?","M","M","E","R","M","T","E","?","M","E","?","R","BOSS","M","?","M"],"build_version":"2019-07-17","purchased_purges":0,"victory":false,"max_hp_per_floor":[75,75,75,75,75,75,75,75,75,75,75,75,75,75,75,75,75,75,75,75],"card_choices":[{"not_picked":["Bloodletting","Headbutt"],"picked":"Spot Weakness","floor":1.0},{"not_picked":["Wild Strike","Thunderclap"],"picked":"Sword Boomerang","floor":2.0},{"not_picked":["Feel No Pain","Clothesline"],"picked":"Seeing Red","floor":4.0},{"not_picked":["Clash","Thunderclap"],"picked":"Whirlwind","floor":5.0},{"not_picked":["Havoc","Cleave","Perfected Strike"],"picked":"SKIP","floor":6.0},{"not_picked":["Clash","Perfected Strike"],"picked":"Pommel Strike","floor":8.0},{"not_picked":["Searing Blow","Ghostly Armor"],"picked":"Battle Trance","floor":10.0},{"not_picked":["Iron Wave","Clash"],"picked":"Offering","floor":12.0},{"not_picked":["Evolve","Bloodletting","Fire Breathing"],"picked":"SKIP","floor":13.0},{"not_picked":["Dark Embrace","Immolate"],"picked":"Limit Break","floor":16.0},{"not_picked":["Clash","Searing Blow","Clothesline"],"picked":"SKIP","floor":18},{"not_picked":["Flex","Pommel Strike","Havoc"],"picked":"SKIP","floor":19}],"player_experience":1000068,"relics_obtained":[{"floor":6.0,"key":"Red Skull"},{"floor":9.0,"key":"Smiling Mask"},{"floor":10.0,"key":"Kunai"},{"floor":13.0,"key":"Art of War"}],"event_choices":[{"cards_removed":["Strike_R"],"damage_healed":0.0,"max_hp_gain":0.0,"max_hp_loss":0.0,"gold_gain":0.0,"event_name":"The Cleric","player_choice":"Card Removal","floor":3.0,"gold_loss":75.0,"damage_taken":0.0},{"damage_healed":0.0,"max_hp_gain":0.0,"max_hp_loss":0.0,"gold_gain":0.0,"event_name":"Liars Game","player_choice":"Ignored","floor":11.0,"gold_loss":0.0,"damage_taken":0.0},{"cards_removed":["Strike_R"],"damage_healed":0.0,"max_hp_gain":0.0,"max_hp_loss":0.0,"gold_gain":0.0,"event_name":"Bonfire Elementals","player_choice":"Offered Basic","floor":14.0,"gold_loss":0.0,"damage_taken":0.0}],"is_beta":false,"boss_relics":[{"not_picked":["Snecko Eye","Mark of Pain"],"picked":"Empty Cage"}],"items_purged_floors":[],"is_endless":false,"potions_floor_spawned":[1,5,12,16,19],"killed_by":"Snecko","ascension_level":20}