{"gold_per_floor":[212,3,26,26,38,38,65,78,78,98,98],"floor_reached":11,"playtime":337,"items_purged":["Strike_B"],"score":146,"play_id":"50d78f4a-60ad-460a-85a0-8423d7b8fcd4","local_time":"20190227001936","is_ascension_mode":true,"campfire_choices":[{"data":"Static Discharge","floor":6,"key":"SMITH"}],"neow_cost":"NONE","seed_source_timestamp":34664885150421,"circlet_count":0,"master_deck":["AscendersBane","Strike_B","Strike_B","Strike_B","Defend_B","Defend_B","Defend_B","Defend_B","Zap","Dualcast","Static Discharge+1","Melter","Capacitor","Compile Driver"],"special_seed":0,"relics":["Cracked Core","Tiny Chest","Smiling Mask","Ornamental Fan","Meat on the Bone","Shuriken"],"potions_floor_usage":[10],"damage_taken":[{"damage":1.0,"enemies":"Cultist","floor":1.0,"turns":3.0},{"damage":5.0,"enemies":"2 Louse","floor":5.0,"turns":3.0},{"damage":25,"enemies":"3 Sentries","floor":7,"turns":6},{"damage":2,"enemies":"Jaw Worm","floor":8,"turns":3},{"damage":29,"enemies":"Gremlin Gang","floor":10,"turns":3},{"damage":21,"enemies":"Exordium Wildlife","floor":11,"turns":3}],"seed_played":"-2612486824570473757","potions_obtained":[{"floor":7,"key":"Block Potion"},{"floor":8,"key":"Strength Potion"}],"is_trial":false,"path_per_floor":["M","$","T","?","M","R","E","M","T","M","M"],"character_chosen":"DEFECT","items_purchased":["Tiny Chest"],"campfire_rested":0,"item_purchase_floors":[2],"current_hp_per_floor":[63,63,63,58,53,53,28,38,38,21,0],"gold":98,"neow_bonus":"HUNDRED_GOLD","is_prod":false,"is_daily":false,"chose_seed":false,"campfire_upgraded":1,"win_rate":0,"timestamp":1551223176,"path_taken":["M","$","?","?","?","R","E","M","T","M","M"],"build_version":"2019-01-23","purchased_purges":1,"victory":false,"max_hp_per_floor":[71,71,71,71,71,71,71,71,71,71,71],"card_choices":[{"not_picked":["Steam","Conserve Battery"],"picked":"Static Discharge","floor":1.0},{"not_picked":["Cold Snap","Hologram","Chill"],"picked":"SKIP","floor":5.0},{"not_picked":["Redo","Stack"],"picked":"Melter","floor":7},{"not_picked":["Stack","Self Repair"],"picked":"Capacitor","floor":8},{"not_picked":["Turbo","Redo"],"picked":"Compile Driver","floor":10}],"player_experience":907993,"relics_obtained":[{"floor":3.0,"key":"Smiling Mask"},{"floor":7,"key":"Meat on the Bone"},{"floor":9,"key":"Shuriken"}],"event_choices":[{"damage_healed":0.0,"max_hp_gain":0.0,"max_hp_loss":0.0,"gold_gain":0.0,"event_name":"Scrap Ooze","player_choice":"Success","floor":4.0,"gold_loss":0.0,"damage_taken":5.0,"relics_obtained":["Ornamental Fan"]}],"is_beta":false,"boss_relics":[],"items_purged_floors":[2],"is_endless":false,"potions_floor_spawned":[7,8],"killed_by":"Exordium Wildlife","ascension_level":20}