{"gold_per_floor":[116,116,41,41,51,51,85,104,104,48,81,81,21],"floor_reached":13,"playtime":223,"items_purged":[],"score":232,"play_id":"21d77d09-694b-4490-b373-76bb785a1883","local_time":"20190720194338","is_ascension_mode":true,"campfire_choices":[{"data":"Bash","floor":6.0,"key":"SMITH"},{"data":"Disarm","floor":12,"key":"SMITH"}],"neow_cost":"NONE","seed_source_timestamp":205087301568923,"circlet_count":0,"master_deck":["AscendersBane","Strike_R","Strike_R","Strike_R","Strike_R","Defend_R","Defend_R","Defend_R","Defend_R","Bash+1","Heavy Blade","Rupture","Seeing Red","Disarm+1","Blood for Blood"],"special_seed":0,"relics":["Burning Blood","NeowsBlessing","Kunai","Blue Candle","Strawberry","Oddly Smooth Stone"],"potions_floor_usage":[11,11],"damage_taken":[{"damage":0.0,"enemies":"2 Louse","floor":1.0,"turns":1.0},{"damage":0.0,"enemies":"Cultist","floor":5.0,"turns":1.0},{"damage":0.0,"enemies":"Gremlin Nob","floor":7.0,"turns":1.0},{"damage":7,"enemies":"Small Slimes","floor":8,"turns":3},{"damage":42,"enemies":"3 Sentries","floor":11,"turns":10},{"damage":25,"enemies":"Exordium Thugs","floor":13,"turns":3}],"seed_played":"6719932714952140481","potions_obtained":[{"floor":1.0,"key":"Energy Potion"},{"floor":5.0,"key":"Energy Potion"},{"floor":7,"key":"Explosive Potion"}],"is_trial":false,"path_per_floor":["M","?","?","$","M","R","E","M","T","?","E","R","M"],"character_chosen":"IRONCLAD","items_purchased":[],"campfire_rested":0,"item_purchase_floors":[],"current_hp_per_floor":[74,39,39,39,45,45,51,50,50,57,21,21,0],"gold":21,"neow_bonus":"THREE_ENEMY_KILL","is_prod":false,"is_daily":false,"chose_seed":false,"campfire_upgraded":2,"win_rate":0,"timestamp":1563619418,"path_taken":["M","?","?","$","M","R","E","M","T","?","E","R","M"],"build_version":"2019-07-17","purchased_purges":0,"victory":false,"max_hp_per_floor":[75,75,75,75,75,75,75,75,75,82,82,82,82],"card_choices":[{"not_picked":["Burning Pact","Anger"],"picked":"Heavy Blade","floor":1.0},{"not_picked":["Disarm","Uppercut"],"picked":"Rupture","floor":5.0},{"not_picked":["Reckless Charge","Body Slam"],"picked":"Seeing Red","floor":7},{"not_picked":["Havoc","Headbutt"],"picked":"Disarm","floor":8},{"not_picked":["Rampage","Searing Blow"],"picked":"Blood for Blood","floor":11}],"player_experience":998441,"relics_obtained":[{"floor":9,"key":"Blue Candle"},{"floor":11,"key":"Oddly Smooth Stone"}],"event_choices":[{"damage_healed":0.0,"max_hp_gain":0.0,"max_hp_loss":0.0,"gold_gain":0.0,"event_name":"Scrap Ooze","player_choice":"Success","floor":2.0,"gold_loss":0.0,"damage_taken":35.0,"relics_obtained":["Kunai"]},{"cards_removed":["Strike_R"],"damage_healed":0.0,"max_hp_gain":0.0,"max_hp_loss":0.0,"gold_gain":0.0,"event_name":"The Cleric","player_choice":"Card Removal","floor":3.0,"gold_loss":75.0,"damage_taken":0.0},{"damage_healed":0,"gold_gain":0,"player_choice":"Paid Gold","damage_taken":0,"relics_obtained":["Strawberry"],"max_hp_gain":0,"max_hp_loss":0,"event_name":"WeMeetAgain","floor":10,"gold_loss":56}],"is_beta":false,"boss_relics":[],"items_purged_floors":[],"is_endless":false,"potions_floor_spawned":[1,5,7],"killed_by":"Exordium Thugs","ascension_level":20}