{"gold_per_floor":[211,211,229,243,168,168,185,185,185,219,219,219,233,245,245,322,322,342,359,204,204,217,217,217],"floor_reached":24,"playtime":837,"items_purged":["Strike_R","Strike_R"],"score":446,"play_id":"ce9e90a5-6612-4b26-be74-677d75e95445","local_time":"20190713132612","is_ascension_mode":true,"campfire_choices":[{"data":"Bash","floor":6,"key":"SMITH"},{"data":"Limit Break","floor":8,"key":"SMITH"},{"floor":11,"key":"REST"},{"data":"Battle Trance","floor":15,"key":"SMITH"},{"floor":23,"key":"REST"}],"neow_cost":"NONE","seed_source_timestamp":415841488284947,"circlet_count":0,"master_deck":["AscendersBane","Strike_R","Strike_R","Strike_R","Defend_R","Defend_R","Defend_R","Defend_R","Bash+1","Headbutt","Limit Break+1","Spot Weakness","Warcry","Rampage+1","Battle Trance+1","Offering","Heavy Blade+1","Metallicize+1","Flame Barrier","Iron Wave+1","Ghostly Armor+1","Headbutt+1"],"relics":["Burning Blood","Bag of Preparation","Molten Egg 2","Orrery"],"potions_floor_usage":[14,16,16,18,22,24],"damage_taken":[{"damage":15,"enemies":"Small Slimes","floor":1,"turns":4},{"damage":6,"enemies":"Cultist","floor":3,"turns":3},{"damage":14,"enemies":"Jaw Worm","floor":4,"turns":4},{"damage":13,"enemies":"Red Slaver","floor":7,"turns":3},{"damage":30,"enemies":"Lagavulin","floor":10,"turns":5},{"damage":22,"enemies":"Large Slime","floor":13,"turns":6},{"damage":3,"enemies":"3 Louse","floor":14,"turns":2},{"damage":34,"enemies":"Hexaghost","floor":16,"turns":7},{"damage":13,"enemies":"3 Byrds","floor":18,"turns":3},{"damage":29,"enemies":"Spheric Guardian","floor":19,"turns":4},{"damage":15,"enemies":"Centurion and Healer","floor":22,"turns":5},{"damage":46,"enemies":"Slavers","floor":24,"turns":3}],"seed_played":"7278956091036885914","potions_obtained":[{"floor":3,"key":"BloodPotion"},{"floor":12,"key":"Explosive Potion"},{"floor":14,"key":"FearPotion"},{"floor":16,"key":"PowerPotion"},{"floor":18,"key":"FearPotion"},{"floor":19,"key":"Energy Potion"},{"floor":22,"key":"GamblersBrew"}],"is_trial":false,"path_per_floor":["M","?","M","M","$","R","M","R","T","E","R","?","M","M","R","B",null,"M","M","$","?","M","R","E"],"character_chosen":"IRONCLAD","items_purchased":["Headbutt+1"],"campfire_rested":2,"item_purchase_floors":[20],"current_hp_per_floor":[59,59,59,51,51,51,44,44,44,20,42,42,26,29,29,19,61,54,31,31,31,22,44,0],"gold":217,"neow_bonus":"HUNDRED_GOLD","is_prod":false,"is_daily":false,"chose_seed":false,"campfire_upgraded":3,"win_rate":0,"timestamp":1562991972,"path_taken":["M","?","M","?","$","R","M","R","T","E","R","?","M","?","R","BOSS","M","M","$","?","?","R","E"],"build_version":"2019-07-05","purchased_purges":2,"victory":false,"max_hp_per_floor":[75,75,75,75,75,75,75,75,75,75,75,75,75,75,75,75,75,75,75,75,75,75,75,75],"card_choices":[{"not_picked":["Thunderclap","Perfected Strike"],"picked":"Headbutt","floor":1},{"not_picked":["Clothesline","Anger"],"picked":"Spot Weakness","floor":3},{"not_picked":["Anger","Flex","Rampage"],"picked":"SKIP","floor":4},{"not_picked":["Feel No Pain","Sword Boomerang"],"picked":"Warcry","floor":7},{"not_picked":["Second Wind","Disarm"],"picked":"Rampage+1","floor":13},{"not_picked":["Second Wind","Dropkick+1"],"picked":"Battle Trance","floor":14},{"not_picked":["Exhume","Barricade"],"picked":"Offering","floor":16},{"not_picked":["Iron Wave+1","Headbutt+1"],"picked":"Heavy Blade+1","floor":17},{"not_picked":["Inflame","Perfected Strike+1"],"picked":"Metallicize","floor":17},{"not_picked":["Sentinel","Pommel Strike+1"],"picked":"Flame Barrier","floor":17},{"not_picked":["Disarm","Sentinel"],"picked":"Iron Wave+1","floor":18},{"not_picked":["Armaments+1","Flame Barrier"],"picked":"Ghostly Armor+1","floor":19},{"not_picked":["Thunderclap+1","Ghostly Armor","Twin Strike+1"],"picked":"SKIP","floor":22}],"player_experience":975175,"relics_obtained":[{"floor":9,"key":"Bag of Preparation"},{"floor":10,"key":"Molten Egg 2"}],"event_choices":[{"damage_healed":0,"gold_gain":0,"player_choice":"1 cards matched","damage_taken":0,"max_hp_gain":0,"max_hp_loss":0,"event_name":"Match and Keep!","floor":2,"gold_loss":0,"cards_obtained":["Limit Break"]},{"damage_healed":0,"gold_gain":0,"player_choice":"Got Potions","damage_taken":0,"max_hp_gain":0,"max_hp_loss":0,"event_name":"Lab","floor":12,"gold_loss":0},{"damage_healed":0,"gold_gain":0,"player_choice":"Upgraded","damage_taken":0,"max_hp_gain":0,"max_hp_loss":0,"event_name":"Upgrade Shrine","floor":21,"gold_loss":0,"cards_upgraded":["Metallicize"]}],"is_beta":false,"boss_relics":[{"not_picked":["Lizard Tail","Coffee Dripper"],"picked":"Orrery"}],"items_purged_floors":[5,20],"is_endless":false,"potions_floor_spawned":[3,14,16,18,19,22],"killed_by":"Slavers","ascension_level":20}