{"path_per_floor":["M","?","?","?","$","E","T","M","T","?","M","M","R","?","R","B",null,"M","M","?","$"],"character_chosen":"IRONCLAD","items_purchased":["Inflame","Membership Card","Tiny Chest"],"gold_per_floor":[113,113,188,188,107,142,221,233,233,233,246,262,262,262,262,367,367,380,398,398,54],"floor_reached":22,"campfire_rested":1,"playtime":963,"current_hp_per_floor":[78,78,67,67,67,38,38,35,35,28,28,29,29,22,46,13,63,41,39,23,23],"items_purged":["Strike_R"],"gold":54,"score":246,"play_id":"b8284ddb-ea34-40bf-9a16-eb21093c4420","is_prod":false,"is_daily":false,"is_ascension_mode":true,"campfire_upgraded":1,"path_taken":["M","?","?","?","$","E","?","?","T","?","M","?","R","?","R","BOSS","M","M","?","$","M"],"build_version":"2018-02-12-PROD1","purchased_purges":2,"victory":false,"master_deck":["Strike_R","Strike_R","Strike_R","Defend_R","Defend_R","Defend_R","Defend_R","Bash","Headbutt","Inflame+1","Heavy Blade","Seeing Red","Shrug It Off","Limit Break","Twin Strike+1"],"max_hp_per_floor":[80,80,80,80,80,80,80,80,80,80,80,80,80,80,80,80,80,80,80,80,80],"relics":["Black Blood","Orichalcum","Paper Frog","Anchor","Lantern","Enchiridion","Membership Card","Tiny Chest"],"card_choices":[{"not_picked":["Power Through","Second Wind"],"picked":"Headbutt"},{"not_picked":["Immolate","Clothesline"],"picked":"Heavy Blade"},{"not_picked":["Thunderclap","Carnage"],"picked":"Seeing Red"},{"not_picked":["Perfected Strike","Combust"],"picked":"Shrug It Off"},{"not_picked":["Impervious","Dark Embrace"],"picked":"Limit Break"},{"not_picked":["Cleave","Headbutt"],"picked":"Twin Strike"}],"player_experience":290838,"potions_floor_usage":[22],"damage_taken":[{"damage":0.0,"enemies":"2 Louse","floor":1.0,"turns":3.0},{"damage":35.0,"enemies":"Lagavulin","floor":6.0,"turns":6.0},{"damage":9.0,"enemies":"Small Slimes","floor":8.0,"turns":3.0},{"damage":6.0,"enemies":"Blue Slaver","floor":11.0,"turns":4.0},{"damage":5.0,"enemies":"2 Fungi Beasts","floor":12.0,"turns":4.0},{"damage":39.0,"enemies":"Slime Boss","floor":16.0,"turns":10.0},{"damage":32.0,"enemies":"Shell Parasite","floor":18.0,"turns":5.0},{"damage":12.0,"enemies":"Chosen","floor":19.0,"turns":5.0},{"damage":23,"enemies":"3 Cultists","floor":22,"turns":5}],"event_choices":[{"event_name":"Liars Game","player_choice":"disagreed","floor":2.0,"damage_taken":0.0},{"event_name":"World of Goop","player_choice":"Gather Gold","floor":3.0,"damage_taken":0.0},{"event_name":"The Woman in Blue","player_choice":"Bought 0 Potions","floor":4.0,"damage_taken":0.0},{"event_name":"Golden Wing","player_choice":"Card Removal","floor":10.0,"damage_taken":0.0},{"event_name":"Scrap Ooze","player_choice":"success","floor":14.0,"damage_taken":7.0},{"event_name":"Cursed Tome","player_choice":"Obtained Book","floor":20.0,"damage_taken":0.0}],"boss_relics":[],"potions_floor_spawned":[6,11,16,18],"seed_played":"-1046026554266278736","killed_by":"3 Cultists","ascension_level":7,"is_trial":false}