{"path_per_floor":["M","?","?","?","M","R","$","E","T","E","$","R","?","?","R","B",null,"M","$","?","?","M","E","M","T","T"],"character_chosen":"THE_SILENT","items_purchased":["Trip","Happy Flower"],"gold_per_floor":[115,115,115,115,130,130,55,93,93,124,33,33,63,63,63,186,186,201,44,44,44,58,99,122,122,122],"floor_reached":27,"campfire_rested":2,"playtime":1337,"current_hp_per_floor":[60,43,43,43,43,43,43,27,41,20,20,45,38,38,63,9,65,45,45,45,45,38,17,2,2,2],"items_purged":["Defend_G"],"gold":122,"score":329,"play_id":"372556c0-2935-4ec2-b36b-093b00f64b74","is_prod":false,"is_daily":false,"is_ascension_mode":true,"campfire_upgraded":1,"path_taken":["M","?","?","?","?","R","$","E","T","E","?","R","?","?","R","BOSS","M","$","?","?","?","E","?","?","T","M"],"build_version":"2018-02-15-PROD1","purchased_purges":2,"victory":false,"master_deck":["Defend_G","Defend_G","Defend_G","Defend_G","Strike_G","Strike_G","Strike_G","Strike_G","Strike_G","Survivor","Neutralize","Accuracy","Cloak And Dagger+1","Dagger Throw","Trip","Burst","Cloak And Dagger","After Image","Acrobatics+1","Deflect+1"],"max_hp_per_floor":[70,70,70,70,70,70,70,70,84,84,84,84,84,84,84,84,84,84,84,84,84,84,84,84,84,84],"relics":["Ring of the Snake","Golden Idol","Oddly Smooth Stone","Mango","Bottled Flame","Tiny Chest","Question Card","Happy Flower","Ancient Tea Set","Du-Vu Doll","Bottled Lightning"],"card_choices":[{"not_picked":["Expertise","Dodge and Roll"],"picked":"Accuracy"},{"not_picked":["Deadly Poison","Sucker Punch"],"picked":"Cloak And Dagger"},{"not_picked":["Blur","Crippling Poison"],"picked":"Dagger Throw"},{"not_picked":["Wraith Form","Tools of the Trade"],"picked":"Burst"},{"not_picked":["Flying Knee","Blade Dance","PiercingWail"],"picked":"Cloak And Dagger"},{"not_picked":["Flechettes","Heel Hook","Malaise"],"picked":"Acrobatics"},{"not_picked":["Malaise","Cloak And Dagger","Deadly Poison"],"picked":"Deflect"}],"player_experience":314008,"potions_floor_usage":[8,10,10,23,23,24],"damage_taken":[{"damage":3,"enemies":"2 Louse","floor":1,"turns":3},{"damage":0,"enemies":"Small Slimes","floor":5,"turns":3},{"damage":16,"enemies":"Gremlin Nob","floor":8,"turns":5},{"damage":21,"enemies":"Lagavulin","floor":10,"turns":8},{"damage":54,"enemies":"Slime Boss","floor":16,"turns":14},{"damage":20,"enemies":"3 Byrds","floor":18,"turns":7},{"damage":7,"enemies":"Shell Parasite","floor":22,"turns":5},{"damage":21,"enemies":"Slavers","floor":23,"turns":9},{"damage":15,"enemies":"Snake Plant","floor":24,"turns":6},{"damage":7,"enemies":"Centurion and Healer","floor":27,"turns":6}],"event_choices":[{"event_name":"Golden Idol","player_choice":"Take Damage","floor":2,"damage_taken":0},{"event_name":"The Lab","player_choice":"Got Potions","floor":3,"damage_taken":0},{"event_name":"Shining Light","player_choice":"Ignored","floor":4,"damage_taken":0},{"event_name":"Scrap Ooze","player_choice":"success","floor":13,"damage_taken":7},{"event_name":"Liars Game","player_choice":"disagreed","floor":14,"damage_taken":0},{"event_name":"Match and Keep!","player_choice":"1 cards matched","floor":20,"damage_taken":0},{"event_name":"Drug Dealer","player_choice":"Ignored","floor":21,"damage_taken":0}],"boss_relics":[{"not_picked":["Cursed Key","Philosopher\u0027s Stone"],"picked":"Question Card"}],"potions_floor_spawned":[1,16,22,23],"seed_played":"1937134740801969005","killed_by":"Centurion and Healer","ascension_level":8,"is_trial":false}