{"gold_per_floor":[113,113,123,133,133,151,186,201,201,201,215,215,215,225,225,299,299,315,83,83,83,5,30,30,77,148,161,161,173,191,191],"floor_reached":31,"playtime":2435,"items_purged":[],"score":437,"play_id":"3217aa9c-e5fd-46af-b50c-55a58158ab7e","local_time":"20190626115855","is_ascension_mode":true,"campfire_choices":[{"floor":10.0,"key":"REST"},{"data":"Conserve Battery","floor":12.0,"key":"SMITH"},{"floor":15.0,"key":"REST"},{"floor":24,"key":"REST"},{"floor":28,"key":"REST"}],"neow_cost":"NONE","seed_source_timestamp":133585884818700,"circlet_count":0,"master_deck":["AscendersBane","Strike_B","Strike_B","Strike_B","Strike_B","Defend_B","Defend_B","Defend_B","Defend_B","Zap","Dualcast","Madness+1","Gash","Conserve Battery+1","FTL","Gash","All For One","Sunder","Fusion+1","Cold Snap","Hyperbeam","Reinforced Body","Capacitor","Go for the Eyes","Leap","Hologram","Steam"],"special_seed":0,"relics":["FrozenCore","Bronze Scales","StoneCalendar","TheAbacus","Sundial","War Paint","Question Card"],"potions_floor_usage":[23,27,29,31],"damage_taken":[{"damage":0.0,"enemies":"Small Slimes","floor":1.0,"turns":3.0},{"damage":7.0,"enemies":"Jaw Worm","floor":3.0,"turns":3.0},{"damage":3.0,"enemies":"2 Louse","floor":4.0,"turns":3.0},{"damage":4.0,"enemies":"Blue Slaver","floor":6.0,"turns":3.0},{"damage":59.0,"enemies":"Gremlin Nob","floor":7.0,"turns":5.0},{"damage":3.0,"enemies":"Exordium Wildlife","floor":8.0,"turns":3.0},{"damage":5.0,"enemies":"Looter","floor":11.0,"turns":3.0},{"damage":14.0,"enemies":"3 Louse","floor":14.0,"turns":2.0},{"damage":15.0,"enemies":"Hexaghost","floor":16.0,"turns":7.0},{"damage":12.0,"enemies":"Spheric Guardian","floor":18.0,"turns":3.0},{"damage":47.0,"enemies":"Colosseum Slavers","floor":20.0,"turns":7.0},{"damage":23,"enemies":"Book of Stabbing","floor":23,"turns":7},{"damage":12,"enemies":"Shell Parasite","floor":27,"turns":4},{"damage":13,"enemies":"Snecko","floor":29,"turns":4},{"damage":10,"enemies":"Snake Plant","floor":30,"turns":6},{"damage":20,"enemies":"3 Cultists","floor":31,"turns":4}],"seed_played":"-1918188472855656733","potions_obtained":[{"floor":4.0,"key":"Regen Potion"},{"floor":7.0,"key":"SkillPotion"},{"floor":11.0,"key":"FocusPotion"},{"floor":14.0,"key":"FearPotion"},{"floor":23,"key":"SteroidPotion"},{"floor":27,"key":"Weak Potion"},{"floor":30,"key":"SkillPotion"}],"is_trial":false,"path_per_floor":["M","?","M","M","?","M","E","M","T","R","M","R","?","M","R","B",null,"M","$","?","?","$","E","R","T","T","M","R","M","M","M"],"character_chosen":"DEFECT","items_purchased":["TheAbacus","Capacitor","FocusPotion"],"campfire_rested":4,"item_purchase_floors":[19,19,22],"current_hp_per_floor":[64,64,57,54,59,55,10,7,7,29,24,24,24,10,32,17,61,49,49,2,27,27,4,26,26,26,14,36,23,13,0],"gold":191,"neow_bonus":"RANDOM_COLORLESS","is_prod":false,"is_daily":false,"chose_seed":false,"campfire_upgraded":1,"win_rate":0,"timestamp":1561543135,"path_taken":["M","?","M","M","?","?","E","M","T","R","M","R","?","M","R","BOSS","M","$","?","?","$","E","R","?","T","M","R","?","M","M"],"build_version":"2019-01-23","purchased_purges":0,"victory":false,"max_hp_per_floor":[71,71,71,71,76,76,76,76,76,76,76,76,76,76,76,76,76,76,76,76,76,76,76,76,76,76,76,76,76,76,76],"card_choices":[{"not_picked":["Sweeping Beam","Recycle"],"picked":"Gash","floor":1.0},{"not_picked":["Barrage","Beam Cell"],"picked":"Conserve Battery","floor":3.0},{"not_picked":["Rebound","Sweeping Beam"],"picked":"FTL","floor":4.0},{"not_picked":["Compile Driver","Force Field"],"picked":"Gash","floor":6.0},{"not_picked":["Conserve Battery","Redo"],"picked":"All For One","floor":7.0},{"not_picked":["Sweeping Beam","Steam"],"picked":"Sunder","floor":8.0},{"not_picked":["Coolheaded","Aggregate"],"picked":"Fusion","floor":11.0},{"not_picked":["Ball Lightning","Compile Driver"],"picked":"Cold Snap","floor":14.0},{"not_picked":["Amplify","Meteor Strike"],"picked":"Hyperbeam","floor":16.0},{"not_picked":["Turbo","Ball Lightning"],"picked":"Reinforced Body","floor":18.0},{"not_picked":["Rebound","Self Repair"],"picked":"Go for the Eyes","floor":23},{"not_picked":["Turbo","Storm","Sweeping Beam"],"picked":"Leap","floor":27},{"not_picked":["Coolheaded","Streamline","Buffer"],"picked":"Hologram","floor":29},{"not_picked":["Aggregate","Rip and Tear","Ball Lightning"],"picked":"Steam","floor":30}],"player_experience":819784,"relics_obtained":[{"floor":7.0,"key":"Bronze Scales"},{"floor":9.0,"key":"StoneCalendar"},{"floor":23,"key":"Sundial"},{"floor":25,"key":"War Paint"},{"floor":26,"key":"Question Card"}],"event_choices":[{"damage_healed":0.0,"max_hp_gain":0.0,"max_hp_loss":0.0,"gold_gain":0.0,"event_name":"Shining Light","player_choice":"Ignored","floor":2.0,"gold_loss":0.0,"damage_taken":0.0},{"damage_healed":0.0,"max_hp_gain":5.0,"max_hp_loss":0.0,"gold_gain":0.0,"event_name":"Big Fish","player_choice":"Donut","floor":5.0,"gold_loss":0.0,"damage_taken":0.0},{"damage_healed":0.0,"max_hp_gain":0.0,"max_hp_loss":0.0,"gold_gain":0.0,"event_name":"Liars Game","player_choice":"Ignored","floor":13.0,"gold_loss":0.0,"damage_taken":0.0},{"damage_healed":0.0,"max_hp_gain":0.0,"max_hp_loss":0.0,"gold_gain":0.0,"event_name":"Colosseum","player_choice":"Fight","floor":20.0,"gold_loss":0.0,"damage_taken":0.0},{"damage_healed":0.0,"max_hp_gain":0.0,"max_hp_loss":0.0,"gold_gain":0.0,"event_name":"Colosseum","player_choice":"Fled From Nobs","floor":20.0,"gold_loss":0.0,"damage_taken":0.0},{"damage_healed":25.0,"max_hp_gain":0.0,"max_hp_loss":0.0,"gold_gain":0.0,"event_name":"The Library","player_choice":"Heal","floor":21.0,"gold_loss":0.0,"damage_taken":0.0}],"is_beta":false,"boss_relics":[{"not_picked":["Orrery","Velvet Choker"],"picked":"FrozenCore"}],"items_purged_floors":[],"is_endless":false,"potions_floor_spawned":[4,7,11,14,20,23,27,30],"killed_by":"3 Cultists","ascension_level":14}