{"gold_per_floor":[119,129,143,155,166,166,241,259,259,259,270,280,42,42,42,42],"floor_reached":16,"playtime":612,"items_purged":[],"score":101,"play_id":"d180a1a3-b799-4fcb-82d8-338e627b5836","local_time":"20190716153534","is_ascension_mode":true,"campfire_choices":[{"data":"Chaos","floor":6,"key":"SMITH"},{"data":"Double Energy","floor":10,"key":"SMITH"},{"data":"Storm","floor":15,"key":"SMITH"}],"neow_cost":"NONE","seed_source_timestamp":421753219546755,"circlet_count":0,"master_deck":["Strike_B","Strike_B","Strike_B","Strike_B","Defend_B","Defend_B","Defend_B","Defend_B","Zap","Dualcast","Chaos+1","Chill","Leap","Double Energy+1","Seek","Storm+1"],"relics":["Cracked Core","Singing Bowl","PrismaticShard"],"potions_floor_usage":[12,16,16,16,16],"damage_taken":[{"damage":6,"enemies":"Jaw Worm","floor":1,"turns":3},{"damage":1,"enemies":"Cultist","floor":2,"turns":3},{"damage":7,"enemies":"Small Slimes","floor":3,"turns":4},{"damage":12,"enemies":"Exordium Wildlife","floor":4,"turns":3},{"damage":10,"enemies":"Exordium Thugs","floor":5,"turns":5},{"damage":1,"enemies":"3 Louse","floor":8,"turns":4},{"damage":20,"enemies":"Large Slime","floor":11,"turns":9},{"damage":0,"enemies":"Looter","floor":12,"turns":4},{"damage":22,"enemies":"Hexaghost","floor":16,"turns":9}],"seed_played":"-1935468687670821965","potions_obtained":[{"floor":3,"key":"SteroidPotion"},{"floor":12,"key":"SteroidPotion"},{"floor":14,"key":"EntropicBrew"},{"floor":14,"key":"Ancient Potion"}],"is_trial":false,"path_per_floor":["M","M","M","M","M","R","?","M","T","R","M","M","$","?","R","B"],"character_chosen":"DEFECT","items_purchased":["Storm","PrismaticShard"],"campfire_rested":0,"item_purchase_floors":[13,13],"current_hp_per_floor":[76,75,68,56,46,46,38,37,37,37,17,19,19,19,19,0],"gold":42,"neow_bonus":"TEN_PERCENT_HP_BONUS","is_prod":false,"is_daily":false,"chose_seed":false,"campfire_upgraded":3,"win_rate":0,"timestamp":1563305734,"path_taken":["M","M","M","M","M","R","?","?","T","R","M","M","$","?","R","BOSS"],"build_version":"2019-07-05","purchased_purges":0,"victory":false,"max_hp_per_floor":[82,82,82,82,82,82,82,82,82,82,82,84,84,84,84,84],"card_choices":[{"not_picked":["Ball Lightning","Sweeping Beam"],"picked":"Chaos","floor":1},{"not_picked":["Rebound","Gash"],"picked":"Chill","floor":2},{"not_picked":["Go for the Eyes","Compile Driver","Coolheaded"],"picked":"SKIP","floor":3},{"not_picked":["Lockon","Sweeping Beam"],"picked":"Leap","floor":4},{"not_picked":["Stack","Cold Snap","Go for the Eyes"],"picked":"SKIP","floor":5},{"not_picked":["Lockon","Turbo"],"picked":"Double Energy","floor":8},{"not_picked":["Blizzard","Steam"],"picked":"Seek","floor":11},{"not_picked":["Sweeping Beam","Go for the Eyes","Skim"],"picked":"Singing Bowl","floor":12}],"player_experience":157571,"relics_obtained":[{"floor":9,"key":"Singing Bowl"}],"event_choices":[{"damage_healed":0,"gold_gain":75,"player_choice":"Touch","damage_taken":8,"max_hp_gain":0,"max_hp_loss":0,"event_name":"FaceTrader","floor":7,"gold_loss":0},{"damage_healed":0,"gold_gain":0,"player_choice":"Got Potions","damage_taken":0,"max_hp_gain":0,"max_hp_loss":0,"event_name":"Lab","floor":14,"gold_loss":0}],"is_beta":false,"boss_relics":[],"items_purged_floors":[],"is_endless":false,"potions_floor_spawned":[3,12],"killed_by":"Hexaghost","ascension_level":1}