{"gold_per_floor":[119,119,31,31,31,31,62,62,87,87,106,106,140,140,140,140],"floor_reached":16,"playtime":255,"items_purged":[],"score":208,"play_id":"99997d29-43df-4d64-8dc6-cd6a7ff397b3","local_time":"20190305001939","is_ascension_mode":true,"campfire_choices":[{"data":"Dualcast","floor":6.0,"key":"SMITH"},{"floor":8.0,"key":"REST"},{"data":"Biased Cognition","floor":12.0,"key":"SMITH"},{"data":"Redo","floor":15,"key":"SMITH"}],"neow_cost":"TEN_PERCENT_HP_LOSS","seed_source_timestamp":26752071190869,"circlet_count":0,"master_deck":["AscendersBane","Strike_B","Strike_B","Strike_B","Defend_B","Defend_B","Defend_B","Defend_B+1","Zap+1","Dualcast+1","Dramatic Entrance","Dramatic Entrance","Conserve Battery","Melter","Biased Cognition+1","Loop","Redo+1"],"special_seed":0,"relics":["Cracked Core","Mango","Juzu Bracelet","Mercury Hourglass"],"potions_floor_usage":[],"damage_taken":[{"damage":0.0,"enemies":"Small Slimes","floor":1.0,"turns":2.0},{"damage":43.0,"enemies":"Gremlin Nob","floor":7.0,"turns":4.0},{"damage":12.0,"enemies":"Jaw Worm","floor":11.0,"turns":2.0},{"damage":28,"enemies":"Lagavulin","floor":13,"turns":6},{"damage":25,"enemies":"Slime Boss","floor":16,"turns":3}],"seed_played":"7535569234281286111","potions_obtained":[],"is_trial":false,"path_per_floor":["M","?","$","?","$","R","E","R","T","?","M","R","E","?","R","B"],"character_chosen":"DEFECT","items_purchased":["Melter"],"campfire_rested":1,"item_purchase_floors":[3],"current_hp_per_floor":[64,45,45,45,45,45,16,39,39,65,53,53,25,18,18,0],"gold":140,"neow_bonus":"RANDOM_COLORLESS_2","is_prod":false,"is_daily":false,"chose_seed":false,"campfire_upgraded":3,"win_rate":0,"timestamp":1551741579,"path_taken":["M","?","$","?","$","R","E","R","T","?","M","R","E","?","R","BOSS"],"build_version":"2019-01-23","purchased_purges":0,"victory":false,"max_hp_per_floor":[64,64,64,64,64,64,78,78,78,78,78,78,78,78,78,78],"card_choices":[{"not_picked":["Gash","Streamline"],"picked":"Conserve Battery","floor":1.0},{"not_picked":["Hologram","Sweeping Beam"],"picked":"Biased Cognition","floor":7.0},{"not_picked":["Tempest","Go for the Eyes"],"picked":"Loop","floor":11.0},{"not_picked":["Leap","Stack"],"picked":"Redo","floor":13}],"player_experience":940919,"relics_obtained":[{"floor":7.0,"key":"Mango"},{"floor":9.0,"key":"Juzu Bracelet"},{"floor":13,"key":"Mercury Hourglass"}],"event_choices":[{"damage_healed":0.0,"max_hp_gain":0.0,"max_hp_loss":0.0,"gold_gain":0.0,"event_name":"Shining Light","player_choice":"Entered Light","floor":2.0,"gold_loss":0.0,"damage_taken":19.0,"cards_upgraded":["Defend_B","Zap"]},{"damage_healed":0.0,"max_hp_gain":0.0,"max_hp_loss":0.0,"gold_gain":0.0,"event_name":"The Cleric","player_choice":"Leave","floor":4.0,"gold_loss":0.0,"damage_taken":0.0},{"damage_healed":26.0,"max_hp_gain":0.0,"max_hp_loss":0.0,"gold_gain":0.0,"event_name":"Big Fish","player_choice":"Banana","floor":10.0,"gold_loss":0.0,"damage_taken":0.0},{"cards_removed":["Strike_B"],"damage_healed":0,"gold_gain":0,"player_choice":"Card Removal","damage_taken":7,"max_hp_gain":0,"max_hp_loss":0,"event_name":"Golden Wing","floor":14,"gold_loss":0}],"is_beta":false,"boss_relics":[],"items_purged_floors":[],"is_endless":false,"potions_floor_spawned":[],"killed_by":"Slime Boss","ascension_level":20}