{"path_per_floor":["M","M","?","?","M","R","M","R","T","M","E","$","M","M","R"],"character_chosen":"DEFECT","items_purchased":["Juzu Bracelet"],"gold_per_floor":[119,133,208,208,228,228,238,238,265,281,313,93,109,120,120,120],"floor_reached":16,"campfire_rested":1,"playtime":571,"item_purchase_floors":[],"current_hp_per_floor":[68,68,57,50,41,41,40,40,40,30,11,11,10,10,32,0],"items_purged":["Strike_B"],"gold":120,"score":156,"play_id":"42768524-bdfe-462d-aac5-689e403031fe","local_time":"20180522231340","is_prod":false,"is_daily":false,"chose_seed":false,"is_ascension_mode":true,"campfire_upgraded":2,"timestamp":1527023620,"campfire_choices":[{"data":"Zap","floor":6.0,"key":"SMITH"},{"data":"Coolheaded","floor":8.0,"key":"SMITH"},{"floor":15.0,"key":"REST"}],"path_taken":["M","?","?","?","?","R","M","R","T","M","E","$","M","M","R","BOSS"],"build_version":"2018-05-21v2","seed_source_timestamp":274668610912953,"purchased_purges":1,"victory":false,"master_deck":["Strike_B","Strike_B","Defend_B","Defend_B","Defend_B","Defend_B","Zap+1","Dualcast","AscendersBane","Hologram","Coolheaded+1","Sweeping Beam","Go for the Eyes","Steam"],"max_hp_per_floor":[75,75,75,75,75,75,75,75,75,75,75,75,75,75,75,75],"relics":["Cracked Core","Ancient Tea Set","Omamori","DataDisk","Juzu Bracelet"],"card_choices":[{"not_picked":["Rebound","Tempest"],"picked":"Hologram","floor":1.0},{"not_picked":["Ball Lightning","Rebound"],"picked":"Coolheaded","floor":2.0},{"not_picked":["Darkness","Ball Lightning","Turbo"],"picked":"SKIP","floor":5.0},{"not_picked":["Redo","Hello World","Turbo"],"picked":"SKIP","floor":7.0},{"not_picked":["Gash","Doom and Gloom"],"picked":"Sweeping Beam","floor":10.0},{"not_picked":["Stack","Hologram","Turbo"],"picked":"SKIP","floor":11.0},{"not_picked":["White Noise","Steam"],"picked":"Go for the Eyes","floor":13.0},{"not_picked":["Thunder Strike","Tempest"],"picked":"Steam","floor":14.0}],"player_experience":703985,"potions_floor_usage":[],"damage_taken":[{"damage":0.0,"enemies":"Cultist","floor":1.0,"turns":4.0},{"damage":0.0,"enemies":"Small Slimes","floor":2.0,"turns":4.0},{"damage":9.0,"enemies":"Jaw Worm","floor":5.0,"turns":4.0},{"damage":1.0,"enemies":"3 Louse","floor":7.0,"turns":3.0},{"damage":10.0,"enemies":"2 Fungi Beasts","floor":10.0,"turns":3.0},{"damage":19.0,"enemies":"3 Sentries","floor":11.0,"turns":7.0},{"damage":1.0,"enemies":"Red Slaver","floor":13.0,"turns":4.0},{"damage":0.0,"enemies":"Gremlin Gang","floor":14.0,"turns":3.0},{"damage":60,"enemies":"Slime Boss","floor":16,"turns":10}],"relics_obtained":[{"floor":9.0,"key":"Omamori"},{"floor":11.0,"key":"DataDisk"}],"event_choices":[{"event_name":"World of Goop","player_choice":"Gather Gold","floor":3.0,"damage_taken":0.0},{"event_name":"Golden Wing","player_choice":"Card Removal","floor":4.0,"damage_taken":0.0}],"boss_relics":[],"items_purged_floors":[],"potions_floor_spawned":[2,11],"seed_played":"-8658853941547020916","killed_by":"Slime Boss","ascension_level":10,"potions_obtained":[{"floor":2.0,"key":"FairyPotion"},{"floor":11.0,"key":"Explosive Potion"}],"is_trial":false}