{"gold_per_floor":[118,130,142,3,20,55,55,70,121,134,134,167,197,214,214,310,310,327,345,345,345,361,361,394,394,394,91,101,112,129,129,129,229,279,290,306,76,91,144,144,144,144,144,144,155,180,180,0,0,0],"floor_reached":50,"playtime":2083,"items_purged":["Zap"],"score":579,"play_id":"57e27db0-a000-451e-aa0e-7ad56ade2553","local_time":"20190715175519","is_ascension_mode":false,"campfire_choices":[{"data":"Chill","floor":7,"key":"SMITH"},{"data":"Loop","floor":11,"key":"SMITH"},{"data":"Go for the Eyes","floor":15,"key":"SMITH"},{"floor":23,"key":"REST"},{"floor":25,"key":"REST"},{"data":"Darkness","floor":32,"key":"SMITH"},{"floor":40,"key":"REST"},{"data":"Multi-Cast","floor":42,"key":"SMITH"},{"data":"Blizzard","floor":44,"key":"SMITH"},{"floor":47,"key":"REST"},{"data":"Dualcast","floor":49,"key":"SMITH"}],"neow_cost":"NONE","seed_source_timestamp":0,"circlet_count":0,"master_deck":["Strike_B","Strike_B","Strike_B","Strike_B","Defend_B","Defend_B","Defend_B","Defend_B","Dualcast+1","Cold Snap","Sunder","Chill+1","Cold Snap+1","Loop+1","Cold Snap","Leap","Genetic Algorithm","Blizzard+1","Go for the Eyes+1","Darkness+1","FTL","Amplify","Leap","Leap+1","Self Repair+1","Defragment+1","Auto Shields","Glacier+1","Streamline","Heatsinks+1","Multi-Cast+1","Genetic Algorithm","Darkness+1","Conserve Battery+1","Conserve Battery","Writhe","Redo+1","Skim"],"special_seed":0,"relics":["Cracked Core","Shuriken","Pen Nib","Frozen Egg 2","Sozu","MutagenicStrength","Ancient Tea Set","Mango","Lee\u0027s Waffle","Tiny House","Blood Vial","Prayer Wheel","Omamori","Vajra","Red Mask"],"potions_floor_usage":[16,16,16],"damage_taken":[{"damage":0.0,"enemies":"2 Louse","floor":1.0,"turns":2.0},{"damage":4,"enemies":"Jaw Worm","floor":2,"turns":3},{"damage":0,"enemies":"Small Slimes","floor":3,"turns":3},{"damage":1,"enemies":"Looter","floor":5,"turns":3},{"damage":6,"enemies":"3 Sentries","floor":6,"turns":11},{"damage":14,"enemies":"Large Slime","floor":8,"turns":6},{"damage":0,"enemies":"2 Fungi Beasts","floor":10,"turns":4},{"damage":5,"enemies":"Gremlin Nob","floor":12,"turns":5},{"damage":3,"enemies":"Blue Slaver","floor":14,"turns":3},{"damage":6,"enemies":"Hexaghost","floor":16,"turns":9},{"damage":19,"enemies":"3 Byrds","floor":18,"turns":6},{"damage":1,"enemies":"Shell Parasite","floor":19,"turns":7},{"damage":26,"enemies":"Chosen and Byrds","floor":22,"turns":7},{"damage":26,"enemies":"Gremlin Leader","floor":24,"turns":7},{"damage":14,"enemies":"Snake Plant","floor":28,"turns":6},{"damage":0,"enemies":"Centurion and Healer","floor":29,"turns":8},{"damage":0,"enemies":"Shelled Parasite and Fungi","floor":30,"turns":8},{"damage":72,"enemies":"Automaton","floor":33,"turns":16},{"damage":0,"enemies":"3 Shapes","floor":35,"turns":6},{"damage":29,"enemies":"3 Darklings","floor":36,"turns":11},{"damage":11,"enemies":"Maw","floor":38,"turns":10},{"damage":86,"enemies":"2 Orb Walkers","floor":39,"turns":10},{"damage":17,"enemies":"Transient","floor":45,"turns":5},{"damage":30,"enemies":"Nemesis","floor":46,"turns":7},{"damage":86,"enemies":"Time Eater","floor":50,"turns":16}],"seed_played":"-3583627592976721937","potions_obtained":[{"floor":2,"key":"FearPotion"},{"floor":5,"key":"SteroidPotion"},{"floor":12,"key":"FocusPotion"}],"is_trial":false,"path_per_floor":["M","M","M","$","M","E","R","M","T","M","R","E","?","M","R","B",null,"M","M","?","?","M","R","E","R","T","$","M","M","M","?","R","B",null,"M","M","$","M","?","R","?","R","T","R","M","E","R","?","R","B"],"character_chosen":"DEFECT","items_purchased":["Loop","Cold Snap","Leap","Defragment+1","Lee\u0027s Waffle","Auto Shields","Blood Vial"],"campfire_rested":4,"item_purchase_floors":[4,4,4,27,27,27,37],"current_hp_per_floor":[75,71,71,71,70,64,64,50,50,50,50,45,45,42,42,36,75,56,55,55,55,29,51,25,47,61,96,92,96,96,77,77,15,106,106,87,87,88,14,45,72,72,72,72,67,49,80,80,80,0],"gold":0,"neow_bonus":"THREE_CARDS","is_prod":false,"is_daily":false,"chose_seed":false,"campfire_upgraded":7,"win_rate":0.0,"timestamp":1563231319,"path_taken":["M","M","M","$","M","E","R","M","T","M","R","E","?","M","R","BOSS","M","M","?","?","M","R","E","R","T","$","M","M","M","?","R","BOSS","M","M","$","M","?","R","?","R","T","R","M","E","R","?","R","BOSS"],"build_version":"2019-07-05","purchased_purges":1,"victory":false,"max_hp_per_floor":[75,75,75,75,75,75,75,75,75,75,75,75,75,75,75,75,75,75,75,75,75,75,75,75,75,89,96,96,96,96,101,101,101,106,106,106,106,106,106,106,106,106,106,106,106,106,106,106,106,106],"card_choices":[{"not_picked":["Gash","Redo"],"picked":"Cold Snap","floor":0.0},{"not_picked":["Redo","Compile Driver"],"picked":"Sunder","floor":1},{"not_picked":["Static Discharge","Turbo"],"picked":"Chill","floor":2},{"not_picked":["Fusion","Redo"],"picked":"Cold Snap","floor":3},{"not_picked":["Cold Snap","Leap"],"picked":"Genetic Algorithm","floor":5},{"not_picked":["Lockon","Fusion","Streamline"],"picked":"SKIP","floor":6},{"not_picked":["Thunder Strike","Defragment"],"picked":"Blizzard","floor":8},{"not_picked":["Gash","Beam Cell"],"picked":"Go for the Eyes","floor":10},{"not_picked":["Turbo","Reinforced Body"],"picked":"Darkness","floor":12},{"not_picked":["Scrape","Chaos"],"picked":"FTL","floor":14},{"not_picked":["Reboot","Hyperbeam"],"picked":"Amplify","floor":16},{"not_picked":["Storm+1","Rebound"],"picked":"Leap","floor":18},{"not_picked":["Coolheaded","Cold Snap"],"picked":"Leap+1","floor":19},{"not_picked":["Sweeping Beam","Steam","All For One"],"picked":"SKIP","floor":22},{"not_picked":["Creative AI+1","Double Energy+1"],"picked":"Self Repair+1","floor":24},{"not_picked":["Cold Snap","Gash"],"picked":"Glacier+1","floor":28},{"not_picked":["Sweeping Beam","Compile Driver"],"picked":"Streamline","floor":29},{"not_picked":["Hologram","Redo"],"picked":"Heatsinks+1","floor":30},{"not_picked":["Seek","All For One"],"picked":"Multi-Cast","floor":33},{"not_picked":["Hologram","Lockon"],"picked":"Genetic Algorithm","floor":34},{"not_picked":["Leap+1","Lockon+1"],"picked":"Darkness+1","floor":35},{"not_picked":["Melter+1","Double Energy"],"picked":"Conserve Battery+1","floor":36},{"not_picked":["Force Field+1","Gash+1","Sweeping Beam"],"picked":"SKIP","floor":38},{"not_picked":["Double Energy+1","Go for the Eyes"],"picked":"Conserve Battery","floor":39},{"not_picked":["Aggregate","Conserve Battery"],"picked":"Redo+1","floor":45},{"not_picked":["Turbo","Chaos","Rip and Tear"],"picked":"SKIP","floor":45},{"not_picked":["Rainbow","Ball Lightning+1"],"picked":"Skim","floor":46}],"player_experience":85982,"relics_obtained":[{"floor":6,"key":"Shuriken"},{"floor":9,"key":"Pen Nib"},{"floor":12,"key":"Frozen Egg 2"},{"floor":24,"key":"Ancient Tea Set"},{"floor":26,"key":"Mango"},{"floor":39,"key":"Prayer Wheel"},{"floor":43,"key":"Omamori"},{"floor":46,"key":"Vajra"}],"event_choices":[{"damage_healed":0,"gold_gain":30,"player_choice":"Searched \u00271\u0027 times","damage_taken":0,"max_hp_gain":0,"max_hp_loss":0,"event_name":"Dead Adventurer","floor":13,"gold_loss":0},{"damage_healed":0,"gold_gain":0,"player_choice":"Inject Mutagens","damage_taken":0,"relics_obtained":["MutagenicStrength"],"max_hp_gain":0,"max_hp_loss":0,"event_name":"Drug Dealer","floor":20,"gold_loss":0},{"damage_healed":0,"gold_gain":0,"player_choice":"Ignored","damage_taken":0,"max_hp_gain":0,"max_hp_loss":0,"event_name":"Vampires","floor":21,"gold_loss":0},{"damage_healed":0,"gold_gain":0,"player_choice":"Shed Blood","damage_taken":24,"max_hp_gain":5,"max_hp_loss":0,"event_name":"Forgotten Altar","floor":31,"gold_loss":0},{"damage_healed":0,"gold_gain":0,"player_choice":"Fight","damage_taken":0,"max_hp_gain":0,"max_hp_loss":0,"event_name":"Mysterious Sphere","floor":39,"gold_loss":0},{"damage_healed":27,"gold_gain":0,"player_choice":"Writhe","damage_taken":0,"max_hp_gain":0,"max_hp_loss":0,"event_name":"Winding Halls","floor":41,"gold_loss":0,"cards_obtained":["Writhe"]},{"damage_healed":0,"gold_gain":0,"player_choice":"Paid","damage_taken":0,"relics_obtained":["Red Mask"],"max_hp_gain":0,"max_hp_loss":0,"event_name":"Tomb of Lord Red Mask","floor":48,"gold_loss":180}],"is_beta":false,"boss_relics":[{"not_picked":["Snecko Eye","Runic Dome"],"picked":"Sozu"},{"not_picked":["Fusion Hammer","Nuclear Battery"],"picked":"Tiny House"}],"items_purged_floors":[37],"is_endless":false,"potions_floor_spawned":[2,5,12,22,29,33,35,36,39,46],"killed_by":"Time Eater","ascension_level":0}