{"gold_per_floor":[113,131,33,50,50,76,76,111,180,180,193,193,203,203],"floor_reached":14,"playtime":582,"items_purged":["Defend_G"],"score":115,"play_id":"2257d9f5-f819-443a-8827-fac5b51b2789","local_time":"20190729153325","is_ascension_mode":true,"campfire_choices":[{"data":"Metamorphosis","floor":7,"key":"SMITH"},{"data":"Blade Dance","floor":10,"key":"SMITH"}],"neow_cost":"TEN_PERCENT_HP_LOSS","seed_source_timestamp":1544863595444115,"circlet_count":0,"master_deck":["Strike_G","Strike_G","Strike_G","Strike_G","Strike_G","Defend_G+1","Defend_G","Defend_G+1","Survivor","Neutralize","PanicButton","Metamorphosis+1","Endless Agony","Cloak And Dagger","Cloak And Dagger","PiercingWail","Blade Dance+1"],"relics":["Ring of the Snake","Incense Burner","Omamori","Toxic Egg 2"],"potions_floor_usage":[14],"damage_taken":[{"damage":0,"enemies":"2 Louse","floor":1,"turns":3},{"damage":3,"enemies":"Small Slimes","floor":2,"turns":5},{"damage":0,"enemies":"Cultist","floor":4,"turns":4},{"damage":2,"enemies":"Gremlin Nob","floor":6,"turns":4},{"damage":28,"enemies":"Lagavulin","floor":8,"turns":7},{"damage":6,"enemies":"Blue Slaver","floor":11,"turns":3},{"damage":1,"enemies":"Exordium Thugs","floor":13,"turns":3},{"damage":10,"enemies":"Gremlin Nob","floor":14,"turns":2}],"seed_played":"-3711145242214304950","potions_obtained":[{"floor":4,"key":"LiquidBronze"},{"floor":13,"key":"GamblersBrew"}],"is_trial":false,"path_per_floor":["M","M","$","M","?","E","R","E","T","R","M","?","M","E"],"character_chosen":"THE_SILENT","items_purchased":["Cloak And Dagger"],"campfire_rested":0,"item_purchase_floors":[3],"current_hp_per_floor":[63,60,60,60,47,45,45,17,17,17,11,11,10,0],"gold":203,"neow_bonus":"RANDOM_COLORLESS_2","is_prod":false,"is_daily":false,"chose_seed":false,"campfire_upgraded":2,"win_rate":0,"timestamp":1564428805,"path_taken":["M","M","$","M","?","E","R","E","T","R","M","?","?","E"],"build_version":"2019-07-17","purchased_purges":1,"victory":false,"max_hp_per_floor":[63,63,63,63,63,63,63,63,63,63,63,63,63,63],"card_choices":[{"not_picked":["Predator","Dash"],"picked":"Endless Agony","floor":1},{"not_picked":["Slice","Backflip"],"picked":"Cloak And Dagger","floor":2},{"not_picked":["All Out Attack","Caltrops"],"picked":"PiercingWail","floor":4},{"not_picked":["Acrobatics","Calculated Gamble"],"picked":"Blade Dance","floor":6},{"not_picked":["Distraction","Well Laid Plans","All Out Attack"],"picked":"SKIP","floor":8},{"not_picked":["Acrobatics+1","Riddle With Holes","Reflex+1"],"picked":"SKIP","floor":11},{"not_picked":["Dagger Throw","Poisoned Stab","Bane"],"picked":"SKIP","floor":13}],"player_experience":202014,"relics_obtained":[{"floor":6,"key":"Incense Burner"},{"floor":8,"key":"Omamori"},{"floor":9,"key":"Toxic Egg 2"}],"event_choices":[{"damage_healed":0,"gold_gain":0,"player_choice":"Entered Light","damage_taken":13,"max_hp_gain":0,"max_hp_loss":0,"event_name":"Shining Light","floor":5,"gold_loss":0,"cards_upgraded":["Defend_G","Defend_G"]},{"cards_removed":["Defend_G"],"damage_healed":0,"gold_gain":0,"player_choice":"Purged","damage_taken":0,"max_hp_gain":0,"max_hp_loss":0,"event_name":"Purifier","floor":12,"gold_loss":0}],"is_beta":false,"boss_relics":[],"items_purged_floors":[3],"is_endless":false,"potions_floor_spawned":[4,13],"killed_by":"Gremlin Nob","ascension_level":3}