{"gold_per_floor":[111,111,36,52,52,85,85,97,124,124,154,167,67,79,79,151,151,171,46,46,46,0,0,11,11,11,11],"floor_reached":27,"playtime":847,"items_purged":["Strike_R","Strike_R","Strike_R"],"score":488,"play_id":"bd14dad5-5b56-4be2-8877-7439723b8ea1","local_time":"20190713165006","is_ascension_mode":true,"campfire_choices":[{"data":"True Grit","floor":7.0,"key":"SMITH"},{"data":"Rampage","floor":10.0,"key":"SMITH"},{"data":"Metallicize","floor":15.0,"key":"SMITH"},{"data":"Berserk","floor":23,"key":"SMITH"},{"floor":25,"key":"REST"}],"neow_cost":"NONE","seed_source_timestamp":427880057242417,"circlet_count":0,"master_deck":["AscendersBane","Defend_R","Defend_R","Bash","Power Through","Rampage+1","Thunderclap","True Grit+1","Headbutt","Sever Soul","Metallicize+1","Berserk+1","Seeing Red+1","Anger+1","Seeing Red+1","Shrug It Off+1","Sentinel+1"],"special_seed":0,"relics":["Burning Blood","NeowsBlessing","Blood Vial","Anchor","Orichalcum","Astrolabe","Incense Burner"],"potions_floor_usage":[],"damage_taken":[{"damage":0.0,"enemies":"Cultist","floor":1.0,"turns":1.0},{"damage":0.0,"enemies":"Jaw Worm","floor":4.0,"turns":1.0},{"damage":0.0,"enemies":"3 Sentries","floor":6.0,"turns":1.0},{"damage":0.0,"enemies":"Small Slimes","floor":8.0,"turns":3.0},{"damage":20.0,"enemies":"Lagavulin","floor":11.0,"turns":7.0},{"damage":11.0,"enemies":"Blue Slaver","floor":12.0,"turns":4.0},{"damage":0.0,"enemies":"3 Louse","floor":14.0,"turns":3.0},{"damage":55.0,"enemies":"Slime Boss","floor":16.0,"turns":9.0},{"damage":8,"enemies":"Chosen","floor":18,"turns":5},{"damage":13,"enemies":"Shell Parasite","floor":24,"turns":7},{"damage":59,"enemies":"Slavers","floor":27,"turns":4}],"seed_played":"6831832503072424570","potions_obtained":[{"floor":1.0,"key":"LiquidBronze"},{"floor":4.0,"key":"LiquidBronze"},{"floor":12.0,"key":"Fire Potion"},{"floor":14.0,"key":"SkillPotion"},{"floor":18,"key":"Poison Potion"}],"is_trial":false,"path_per_floor":["M","?","$","M","?","E","R","M","T","R","E","M","$","M","R","B",null,"M","$","?","?","?","R","M","R","T","E"],"character_chosen":"IRONCLAD","items_purchased":[],"campfire_rested":1,"item_purchase_floors":[],"current_hp_per_floor":[74,79,79,80,80,80,80,80,80,80,66,63,63,71,71,24,66,66,66,43,43,43,43,38,63,63,6],"gold":11,"neow_bonus":"THREE_ENEMY_KILL","is_prod":false,"is_daily":false,"chose_seed":false,"campfire_upgraded":4,"win_rate":0,"timestamp":1563004206,"path_taken":["M","?","$","M","?","E","R","M","T","R","E","M","?","M","R","BOSS","M","$","?","?","?","R","M","R","T","E"],"build_version":"2019-07-05","purchased_purges":3,"victory":false,"max_hp_per_floor":[75,80,80,80,80,80,80,80,80,80,80,80,80,80,80,80,80,80,80,85,85,85,85,85,85,85,85],"card_choices":[{"not_picked":["Shockwave","Clash"],"picked":"Power Through","floor":1.0},{"not_picked":["Disarm","Blood for Blood"],"picked":"Rampage","floor":4.0},{"not_picked":["Anger","Second Wind"],"picked":"True Grit","floor":6.0},{"not_picked":["Shockwave","Searing Blow"],"picked":"Headbutt","floor":8.0},{"not_picked":["Inflame","Corruption"],"picked":"Sever Soul","floor":11.0},{"not_picked":["Pommel Strike","Havoc"],"picked":"Metallicize","floor":12.0},{"not_picked":["True Grit","Havoc","Rage"],"picked":"SKIP","floor":14.0},{"not_picked":["True Grit","Havoc","Rage"],"picked":"SKIP","floor":14.0},{"not_picked":["Bludgeon","Feed"],"picked":"Berserk","floor":16.0},{"not_picked":["Intimidate","Havoc"],"picked":"Shrug It Off+1","floor":18},{"not_picked":["Inflame","Havoc"],"picked":"Sentinel+1","floor":24}],"player_experience":976398,"relics_obtained":[{"floor":6.0,"key":"Blood Vial"},{"floor":9.0,"key":"Anchor"},{"floor":11.0,"key":"Orichalcum"},{"floor":26,"key":"Incense Burner"}],"event_choices":[{"damage_healed":0.0,"max_hp_gain":5.0,"max_hp_loss":0.0,"gold_gain":0.0,"event_name":"Big Fish","player_choice":"Donut","floor":2.0,"gold_loss":0.0,"damage_taken":0.0},{"damage_healed":0.0,"max_hp_gain":0.0,"max_hp_loss":0.0,"gold_gain":0.0,"cards_transformed":["Defend_R"],"event_name":"Transmorgrifier","player_choice":"Transformed","floor":5.0,"gold_loss":0.0,"damage_taken":0.0,"cards_obtained":["Thunderclap"]},{"damage_healed":0,"gold_gain":0,"player_choice":"Shed Blood","damage_taken":28,"max_hp_gain":5,"max_hp_loss":0,"event_name":"Forgotten Altar","floor":20,"gold_loss":0},{"damage_healed":0,"gold_gain":0,"player_choice":"Ignored","damage_taken":0,"max_hp_gain":0,"max_hp_loss":0,"event_name":"Ghosts","floor":21,"gold_loss":0},{"damage_healed":0,"gold_gain":0,"player_choice":"Paid Fearfully","damage_taken":0,"max_hp_gain":0,"max_hp_loss":0,"event_name":"Masked Bandits","floor":22,"gold_loss":46}],"is_beta":false,"boss_relics":[{"not_picked":["Ectoplasm","White Beast Statue"],"picked":"Astrolabe"}],"items_purged_floors":[3,13,19],"is_endless":false,"potions_floor_spawned":[1,4,12,14,18],"killed_by":"Slavers","ascension_level":20}