{"gold_per_floor":[115,70,20,38,38,38,52,66,92,92,102,129,129,129,129,226,226,244,244,244,254,270,270,286,286,286,286,286,286,286,138,138,236,236,249,349,368,19,19,19,38,38],"floor_reached":42,"playtime":1184,"items_purged":["Defend_B"],"score":458,"play_id":"b00f171e-01fa-4fd2-a5fe-6a7a8765a858","local_time":"20190716204751","is_ascension_mode":true,"campfire_choices":[{"data":"White Noise","floor":6,"key":"SMITH"},{"floor":10,"key":"RECALL"},{"data":"Defragment","floor":13,"key":"SMITH"},{"data":"Self Repair","floor":15,"key":"SMITH"},{"data":"Strike_B","floor":23,"key":"PURGE"},{"floor":25,"key":"REST"},{"data":"Strike_B","floor":27,"key":"PURGE"},{"data":"Strike_B","floor":28,"key":"PURGE"},{"data":"Defend_B","floor":30,"key":"PURGE"},{"data":"Strike_B","floor":32,"key":"PURGE"},{"data":"Writhe","floor":40,"key":"PURGE"}],"neow_cost":"NONE","seed_source_timestamp":439916792220288,"circlet_count":0,"master_deck":["Zap","Dualcast","Self Repair+1","Ball Lightning","Ball Lightning","Bandage Up","White Noise+1","Zap","Defragment+1","Gash","Biased Cognition","Gash+1","Defragment+1","Gash","Scrape","Echo Form","Turbo+1","Gash"],"relics":["Cracked Core","Ancient Tea Set","Bottled Lightning","Ornamental Fan","Philosopher\u0027s Stone","Peace Pipe","WingedGreaves","Empty Cage","MealTicket","Blood Vial"],"potions_floor_usage":[0,8,12,16,22,37],"damage_taken":[{"damage":3,"enemies":"2 Louse","floor":1,"turns":2},{"damage":1,"enemies":"Cultist","floor":4,"turns":3},{"damage":7,"enemies":"Jaw Worm","floor":7,"turns":2},{"damage":12,"enemies":"Lots of Slimes","floor":8,"turns":3},{"damage":3,"enemies":"Exordium Wildlife","floor":11,"turns":3},{"damage":16,"enemies":"Gremlin Nob","floor":12,"turns":3},{"damage":37,"enemies":"Slime Boss","floor":16,"turns":7},{"damage":46,"enemies":"3 Byrds","floor":18,"turns":4},{"damage":9,"enemies":"Chosen","floor":21,"turns":3},{"damage":11,"enemies":"Snecko","floor":22,"turns":4},{"damage":40,"enemies":"Snake Plant","floor":24,"turns":4},{"damage":64,"enemies":"Collector","floor":33,"turns":6},{"damage":28,"enemies":"Orb Walker","floor":35,"turns":3},{"damage":36,"enemies":"3 Shapes","floor":37,"turns":3},{"damage":34,"enemies":"Spire Growth","floor":41,"turns":4},{"damage":61,"enemies":"Giant Head","floor":42,"turns":5}],"seed_played":"-5547894302212271000","potions_obtained":[{"floor":0,"key":"Energy Potion"},{"floor":0,"key":"Fruit Juice"},{"floor":0,"key":"LiquidBronze"},{"floor":1,"key":"Explosive Potion"},{"floor":4,"key":"Poison Potion"},{"floor":18,"key":"Fire Potion"},{"floor":21,"key":"AttackPotion"},{"floor":33,"key":"FearPotion"},{"floor":35,"key":"Dexterity Potion"}],"is_trial":false,"path_per_floor":["M","$","?","M","?","R","M","M","T","R","M","E","R","T","R","B",null,"M","?","?","M","M","R","M","R","T","R","R","?","R","$","R","B",null,"M","?","M","$","?","R","M","E"],"character_chosen":"DEFECT","items_purchased":["Ball Lightning","Scrape","MealTicket","Blood Vial"],"campfire_rested":1,"item_purchase_floors":[2,31,38,38],"current_hp_per_floor":[77,77,77,80,80,80,73,72,72,72,80,75,75,75,75,52,80,44,44,44,49,42,42,16,40,40,40,40,80,80,80,80,30,80,62,62,40,40,60,60,42,0],"gold":38,"neow_bonus":"THREE_SMALL_POTIONS","is_prod":false,"is_daily":false,"chose_seed":false,"campfire_upgraded":3,"win_rate":0,"timestamp":1563324471,"path_taken":["M","$","?","?","?","R","M","?","T","R","M","E","R","?","R","BOSS","M","?","?","M","?","R","M","R","T","R","R","?","R","$","R","BOSS","M","?","?","$","?","R","M","E"],"build_version":"2019-07-05","purchased_purges":1,"victory":false,"max_hp_per_floor":[80,80,80,80,80,80,80,80,80,80,80,80,80,80,80,80,80,80,80,80,80,80,80,80,80,80,80,80,80,80,80,80,80,80,80,80,80,80,80,80,80,80],"card_choices":[{"not_picked":["Skim","Cold Snap"],"picked":"Self Repair","floor":1},{"not_picked":["Go for the Eyes","Beam Cell"],"picked":"Ball Lightning","floor":4},{"not_picked":["Tempest","Chaos"],"picked":"Defragment","floor":7},{"not_picked":["Doom and Gloom","Compile Driver","Aggregate"],"picked":"SKIP","floor":8},{"not_picked":["Beam Cell","Conserve Battery"],"picked":"Gash","floor":11},{"not_picked":["Doom and Gloom","Stack","Barrage"],"picked":"SKIP","floor":12},{"not_picked":["Echo Form","Amplify"],"picked":"Biased Cognition","floor":16},{"not_picked":["Conserve Battery+1","Cold Snap"],"picked":"Gash+1","floor":18},{"not_picked":["Sweeping Beam","Streamline"],"picked":"Defragment+1","floor":21},{"not_picked":["Leap+1","Rebound"],"picked":"Gash","floor":22},{"not_picked":["Compile Driver","Steam Power","Force Field"],"picked":"SKIP","floor":24},{"not_picked":["Creative AI","Core Surge"],"picked":"Echo Form","floor":33},{"not_picked":["Sunder","Coolheaded"],"picked":"Turbo+1","floor":35},{"not_picked":["Conserve Battery","Cold Snap+1","Streamline"],"picked":"SKIP","floor":37},{"not_picked":["Beam Cell","Hologram"],"picked":"Gash","floor":41}],"player_experience":174489,"relics_obtained":[{"floor":12,"key":"Bottled Lightning"},{"floor":14,"key":"Ornamental Fan"},{"floor":26,"key":"WingedGreaves"}],"event_choices":[{"damage_healed":0,"gold_gain":0,"player_choice":"Paid Gold","damage_taken":0,"relics_obtained":["Ancient Tea Set"],"max_hp_gain":0,"max_hp_loss":0,"event_name":"WeMeetAgain","floor":3,"gold_loss":50},{"damage_healed":0,"gold_gain":0,"player_choice":"3 cards matched","damage_taken":0,"max_hp_gain":0,"max_hp_loss":0,"event_name":"Match and Keep!","floor":5,"gold_loss":0,"cards_obtained":["Bandage Up","White Noise","Zap"]},{"damage_healed":0,"gold_gain":0,"player_choice":"Stole Relic","damage_taken":0,"relics_obtained":["Peace Pipe"],"max_hp_gain":0,"max_hp_loss":0,"event_name":"Addict","floor":19,"gold_loss":0,"cards_obtained":["Shame"]},{"cards_removed":["Shame"],"damage_healed":0,"gold_gain":0,"player_choice":"Removed Curses","damage_taken":0,"max_hp_gain":0,"max_hp_loss":0,"event_name":"Fountain of Cleansing","floor":20,"gold_loss":0},{"damage_healed":40,"gold_gain":0,"player_choice":"Full Heal","damage_taken":0,"max_hp_gain":0,"max_hp_loss":0,"event_name":"Wheel of Change","floor":29,"gold_loss":0},{"damage_healed":0,"gold_gain":100,"player_choice":"Pray","damage_taken":0,"max_hp_gain":0,"max_hp_loss":0,"event_name":"Golden Shrine","floor":36,"gold_loss":0},{"damage_healed":20,"gold_gain":0,"player_choice":"Writhe","damage_taken":0,"max_hp_gain":0,"max_hp_loss":0,"event_name":"Winding Halls","floor":39,"gold_loss":0,"cards_obtained":["Writhe"]}],"is_beta":false,"boss_relics":[{"not_picked":["FrozenCore","Ectoplasm"],"picked":"Philosopher\u0027s Stone"},{"not_picked":["Eternal Feather","Velvet Choker"],"picked":"Empty Cage"}],"items_purged_floors":[31],"is_endless":false,"potions_floor_spawned":[1,4,18,21,33,35],"killed_by":"Giant Head","ascension_level":2}