{"gold_per_floor":[109,109,31,49,68,68,68,68,68,109,127,150,150,174,174,299,299,323,323,39,39,55,55,55,75,75,75,94,112,12,28,28,28],"floor_reached":33,"playtime":1252,"items_purged":["Strike_B","Injury"],"score":386,"play_id":"64bccbe1-8b31-402a-a8e2-df0998f77d38","local_time":"20180808222059","is_ascension_mode":true,"campfire_choices":[{"data":"Barrage","floor":6.0,"key":"SMITH"},{"data":"Dualcast","floor":8.0,"key":"SMITH"},{"data":"Coolheaded","floor":13,"key":"SMITH"},{"data":"Redo","floor":15,"key":"SMITH"},{"data":"Coolheaded","floor":23,"key":"SMITH"},{"data":"Loop","floor":27,"key":"SMITH"},{"floor":32,"key":"REST"}],"neow_cost":"NONE","seed_source_timestamp":470614289619289,"circlet_count":0,"master_deck":["Strike_B","Strike_B","Strike_B","Defend_B","Defend_B","Defend_B","Defend_B","Zap+1","Dualcast+1","AscendersBane","Barrage+1","Capacitor","FTL","Compile Driver","Coolheaded+1","Beam Cell","Redo+1","Reboot","Heatsinks+1","Coolheaded+1","Turbo","Loop+1","Go for the Eyes","Steam"],"special_seed":0,"relics":["Cracked Core","Kunai","Golden Idol","Meat on the Bone","Cursed Key","HandDrill","Mummified Hand"],"potions_floor_usage":[16,22,29],"damage_taken":[{"damage":0.0,"enemies":"2 Louse","floor":1.0,"turns":4.0},{"damage":5.0,"enemies":"Small Slimes","floor":4.0,"turns":3.0},{"damage":7.0,"enemies":"Jaw Worm","floor":5.0,"turns":3.0},{"damage":42.0,"enemies":"Lagavulin","floor":10.0,"turns":6.0},{"damage":0,"enemies":"Exordium Wildlife","floor":11,"turns":3},{"damage":9,"enemies":"Red Slaver","floor":12,"turns":3},{"damage":6,"enemies":"Blue Slaver","floor":14,"turns":4},{"damage":18,"enemies":"The Guardian","floor":16,"turns":10},{"damage":6,"enemies":"Chosen","floor":18,"turns":4},{"damage":16,"enemies":"Shell Parasite","floor":22,"turns":4},{"damage":28,"enemies":"Snake Plant","floor":25,"turns":4},{"damage":17,"enemies":"Snecko","floor":28,"turns":5},{"damage":21,"enemies":"Slaver and Parasite","floor":29,"turns":4},{"damage":12,"enemies":"Sentry and Sphere","floor":31,"turns":4},{"damage":51,"enemies":"Champ","floor":33,"turns":8}],"seed_played":"6188430351071606625","potions_obtained":[{"floor":10,"key":"SpeedPotion"},{"floor":11,"key":"SkillPotion"},{"floor":16,"key":"SpeedPotion"},{"floor":18,"key":"PowerPotion"},{"floor":29,"key":"FearPotion"},{"floor":31,"key":"Weak Potion"}],"is_trial":false,"path_per_floor":["M","?","$","M","M","R","?","R","T","E","M","M","R","M","R","B",null,"M","?","$","?","M","R","?","M","T","R","M","M","$","M","R"],"character_chosen":"DEFECT","items_purchased":["Capacitor","HandDrill"],"campfire_rested":1,"item_purchase_floors":[3,20],"current_hp_per_floor":[68,61,61,56,49,49,49,49,49,19,31,34,34,40,40,34,60,54,54,54,54,45,45,45,29,29,29,24,15,15,15,35,0],"gold":28,"neow_bonus":"UPGRADE_CARD","is_prod":false,"is_daily":false,"chose_seed":false,"campfire_upgraded":6,"win_rate":0,"timestamp":1533759659,"path_taken":["M","?","$","M","M","R","?","R","T","E","M","M","R","M","R","BOSS","M","?","$","?","?","R","?","M","T","R","?","M","?","M","R","BOSS"],"build_version":"2018-08-02","purchased_purges":2,"victory":false,"max_hp_per_floor":[75,75,75,75,75,75,69,69,69,69,69,69,69,69,69,69,69,69,69,69,69,69,69,69,69,69,69,69,69,69,69,69,69],"card_choices":[{"not_picked":["Stack","Ball Lightning"],"picked":"Barrage","floor":1.0},{"not_picked":["Tempest","Redo"],"picked":"FTL","floor":4.0},{"not_picked":["Hello World","Auto Shields","Stack"],"picked":"SKIP","floor":5.0},{"not_picked":["Cold Snap","Multi-Cast"],"picked":"Compile Driver","floor":10},{"not_picked":["Redo","White Noise"],"picked":"Coolheaded","floor":11},{"not_picked":["Compile Driver","Heatsinks"],"picked":"Beam Cell","floor":12},{"not_picked":["Aggregate","Beam Cell"],"picked":"Redo","floor":14},{"not_picked":["Multi-Cast","Biased Cognition"],"picked":"Reboot","floor":16},{"not_picked":["Hologram","Self Repair"],"picked":"Heatsinks+1","floor":18},{"not_picked":["Tempest","Gash+1"],"picked":"Turbo","floor":22},{"not_picked":["Sunder+1","Blizzard"],"picked":"Loop","floor":25},{"not_picked":["Blizzard","Scrape+1"],"picked":"Go for the Eyes","floor":28},{"not_picked":["Steam Power+1","Go for the Eyes+1"],"picked":"Steam","floor":29},{"not_picked":["Static Discharge","Lockon","Ball Lightning"],"picked":"SKIP","floor":31}],"player_experience":604430,"relics_obtained":[{"floor":9.0,"key":"Meat on the Bone"},{"floor":26,"key":"Mummified Hand"}],"event_choices":[{"event_name":"Scrap Ooze","player_choice":"success","floor":2.0,"damage_taken":7.0},{"event_name":"Golden Idol","player_choice":"Lose Max HP","floor":7.0,"damage_taken":0.0},{"event_name":"The Library","player_choice":"Read","floor":19,"damage_taken":0},{"event_name":"Ghosts","player_choice":"Ignored","floor":21,"damage_taken":0},{"event_name":"Addict","player_choice":"Ignored","floor":24,"damage_taken":0}],"is_beta":false,"boss_relics":[{"not_picked":["Runic Dome","Lizard Tail"],"picked":"Cursed Key"}],"items_purged_floors":[20,30],"is_endless":false,"potions_floor_spawned":[10,11,16,18,29,31],"killed_by":"Champ","ascension_level":11}