{"gold_per_floor":[20,20,39,39,63,63,94,133,159,159,84,84,102,122,122,245,245,269,269,194,204,32,63,81,107,130,130,15,28,46,59,59,154,154,173,173,173,173],"floor_reached":38,"playtime":1664,"items_purged":["Strike_R","Strike_R"],"score":444,"play_id":"d639214d-4733-499e-ad7f-3cf61033c985","local_time":"20190413184200","is_ascension_mode":false,"campfire_choices":[{"floor":6,"key":"RECALL"},{"data":"Rampage","floor":10,"key":"SMITH"},{"data":"Berserk","floor":12,"key":"SMITH"},{"data":"Berserk","floor":15,"key":"SMITH"},{"data":"Whirlwind","floor":32,"key":"SMITH"}],"neow_cost":"NO_GOLD","seed_source_timestamp":255734935733227,"circlet_count":0,"master_deck":["Strike_R","Defend_R","Defend_R","Defend_R","Defend_R","Bash","Rampage+1","Dropkick","Impervious","Berserk+1","Berserk+1","Thunderclap","Bludgeon","Cleave","Inflame","Carnage+1","Feed","Body Slam+1","Whirlwind+1","Shrug It Off","Flex","Barricade","Body Slam","Madness","Madness","Discovery","Finesse","Deep Breath"],"relics":["Black Blood","Gambling Chip","Bloody Idol","Odd Mushroom","Anchor","Sozu","Bag of Preparation","Red Mask","Red Skull"],"potions_floor_usage":[7,8,16,16,21],"damage_taken":[{"damage":7,"enemies":"2 Louse","floor":1,"turns":3},{"damage":6,"enemies":"Jaw Worm","floor":3,"turns":3},{"damage":0,"enemies":"Small Slimes","floor":5,"turns":3},{"damage":13,"enemies":"The Mushroom Lair","floor":7,"turns":3},{"damage":30,"enemies":"3 Sentries","floor":8,"turns":9},{"damage":4,"enemies":"Exordium Wildlife","floor":13,"turns":3},{"damage":5,"enemies":"Large Slime","floor":14,"turns":5},{"damage":0,"enemies":"Hexaghost","floor":16,"turns":9},{"damage":0,"enemies":"Spheric Guardian","floor":18,"turns":4},{"damage":0,"enemies":"Chosen","floor":21,"turns":3},{"damage":23,"enemies":"Gremlin Leader","floor":23,"turns":6},{"damage":0,"enemies":"Snecko","floor":24,"turns":3},{"damage":11,"enemies":"Masked Bandits","floor":25,"turns":3},{"damage":17,"enemies":"3 Cultists","floor":29,"turns":4},{"damage":0,"enemies":"Snake Plant","floor":30,"turns":2},{"damage":5,"enemies":"Snecko","floor":31,"turns":4},{"damage":59,"enemies":"Champ","floor":33,"turns":9},{"damage":18,"enemies":"Orb Walker","floor":35,"turns":3},{"damage":64,"enemies":"2 Orb Walkers","floor":38,"turns":3}],"seed_played":"7754810019595717862","potions_obtained":[{"floor":5,"key":"SteroidPotion"},{"floor":7,"key":"Energy Potion"},{"floor":8,"key":"PowerPotion"},{"floor":14,"key":"Ancient Potion"},{"floor":16,"key":"Fire Potion"}],"is_trial":false,"path_per_floor":["M","?","M","?","M","R","?","E","T","R","$","R","M","M","R","B",null,"M","?","?","M","$","E","M","?","T","?","$","M","M","M","R","B",null,"M","?","?","?"],"character_chosen":"IRONCLAD","items_purchased":["Inflame","Whirlwind","Shrug It Off"],"campfire_rested":0,"item_purchase_floors":[22,28,28],"current_hp_per_floor":[79,74,74,74,74,74,67,43,43,43,43,43,45,46,46,52,74,74,74,74,74,74,62,73,73,74,74,74,71,80,83,83,35,83,80,70,60,0],"gold":173,"neow_bonus":"ONE_RARE_RELIC","is_prod":false,"is_daily":false,"chose_seed":false,"campfire_upgraded":4,"win_rate":0,"timestamp":1555198920,"path_taken":["M","?","M","?","M","R","?","E","T","R","?","R","M","M","R","BOSS","M","?","?","M","$","E","M","?","T","?","$","M","?","M","R","BOSS","M","?","?","?"],"build_version":"2019-01-23","purchased_purges":2,"victory":false,"max_hp_per_floor":[80,74,74,74,74,74,74,74,74,74,74,74,74,74,74,74,74,74,74,74,74,74,74,74,74,74,74,74,77,80,83,83,83,83,83,83,83,83],"card_choices":[{"not_picked":["Thunderclap","Body Slam"],"picked":"Rampage","floor":1},{"not_picked":["Disarm","Perfected Strike"],"picked":"Dropkick","floor":3},{"not_picked":["Perfected Strike","Iron Wave","Heavy Blade"],"picked":"SKIP","floor":5},{"not_picked":["Combust","Twin Strike"],"picked":"Berserk","floor":7},{"not_picked":["Disarm","Havoc"],"picked":"Berserk","floor":8},{"not_picked":["Rampage","Body Slam"],"picked":"Thunderclap","floor":13},{"not_picked":["Iron Wave","Twin Strike","True Grit"],"picked":"SKIP","floor":14},{"not_picked":["Limit Break","Feed"],"picked":"Bludgeon","floor":16},{"not_picked":["True Grit","Hemokinesis","Burning Pact"],"picked":"SKIP","floor":18},{"not_picked":["Sentinel","Twin Strike+1"],"picked":"Cleave","floor":21},{"not_picked":["Havoc","Power Through+1"],"picked":"Carnage+1","floor":23},{"not_picked":["True Grit","Warcry"],"picked":"Feed","floor":24},{"not_picked":["Infernal Blade","Burning Pact"],"picked":"Body Slam+1","floor":25},{"not_picked":["Clothesline","Iron Wave","Sword Boomerang"],"picked":"SKIP","floor":29},{"not_picked":["Headbutt","Evolve","Warcry"],"picked":"SKIP","floor":30},{"not_picked":["Pommel Strike","Iron Wave+1"],"picked":"Flex","floor":31},{"not_picked":["Juggernaut","Impervious"],"picked":"Barricade","floor":33},{"not_picked":["Sentinel+1","Thunderclap+1"],"picked":"Body Slam","floor":35},{"not_picked":["Swift Strike","Purity"],"picked":"Discovery","floor":37},{"not_picked":["Secret Technique","Dramatic Entrance"],"picked":"Finesse","floor":37},{"not_picked":["HandOfGreed","Panache"],"picked":"Deep Breath","floor":37}],"player_experience":758503,"relics_obtained":[{"floor":7,"key":"Odd Mushroom"},{"floor":8,"key":"Anchor"},{"floor":23,"key":"Bag of Preparation"},{"floor":25,"key":"Red Mask"},{"floor":26,"key":"Red Skull"}],"event_choices":[{"damage_healed":0,"gold_gain":0,"player_choice":"Lose Max HP","damage_taken":0,"relics_obtained":["Golden Idol"],"max_hp_gain":0,"max_hp_loss":6,"event_name":"Golden Idol","floor":2,"gold_loss":0},{"damage_healed":0,"gold_gain":0,"cards_transformed":["Strike_R"],"player_choice":"Change","damage_taken":0,"max_hp_gain":0,"max_hp_loss":0,"event_name":"Living Wall","floor":4,"gold_loss":0,"cards_obtained":["Impervious"]},{"damage_healed":0,"gold_gain":0,"player_choice":"Fought Mushrooms","damage_taken":0,"max_hp_gain":0,"max_hp_loss":0,"event_name":"Mushrooms","floor":7,"gold_loss":0},{"damage_healed":0,"gold_gain":0,"player_choice":"Gave Idol","damage_taken":0,"relics_obtained":["Bloody Idol"],"max_hp_gain":0,"max_hp_loss":0,"event_name":"Forgotten Altar","floor":19,"relics_lost":["Golden Idol"],"gold_loss":0},{"cards_removed":["Strike_R"],"damage_healed":0,"gold_gain":0,"player_choice":"Gave Gold","damage_taken":0,"max_hp_gain":0,"max_hp_loss":0,"event_name":"Beggar","floor":20,"gold_loss":75},{"damage_healed":0,"gold_gain":0,"player_choice":"Fought Bandits","damage_taken":0,"max_hp_gain":0,"max_hp_loss":0,"event_name":"Masked Bandits","floor":25,"gold_loss":0},{"damage_healed":0,"gold_gain":0,"player_choice":"Ignored","damage_taken":0,"max_hp_gain":0,"max_hp_loss":0,"event_name":"NoteForYourself","floor":27,"gold_loss":0},{"damage_healed":0,"gold_gain":0,"player_choice":"Embrace Madness","damage_taken":10,"max_hp_gain":0,"max_hp_loss":0,"event_name":"Winding Halls","floor":36,"gold_loss":0,"cards_obtained":["Madness","Madness"]},{"damage_healed":0,"gold_gain":0,"player_choice":"Memory 3","damage_taken":10,"max_hp_gain":0,"max_hp_loss":0,"event_name":"SensoryStone","floor":37,"gold_loss":0},{"damage_healed":0,"gold_gain":0,"player_choice":"Fight","damage_taken":0,"max_hp_gain":0,"max_hp_loss":0,"event_name":"Mysterious Sphere","floor":38,"gold_loss":0}],"is_beta":false,"boss_relics":[{"not_picked":["Coffee Dripper","Orrery"],"picked":"Sozu"},{"not_picked":["Fusion Hammer","Tiny House"],"picked":"Black Blood"}],"items_purged_floors":[11,22],"is_endless":false,"potions_floor_spawned":[5,7,8,14,16,24,25,29,33,35],"killed_by":"2 Orb Walkers","ascension_level":0}