{"gold_per_floor":[13,33,33,33,33,33,47,47,74,112,112,187,7,7,7,7],"floor_reached":16,"playtime":539,"items_purged":["Strike_G"],"score":182,"play_id":"7059e0d2-67f7-4be3-867f-7e65c6de0488","local_time":"20190222090100","is_ascension_mode":true,"campfire_choices":[{"data":"Neutralize","floor":6.0,"key":"SMITH"},{"data":"Tools of the Trade","floor":11.0,"key":"SMITH"},{"data":"Prepared","floor":15,"key":"SMITH"}],"neow_cost":"NO_GOLD","seed_source_timestamp":1304224356036734,"circlet_count":0,"master_deck":["AscendersBane","Defend_G+1","Defend_G","Defend_G+1","Defend_G","Defend_G","Strike_G","Strike_G","Strike_G","Survivor","Neutralize+1","Tools of the Trade+1","Prepared+1","Acrobatics","Malaise","Caltrops","Impatience"],"special_seed":0,"relics":["Ring of the Snake","Golden Idol","War Paint","Unceasing Top"],"potions_floor_usage":[],"damage_taken":[{"damage":6.0,"enemies":"Cultist","floor":1.0,"turns":5.0},{"damage":6.0,"enemies":"Jaw Worm","floor":2.0,"turns":7.0},{"damage":1.0,"enemies":"2 Louse","floor":7.0,"turns":4.0},{"damage":3.0,"enemies":"3 Sentries","floor":10.0,"turns":3.0},{"damage":35,"enemies":"The Guardian","floor":16,"turns":9}],"seed_played":"-9064334592851919365","potions_obtained":[{"floor":1.0,"key":"Block Potion"},{"floor":2.0,"key":"SkillPotion"}],"is_trial":false,"path_per_floor":["M","M","?","?","?","R","M","$","T","E","R","?","$","?","R","B"],"character_chosen":"THE_SILENT","items_purchased":["Impatience"],"campfire_rested":0,"item_purchase_floors":[13],"current_hp_per_floor":[53,47,47,47,47,47,46,46,46,43,43,32,32,32,32,0],"gold":7,"neow_bonus":"THREE_RARE_CARDS","is_prod":false,"is_daily":false,"chose_seed":false,"campfire_upgraded":3,"win_rate":0,"timestamp":1550822460,"path_taken":["M","?","?","?","?","R","M","$","T","E","R","?","$","?","R","BOSS"],"build_version":"2019-01-23","purchased_purges":1,"victory":false,"max_hp_per_floor":[66,66,60,60,60,60,60,60,60,60,60,60,60,60,60,60],"card_choices":[{"not_picked":["Doppelganger","Wraith Form v2"],"picked":"Tools of the Trade","floor":0.0},{"not_picked":["Eviscerate","Masterful Stab"],"picked":"Prepared","floor":1.0},{"not_picked":["Backstab","Underhanded Strike"],"picked":"Acrobatics","floor":2.0},{"not_picked":["Eviscerate","Bouncing Flask"],"picked":"Malaise","floor":7.0},{"not_picked":["Cloak And Dagger","Deadly Poison"],"picked":"Caltrops","floor":10.0}],"player_experience":854012,"relics_obtained":[{"floor":9.0,"key":"War Paint"},{"floor":10.0,"key":"Unceasing Top"}],"event_choices":[{"damage_healed":0.0,"max_hp_gain":0.0,"max_hp_loss":6.0,"gold_gain":0.0,"event_name":"Golden Idol","player_choice":"Lose Max HP","floor":3.0,"gold_loss":0.0,"damage_taken":0.0,"relics_obtained":["Golden Idol"]},{"damage_healed":0.0,"max_hp_gain":0.0,"max_hp_loss":0.0,"gold_gain":0.0,"event_name":"The Cleric","player_choice":"Leave","floor":4.0,"gold_loss":0.0,"damage_taken":0.0},{"cards_removed":["Strike_G"],"damage_healed":0.0,"max_hp_gain":0.0,"max_hp_loss":0.0,"gold_gain":0.0,"event_name":"Living Wall","player_choice":"Forget","floor":5.0,"gold_loss":0.0,"damage_taken":0.0},{"damage_healed":0.0,"max_hp_gain":0.0,"max_hp_loss":0.0,"gold_gain":75.0,"event_name":"World of Goop","player_choice":"Gather Gold","floor":12.0,"gold_loss":0.0,"damage_taken":11.0},{"damage_healed":0,"gold_gain":0,"player_choice":"Searched \u00270\u0027 times","damage_taken":0,"max_hp_gain":0,"max_hp_loss":0,"event_name":"Dead Adventurer","floor":14,"gold_loss":0}],"is_beta":false,"boss_relics":[],"items_purged_floors":[13],"is_endless":false,"potions_floor_spawned":[1,2],"killed_by":"The Guardian","ascension_level":18}