{"gold_per_floor":[118,118,118,84,9,9,38,38,84,104,118,135,151,151,151,253,253,268,278,32,45,0,0,0],"floor_reached":24,"playtime":701,"items_purged":["Defend_B"],"score":216,"play_id":"138ed326-7f33-4d05-8c16-aaef14756659","local_time":"20190716214736","is_ascension_mode":true,"campfire_choices":[{"data":"Defragment","floor":6,"key":"SMITH"},{"data":"Static Discharge","floor":8,"key":"SMITH"},{"floor":15,"key":"REST"},{"floor":23,"key":"REST"}],"neow_cost":"TEN_PERCENT_HP_LOSS","seed_source_timestamp":443984715255959,"circlet_count":0,"master_deck":["Strike_B+1","Strike_B+1","Dualcast","FTL","Static Discharge+1","Defragment+1","Lockon","Lockon","Beam Cell","Machine Learning","Electrodynamics","Skim+1","Rebound+1","BootSequence+1","Melter","Sweeping Beam+1"],"relics":["Cracked Core","Blue Candle","Omamori","Astrolabe","Gremlin Horn"],"potions_floor_usage":[18,21,24,24],"damage_taken":[{"damage":2,"enemies":"Jaw Worm","floor":1,"turns":2},{"damage":26,"enemies":"3 Sentries","floor":7,"turns":4},{"damage":0,"enemies":"Cultist","floor":10,"turns":2},{"damage":7,"enemies":"2 Louse","floor":11,"turns":2},{"damage":0,"enemies":"Large Slime","floor":12,"turns":3},{"damage":6,"enemies":"Looter","floor":13,"turns":2},{"damage":8,"enemies":"Slime Boss","floor":16,"turns":8},{"damage":24,"enemies":"Shell Parasite","floor":18,"turns":4},{"damage":12,"enemies":"Chosen","floor":19,"turns":4},{"damage":18,"enemies":"Snecko","floor":21,"turns":3},{"damage":35,"enemies":"Slavers","floor":24,"turns":3}],"seed_played":"1806870950764843046","potions_obtained":[{"floor":7,"key":"Ancient Potion"},{"floor":11,"key":"SneckoOil"},{"floor":13,"key":"EssenceOfSteel"},{"floor":19,"key":"FearPotion"}],"is_trial":false,"path_per_floor":["M","?","?","$","$","R","E","R","T","M","M","M","M","?","R","B",null,"M","M","$","M","?","R","E"],"character_chosen":"DEFECT","items_purchased":["Defragment","Gremlin Horn"],"campfire_rested":2,"item_purchase_floors":[4,20],"current_hp_per_floor":[66,52,45,45,45,45,19,19,19,19,12,12,6,23,43,35,68,44,32,32,14,14,34,0],"gold":0,"neow_bonus":"TRANSFORM_TWO_CARDS","is_prod":false,"is_daily":false,"chose_seed":false,"campfire_upgraded":2,"win_rate":0,"timestamp":1563328056,"path_taken":["M","?","?","?","$","R","E","R","T","M","?","M","?","?","R","BOSS","M","M","$","M","?","R","E"],"build_version":"2019-07-05","purchased_purges":1,"victory":false,"max_hp_per_floor":[68,68,68,68,68,68,68,68,68,68,68,68,68,68,68,68,68,68,68,68,68,68,68,68],"card_choices":[{"not_picked":["Turbo","Sweeping Beam","Cold Snap"],"picked":"SKIP","floor":1},{"not_picked":["Rip and Tear","Rebound"],"picked":"Lockon","floor":7},{"not_picked":["Ball Lightning","Recycle"],"picked":"Lockon","floor":10},{"not_picked":["Barrage","Rebound"],"picked":"Beam Cell","floor":11},{"not_picked":["Sweeping Beam","Steam"],"picked":"Machine Learning","floor":12},{"not_picked":["Sunder","Undo","Recycle"],"picked":"SKIP","floor":13},{"not_picked":["Thunder Strike","Core Surge"],"picked":"Electrodynamics","floor":16},{"not_picked":["Rebound","Hologram+1","Cold Snap"],"picked":"SKIP","floor":18},{"not_picked":["Redo","BootSequence"],"picked":"Melter","floor":19},{"not_picked":["Rebound","Steam"],"picked":"Sweeping Beam+1","floor":21}],"player_experience":178291,"relics_obtained":[{"floor":7,"key":"Blue Candle"},{"floor":9,"key":"Omamori"}],"event_choices":[{"damage_healed":0,"gold_gain":0,"player_choice":"Entered Light","damage_taken":14,"max_hp_gain":0,"max_hp_loss":0,"event_name":"Shining Light","floor":2,"gold_loss":0,"cards_upgraded":["Strike_B","Strike_B"]},{"cards_removed":["Defend_B"],"damage_healed":0,"gold_gain":0,"player_choice":"Card Removal","damage_taken":7,"max_hp_gain":0,"max_hp_loss":0,"event_name":"Golden Wing","floor":3,"gold_loss":0},{"damage_healed":17,"gold_gain":0,"player_choice":"Healed and dodged fight","damage_taken":0,"max_hp_gain":0,"max_hp_loss":0,"event_name":"Mushrooms","floor":14,"gold_loss":0,"cards_obtained":["Parasite"]},{"damage_healed":0,"gold_gain":0,"player_choice":"Paid Fearfully","damage_taken":0,"max_hp_gain":0,"max_hp_loss":0,"event_name":"Masked Bandits","floor":22,"gold_loss":45}],"is_beta":false,"boss_relics":[{"not_picked":["Tiny House","Orrery"],"picked":"Astrolabe"}],"items_purged_floors":[5],"is_endless":false,"potions_floor_spawned":[7,11,13,19],"killed_by":"Slavers","ascension_level":2}