{"path_per_floor":["M","?","M","M","M","R","M","R","T","M","M","?","?","E","R","B",null,"M","?","?","M","$","R","M","R","T","E","M","?"],"character_chosen":"DEFECT","items_purchased":["Lockon","Mummified Hand"],"gold_per_floor":[16,16,30,53,74,74,94,94,162,176,192,192,192,235,235,358,358,372,372,372,387,105,105,130,130,155,229,245,245,245],"floor_reached":30,"campfire_rested":1,"playtime":1233,"current_hp_per_floor":[74,56,50,50,44,44,35,35,35,23,14,75,75,65,65,46,89,73,73,73,49,49,49,34,60,60,30,8,8,0],"items_purged":["Defend_B"],"gold":245,"score":252,"play_id":"38962c1d-7d83-49c0-a918-cf7548f8a222","local_time":"20180501215648","is_prod":false,"is_daily":false,"chose_seed":false,"is_ascension_mode":false,"campfire_upgraded":4,"timestamp":1525204608,"path_taken":["M","?","M","M","M","R","M","R","T","M","M","?","?","E","R","BOSS","M","?","?","M","$","R","M","R","T","E","M","?","?"],"build_version":"2018-04-30","seed_source_timestamp":564425542074310,"purchased_purges":1,"victory":false,"master_deck":["Strike_B","Strike_B","Defend_B","Defend_B","Zap+1","Dualcast+1","Coolheaded","Barrage","Rebound","Cold Snap","Capacitor+1","Static Discharge","Rainbow+1","White Noise","Lockon","Self Repair","Writhe"],"max_hp_per_floor":[75,75,75,75,75,75,75,75,75,75,75,75,75,89,89,89,89,89,89,89,89,89,89,89,89,89,89,89,89,89],"relics":["Cracked Core","Golden Idol","The Courier","Mango","Inserter","Mummified Hand","Regal Pillow","Tiny Chest","Art of War"],"card_choices":[{"not_picked":["Force Field","Turbo"],"picked":"Coolheaded","floor":1.0},{"not_picked":["Loop","Capacitor"],"picked":"Barrage","floor":3.0},{"not_picked":["Coolheaded","Hello World"],"picked":"Rebound","floor":4.0},{"not_picked":["Flux Capacitor","Echo Form"],"picked":"Sunder","floor":7},{"not_picked":["Impulse","Leap"],"picked":"Cold Snap","floor":10},{"not_picked":["Genetic Algorithm","Coolheaded"],"picked":"Capacitor","floor":11},{"not_picked":["Flux Capacitor","Hello World"],"picked":"Static Discharge","floor":14},{"not_picked":["Machine Learning","Reboot"],"picked":"Rainbow","floor":16},{"not_picked":["Rebound","Leap"],"picked":"White Noise","floor":21},{"not_picked":["Streamline","Hello World"],"picked":"Self Repair","floor":27}],"player_experience":571348,"potions_floor_usage":[21,21,28],"damage_taken":[{"damage":1.0,"enemies":"Cultist","floor":1.0,"turns":4.0},{"damage":6.0,"enemies":"Jaw Worm","floor":3.0,"turns":5.0},{"damage":0.0,"enemies":"2 Louse","floor":4.0,"turns":3.0},{"damage":6.0,"enemies":"Large Slime","floor":5.0,"turns":5.0},{"damage":9,"enemies":"Lots of Slimes","floor":7,"turns":5},{"damage":12,"enemies":"3 Louse","floor":10,"turns":2},{"damage":9,"enemies":"Gremlin Gang","floor":11,"turns":4},{"damage":24,"enemies":"Gremlin Nob","floor":14,"turns":4},{"damage":19,"enemies":"The Guardian","floor":16,"turns":14},{"damage":16,"enemies":"Spheric Guardian","floor":18,"turns":4},{"damage":24,"enemies":"2 Thieves","floor":21,"turns":3},{"damage":22,"enemies":"Sentry and Sphere","floor":24,"turns":4},{"damage":30,"enemies":"Book of Stabbing","floor":27,"turns":4},{"damage":29,"enemies":"Cultist and Chosen","floor":28,"turns":6},{"damage":12,"enemies":"Snake Plant","floor":30,"turns":1}],"event_choices":[{"event_name":"Golden Idol","player_choice":"Take Damage","floor":2.0,"damage_taken":0.0},{"event_name":"Bonfire Elementals","player_choice":"UNCOMMON","floor":12,"damage_taken":0},{"event_name":"Accursed Blacksmith","player_choice":"Forge","floor":13,"damage_taken":0},{"event_name":"Back to Basics","player_choice":"Elegance","floor":19,"damage_taken":0},{"event_name":"Ghosts","player_choice":"Ignored","floor":20,"damage_taken":0},{"event_name":"The Mausoleum","player_choice":"Yes","floor":29,"damage_taken":0}],"boss_relics":[{"not_picked":["Velvet Choker","Sozu"],"picked":"Inserter"}],"potions_floor_spawned":[4,11,14,16,18,21,24],"seed_played":"7226653446605359508","killed_by":"Snake Plant","ascension_level":0,"is_trial":false}