{"gold_per_floor":[113,63,63,75,75,75,106,31,31,31,64,84,84,107,107,107],"floor_reached":16,"playtime":441,"items_purged":["Strike_R"],"score":119,"play_id":"40f11a0a-246b-443f-991c-6840879e4d44","local_time":"20190729193531","is_ascension_mode":true,"campfire_choices":[{"data":"Bash","floor":6,"key":"SMITH"},{"data":"Warcry","floor":10,"key":"SMITH"},{"floor":15,"key":"REST"}],"neow_cost":"NONE","seed_source_timestamp":450922827092626,"circlet_count":0,"master_deck":["Strike_R","Strike_R","Strike_R","Defend_R","Defend_R","Defend_R","Defend_R","Bash+1","Spot Weakness","Cleave","Warcry+1","Shockwave","Sentinel"],"relics":["Burning Blood","FossilizedHelix","Golden Idol","Dead Branch","Thread and Needle","Bottled Lightning","Nunchaku"],"potions_floor_usage":[4],"damage_taken":[{"damage":15,"enemies":"Jaw Worm","floor":1,"turns":6},{"damage":0,"enemies":"2 Louse","floor":4,"turns":2},{"damage":12,"enemies":"3 Sentries","floor":7,"turns":6},{"damage":43,"enemies":"Gremlin Nob","floor":11,"turns":5},{"damage":0,"enemies":"Small Slimes","floor":12,"turns":4},{"damage":10,"enemies":"Exordium Thugs","floor":14,"turns":5},{"damage":0,"enemies":"Hexaghost","floor":16,"turns":1}],"seed_played":"4267580788841558051","potions_obtained":[{"floor":1,"key":"Fire Potion"},{"floor":7,"key":"LiquidBronze"}],"is_trial":false,"path_per_floor":["M","?","T","M","?","R","E","$","T","R","E","M","T","M","R","B"],"character_chosen":"IRONCLAD","items_purchased":[],"campfire_rested":1,"item_purchase_floors":[],"current_hp_per_floor":[79,79,79,85,63,63,57,57,57,57,20,26,26,22,48,48],"gold":107,"neow_bonus":"TEN_PERCENT_HP_BONUS","is_prod":false,"is_daily":false,"chose_seed":false,"campfire_upgraded":2,"win_rate":0,"timestamp":1564446931,"path_taken":["M","?","?","M","?","R","E","$","T","R","E","M","?","M","R","BOSS"],"build_version":"2019-07-17","purchased_purges":1,"victory":false,"max_hp_per_floor":[88,88,88,88,88,88,88,88,88,88,88,88,88,88,88,88],"card_choices":[{"not_picked":["Sword Boomerang","Power Through"],"picked":"Spot Weakness","floor":1},{"not_picked":["Pommel Strike","Perfected Strike"],"picked":"Cleave","floor":4},{"not_picked":["Havoc","Flex"],"picked":"Warcry","floor":7},{"not_picked":["Twin Strike","Feel No Pain"],"picked":"Shockwave","floor":11},{"not_picked":["Perfected Strike","Blood for Blood"],"picked":"Sentinel","floor":12},{"not_picked":["Twin Strike","Sever Soul","Bloodletting"],"picked":"SKIP","floor":14}],"player_experience":143748,"relics_obtained":[{"floor":3,"key":"FossilizedHelix"},{"floor":7,"key":"Dead Branch"},{"floor":9,"key":"Thread and Needle"},{"floor":11,"key":"Bottled Lightning"},{"floor":13,"key":"Nunchaku"}],"event_choices":[{"cards_removed":["Strike_R"],"damage_healed":0,"gold_gain":0,"player_choice":"Card Removal","damage_taken":0,"max_hp_gain":0,"max_hp_loss":0,"event_name":"The Cleric","floor":2,"gold_loss":50},{"damage_healed":0,"gold_gain":0,"player_choice":"Take Damage","damage_taken":22,"relics_obtained":["Golden Idol"],"max_hp_gain":0,"max_hp_loss":0,"event_name":"Golden Idol","floor":5,"gold_loss":0}],"is_beta":false,"boss_relics":[],"items_purged_floors":[8],"is_endless":false,"potions_floor_spawned":[1,7],"killed_by":"Hexaghost","ascension_level":2}