{"gold_per_floor":[115,62,79,4,19,19,94,94,94,125,125,125,125,89,89,186,186,206,51,51,62,72,72,0,0,0,35,49,64,95,108,108,213,213,226,226,226,81,96,96,196,196],"floor_reached":42,"playtime":1268,"items_purged":["Defend_R","Pain"],"score":482,"play_id":"f00cca43-c205-47a1-b522-8fd750d70e04","local_time":"20190730225338","is_ascension_mode":false,"campfire_choices":[{"data":"Flex","floor":6,"key":"SMITH"},{"data":"Flex","floor":12,"key":"SMITH"},{"data":"Rage","floor":15,"key":"SMITH"},{"data":"Limit Break","floor":23,"key":"SMITH"},{"data":"Battle Trance","floor":25,"key":"SMITH"},{"floor":32,"key":"REST"},{"data":"Feed","floor":40,"key":"SMITH"}],"neow_cost":"NONE","seed_source_timestamp":1656990298686417,"circlet_count":0,"master_deck":["Strike_R","Strike_R","Strike_R","Strike_R","Strike_R","Defend_R","Defend_R","Bash","Feed+1","Flex+1","Flex+1","Battle Trance+1","Rage+1","Limit Break+1","Feed+1","Regret","Writhe","Flex"],"relics":["Burning Blood","Lantern","Singing Bowl","Paper Frog","Cursed Key","Omamori","StoneCalendar","Happy Flower","Calling Bell","PreservedInsect","Molten Egg 2","Turnip","Girya"],"potions_floor_usage":[10,27,29,31,39,42],"damage_taken":[{"damage":10,"enemies":"Small Slimes","floor":1,"turns":3},{"damage":12,"enemies":"2 Louse","floor":3,"turns":2},{"damage":8,"enemies":"Jaw Worm","floor":5,"turns":3},{"damage":30,"enemies":"3 Sentries","floor":10,"turns":8},{"damage":16,"enemies":"Slime Boss","floor":16,"turns":9},{"damage":0,"enemies":"Spheric Guardian","floor":18,"turns":2},{"damage":20,"enemies":"3 Byrds","floor":21,"turns":5},{"damage":16,"enemies":"Snake Plant","floor":22,"turns":2},{"damage":37,"enemies":"Slavers","floor":27,"turns":4},{"damage":18,"enemies":"Centurion and Healer","floor":28,"turns":4},{"damage":30,"enemies":"Chosen and Byrds","floor":29,"turns":6},{"damage":27,"enemies":"Gremlin Leader","floor":30,"turns":4},{"damage":3,"enemies":"Snecko","floor":31,"turns":3},{"damage":14,"enemies":"Automaton","floor":33,"turns":5},{"damage":77,"enemies":"3 Darklings","floor":35,"turns":7},{"damage":28,"enemies":"Orb Walker","floor":39,"turns":4},{"damage":45,"enemies":"Mind Bloom Boss Battle","floor":41,"turns":5},{"damage":41,"enemies":"3 Darklings","floor":42,"turns":4}],"seed_played":"-4253599442900807478","potions_obtained":[{"floor":1,"key":"Regen Potion"},{"floor":16,"key":"Energy Potion"},{"floor":21,"key":"LiquidBronze"},{"floor":27,"key":"Energy Potion"},{"floor":28,"key":"Weak Potion"},{"floor":29,"key":"Dexterity Potion"},{"floor":33,"key":"SpeedPotion"},{"floor":41,"key":"EssenceOfSteel"}],"is_trial":false,"path_per_floor":["M","$","M","$","M","R","?","?","T","E","?","R","?","$","R","B",null,"M","$","?","M","M","R","?","R","T","E","M","M","E","M","R","B",null,"M","?","?","$","M","R","?","M"],"character_chosen":"IRONCLAD","items_purchased":["Flex","Rage","Omamori","Flex"],"campfire_rested":1,"item_purchase_floors":[2,14,19,38],"current_hp_per_floor":[79,79,76,76,74,74,63,63,63,60,42,42,35,35,35,25,92,98,98,98,86,78,78,78,78,78,53,47,29,10,15,52,44,124,55,57,89,89,72,72,39,0],"gold":196,"neow_bonus":"ONE_RANDOM_RARE_CARD","is_prod":false,"is_daily":false,"chose_seed":false,"campfire_upgraded":6,"win_rate":0,"timestamp":1564541618,"path_taken":["M","$","M","$","M","R","?","?","T","E","?","R","?","$","R","BOSS","M","$","?","M","M","R","?","R","T","E","?","M","E","M","R","BOSS","M","?","?","$","M","R","?","M"],"build_version":"2019-07-17","purchased_purges":2,"victory":false,"max_hp_per_floor":[83,83,86,86,86,86,86,86,86,92,92,92,92,92,92,92,92,98,98,98,100,102,102,102,102,102,108,114,120,122,124,124,124,124,126,128,128,128,133,133,139,139],"card_choices":[{"not_picked":["Blood for Blood","Uppercut","Clothesline"],"picked":"SKIP","floor":1},{"not_picked":["Clash","Body Slam"],"picked":"Flex","floor":3},{"not_picked":["Sword Boomerang","Pummel"],"picked":"Battle Trance","floor":5},{"not_picked":["Perfected Strike","Intimidate","Barricade"],"picked":"Singing Bowl","floor":10},{"not_picked":["Dark Embrace","Bludgeon"],"picked":"Limit Break","floor":16},{"not_picked":["Perfected Strike+1","Combust","Pommel Strike"],"picked":"Singing Bowl","floor":18},{"not_picked":["Thunderclap","Shrug It Off","Iron Wave"],"picked":"Singing Bowl","floor":21},{"not_picked":["Body Slam","Flame Barrier+1","Rupture+1"],"picked":"Singing Bowl","floor":22},{"not_picked":["Shrug It Off","Flame Barrier","Blood for Blood+1"],"picked":"Singing Bowl","floor":27},{"not_picked":["Carnage","Feel No Pain","Infernal Blade"],"picked":"Singing Bowl","floor":28},{"not_picked":["Seeing Red+1","Sever Soul+1","Heavy Blade+1"],"picked":"Singing Bowl","floor":29},{"not_picked":["Rupture","Armaments","Uppercut+1"],"picked":"Singing Bowl","floor":30},{"not_picked":["True Grit","Clothesline","Wild Strike"],"picked":"Singing Bowl","floor":31},{"not_picked":["Exhume","Fiend Fire"],"picked":"Feed","floor":33},{"not_picked":["Infernal Blade+1","Havoc+1","Evolve+1"],"picked":"Singing Bowl","floor":35},{"not_picked":["Bandage Up","Blind","Dramatic Entrance+1"],"picked":"Singing Bowl","floor":36},{"not_picked":["Clothesline+1","Perfected Strike+1","Ghostly Armor+1"],"picked":"Singing Bowl","floor":39},{"not_picked":["Twin Strike+1","Flex","Headbutt+1"],"picked":"Singing Bowl","floor":41}],"player_experience":246453,"relics_obtained":[{"floor":9,"key":"Lantern"},{"floor":10,"key":"Singing Bowl"},{"floor":27,"key":"StoneCalendar"},{"floor":30,"key":"Happy Flower"},{"floor":34,"key":"PreservedInsect"},{"floor":34,"key":"Molten Egg 2"},{"floor":34,"key":"Turnip"},{"floor":41,"key":"Girya"}],"event_choices":[{"damage_healed":0,"gold_gain":75,"player_choice":"Gather Gold","damage_taken":11,"max_hp_gain":0,"max_hp_loss":0,"event_name":"World of Goop","floor":7,"gold_loss":0},{"damage_healed":0,"gold_gain":0,"player_choice":"Grow","damage_taken":0,"max_hp_gain":0,"max_hp_loss":0,"event_name":"Living Wall","floor":8,"gold_loss":0,"cards_upgraded":["Feed"]},{"damage_healed":0,"gold_gain":0,"player_choice":"Success","damage_taken":18,"relics_obtained":["Paper Frog"],"max_hp_gain":0,"max_hp_loss":0,"event_name":"Scrap Ooze","floor":11,"gold_loss":0},{"cards_removed":["Defend_R"],"damage_healed":0,"gold_gain":0,"player_choice":"Card Removal","damage_taken":7,"max_hp_gain":0,"max_hp_loss":0,"event_name":"Golden Wing","floor":13,"gold_loss":0},{"damage_healed":0,"gold_gain":0,"player_choice":"Ignored","damage_taken":0,"max_hp_gain":0,"max_hp_loss":0,"event_name":"Vampires","floor":20,"gold_loss":0},{"damage_healed":0,"gold_gain":0,"player_choice":"Paid Fearfully","damage_taken":0,"max_hp_gain":0,"max_hp_loss":0,"event_name":"Masked Bandits","floor":24,"gold_loss":72},{"damage_healed":0,"gold_gain":0,"player_choice":"Memory 1","damage_taken":0,"max_hp_gain":0,"max_hp_loss":0,"event_name":"SensoryStone","floor":36,"gold_loss":0},{"damage_healed":32,"gold_gain":0,"player_choice":"Writhe","damage_taken":0,"max_hp_gain":0,"max_hp_loss":0,"event_name":"Winding Halls","floor":37,"gold_loss":0,"cards_obtained":["Writhe"]},{"damage_healed":0,"gold_gain":0,"player_choice":"Fight","damage_taken":0,"max_hp_gain":0,"max_hp_loss":0,"event_name":"MindBloom","floor":41,"gold_loss":0}],"is_beta":false,"boss_relics":[{"not_picked":["Mark of Pain","Tiny House"],"picked":"Cursed Key"},{"not_picked":["Fusion Hammer","Orrery"],"picked":"Calling Bell"}],"items_purged_floors":[4,38],"is_endless":false,"potions_floor_spawned":[1,16,21,27,28,29,33,41],"killed_by":"3 Darklings","ascension_level":0}