{"gold_per_floor":[14,14,14,27,1,1,1,1,1,24,24,42,73,19,19,117,117,136,186,206,206],"floor_reached":21,"playtime":582,"items_purged":[],"score":431,"play_id":"cffd942c-45ec-4abf-b3c7-4d36099b7b8f","local_time":"20190221161131","is_ascension_mode":true,"campfire_choices":[{"data":"Bash","floor":6.0,"key":"SMITH"},{"data":"Pommel Strike","floor":11.0,"key":"SMITH"},{"data":"Body Slam","floor":15.0,"key":"SMITH"}],"neow_cost":"NO_GOLD","seed_source_timestamp":1271320866889857,"circlet_count":0,"master_deck":["AscendersBane","Strike_R","Strike_R","Strike_R","Defend_R","Defend_R","Defend_R","Defend_R","Bash+1","Madness","Madness+1","Thunderclap","Heavy Blade","Iron Wave","Pommel Strike+1","Body Slam+1","Iron Wave","Double Tap","Body Slam","Feel No Pain"],"special_seed":0,"relics":["Burning Blood","Golden Idol","StoneCalendar","Kunai","Philosopher\u0027s Stone"],"potions_floor_usage":[],"damage_taken":[{"damage":19.0,"enemies":"Jaw Worm","floor":1.0,"turns":4.0},{"damage":4.0,"enemies":"Small Slimes","floor":4.0,"turns":3.0},{"damage":5.0,"enemies":"2 Louse","floor":10.0,"turns":3.0},{"damage":1.0,"enemies":"2 Fungi Beasts","floor":12.0,"turns":4.0},{"damage":20.0,"enemies":"Lagavulin","floor":13.0,"turns":7.0},{"damage":0.0,"enemies":"Hexaghost","floor":16.0,"turns":9.0},{"damage":25.0,"enemies":"Shell Parasite","floor":18.0,"turns":4.0},{"damage":18,"enemies":"Chosen","floor":20,"turns":4},{"damage":46,"enemies":"Snecko","floor":21,"turns":5}],"seed_played":"190795372493828087","potions_obtained":[{"floor":4.0,"key":"EssenceOfSteel"},{"floor":10.0,"key":"Strength Potion"},{"floor":12.0,"key":"SkillPotion"}],"is_trial":false,"path_per_floor":["M","?","?","M","$","R","?","?","T","M","R","M","E","$","R","B",null,"M","?","M","M"],"character_chosen":"IRONCLAD","items_purchased":["Iron Wave","Iron Wave"],"campfire_rested":0,"item_purchase_floors":[5,14],"current_hp_per_floor":[55,48,48,50,50,50,24,24,24,25,25,30,16,16,16,22,62,43,43,31,0],"gold":206,"neow_bonus":"RANDOM_COLORLESS_2","is_prod":false,"is_daily":false,"chose_seed":false,"campfire_upgraded":3,"win_rate":0,"timestamp":1550761891,"path_taken":["M","?","?","M","$","R","?","?","T","M","R","M","E","$","R","BOSS","M","?","M","M"],"build_version":"2019-01-23","purchased_purges":0,"victory":false,"max_hp_per_floor":[75,75,75,75,75,75,75,75,75,75,75,75,75,75,75,75,75,75,75,75,75],"card_choices":[{"not_picked":["Headbutt","Anger"],"picked":"Thunderclap","floor":1.0},{"not_picked":["Sword Boomerang","Warcry"],"picked":"Heavy Blade","floor":4.0},{"not_picked":["Entrench","Combust"],"picked":"Pommel Strike","floor":10.0},{"not_picked":["Armaments","Second Wind","Heavy Blade"],"picked":"SKIP","floor":12.0},{"not_picked":["Reckless Charge","Sentinel"],"picked":"Body Slam","floor":13.0},{"not_picked":["Brutality","Reaper"],"picked":"Double Tap","floor":16.0},{"not_picked":["Heavy Blade","Evolve+1"],"picked":"Body Slam","floor":18.0},{"not_picked":["Cleave","Sword Boomerang"],"picked":"Feel No Pain","floor":20}],"player_experience":848275,"relics_obtained":[{"floor":9.0,"key":"StoneCalendar"},{"floor":13.0,"key":"Kunai"}],"event_choices":[{"cards_removed":["Strike_R"],"damage_healed":0.0,"max_hp_gain":0.0,"max_hp_loss":0.0,"gold_gain":0.0,"event_name":"Golden Wing","player_choice":"Card Removal","floor":2.0,"gold_loss":0.0,"damage_taken":7.0},{"cards_removed":["Strike_R"],"damage_healed":0.0,"max_hp_gain":0.0,"max_hp_loss":0.0,"gold_gain":0.0,"event_name":"Living Wall","player_choice":"Forget","floor":3.0,"gold_loss":0.0,"damage_taken":0.0},{"damage_healed":0.0,"max_hp_gain":0.0,"max_hp_loss":0.0,"gold_gain":0.0,"event_name":"Golden Idol","player_choice":"Take Damage","floor":7.0,"gold_loss":0.0,"damage_taken":26.0,"relics_obtained":["Golden Idol"]},{"damage_healed":0.0,"max_hp_gain":0.0,"max_hp_loss":0.0,"gold_gain":0.0,"event_name":"Upgrade Shrine","player_choice":"Upgraded","floor":8.0,"gold_loss":0.0,"damage_taken":0.0,"cards_upgraded":["Madness"]},{"damage_healed":0,"gold_gain":100,"player_choice":"Bet on Murderer","damage_taken":0,"max_hp_gain":0,"max_hp_loss":0,"event_name":"The Joust","floor":19,"gold_loss":50}],"is_beta":false,"boss_relics":[{"not_picked":["Orrery","Runic Cube"],"picked":"Philosopher\u0027s Stone"}],"items_purged_floors":[],"is_endless":false,"potions_floor_spawned":[4,10,12],"killed_by":"Snecko","ascension_level":18}