{"gold_per_floor":[109,109,129,79,154,188,202,229,229,25,38,38,72,92,92,92],"floor_reached":16,"playtime":258,"items_purged":[],"score":135,"play_id":"fad44f11-194f-4c20-9a35-fec73f23b546","local_time":"20190310120548","is_ascension_mode":false,"campfire_choices":[{"data":"Bash","floor":15,"key":"SMITH"}],"neow_cost":"NONE","seed_source_timestamp":89212899454317,"circlet_count":0,"master_deck":["Strike_R","Strike_R","Strike_R","Defend_R","Defend_R","Defend_R","Defend_R","Bash+1","Shrug It Off"],"special_seed":0,"relics":["Burning Blood","NeowsBlessing","Pen Nib","Regal Pillow","Self Forming Clay","Membership Card","Lantern","Anchor"],"potions_floor_usage":[],"damage_taken":[{"damage":0.0,"enemies":"Jaw Worm","floor":1.0,"turns":1.0},{"damage":0.0,"enemies":"Cultist","floor":3.0,"turns":1.0},{"damage":0.0,"enemies":"3 Sentries","floor":6.0,"turns":2.0},{"damage":6.0,"enemies":"2 Louse","floor":7.0,"turns":3.0},{"damage":10,"enemies":"Looter","floor":11,"turns":4},{"damage":29,"enemies":"Gremlin Nob","floor":13,"turns":5},{"damage":6,"enemies":"3 Louse","floor":14,"turns":6},{"damage":0,"enemies":"Hexaghost","floor":16,"turns":1}],"seed_played":"3062845029069629043","potions_obtained":[{"floor":1.0,"key":"PowerPotion"},{"floor":6.0,"key":"Strength Potion"},{"floor":13,"key":"SpeedPotion"}],"is_trial":false,"path_per_floor":["M","?","M","?","?","E","M","T","T","$","M","?","E","M","R","B"],"character_chosen":"IRONCLAD","items_purchased":["Membership Card"],"campfire_rested":0,"item_purchase_floors":[10],"current_hp_per_floor":[80,80,80,80,69,75,75,75,75,75,71,59,36,36,36,36],"gold":92,"neow_bonus":"THREE_ENEMY_KILL","is_prod":false,"is_daily":false,"chose_seed":false,"campfire_upgraded":1,"win_rate":0,"timestamp":1552215948,"path_taken":["M","?","?","?","?","E","M","?","T","$","M","?","E","M","R","BOSS"],"build_version":"2019-01-23","purchased_purges":0,"victory":false,"max_hp_per_floor":[80,80,80,80,80,80,80,80,80,80,80,80,80,80,80,80],"card_choices":[{"not_picked":["Shockwave","Sword Boomerang"],"picked":"Shrug It Off","floor":1.0},{"not_picked":["Cleave","Perfected Strike","Havoc"],"picked":"SKIP","floor":3.0},{"not_picked":["Second Wind","Warcry","Clash"],"picked":"SKIP","floor":6.0},{"not_picked":["Thunderclap","Perfected Strike","Reckless Charge"],"picked":"SKIP","floor":7.0},{"not_picked":["Blood for Blood","Clothesline","Anger"],"picked":"SKIP","floor":11},{"not_picked":["Blood for Blood","Warcry","Power Through"],"picked":"SKIP","floor":13},{"not_picked":["Infernal Blade","Pummel","Clash"],"picked":"SKIP","floor":14}],"player_experience":970857,"relics_obtained":[{"floor":6.0,"key":"Pen Nib"},{"floor":8.0,"key":"Regal Pillow"},{"floor":9.0,"key":"Self Forming Clay"},{"floor":13,"key":"Anchor"}],"event_choices":[{"cards_removed":["Strike_R"],"damage_healed":0.0,"max_hp_gain":0.0,"max_hp_loss":0.0,"gold_gain":0.0,"event_name":"Bonfire Elementals","player_choice":"Offered Basic","floor":2.0,"gold_loss":0.0,"damage_taken":0.0},{"cards_removed":["Strike_R"],"damage_healed":0.0,"max_hp_gain":0.0,"max_hp_loss":0.0,"gold_gain":0.0,"event_name":"The Cleric","player_choice":"Card Removal","floor":4.0,"gold_loss":50.0,"damage_taken":0.0},{"damage_healed":0.0,"max_hp_gain":0.0,"max_hp_loss":0.0,"gold_gain":75.0,"event_name":"World of Goop","player_choice":"Gather Gold","floor":5.0,"gold_loss":0.0,"damage_taken":11.0},{"damage_healed":0,"gold_gain":0,"player_choice":"Success","damage_taken":12,"relics_obtained":["Lantern"],"max_hp_gain":0,"max_hp_loss":0,"event_name":"Scrap Ooze","floor":12,"gold_loss":0}],"is_beta":false,"boss_relics":[],"items_purged_floors":[],"is_endless":false,"potions_floor_spawned":[1,6,13],"killed_by":"Hexaghost","ascension_level":0}