{"gold_per_floor":[112,112,112,127,146,175,175,189,243,1,1,16,48,58,58,159,159,173,173,98,98,98,123,48,58,58,70,170,185,185,199,199,199],"floor_reached":33,"playtime":1975,"items_purged":["Strike_R"],"score":302,"play_id":"89694bda-29e3-4094-9059-187af8ab4bb3","local_time":"20190727224208","is_ascension_mode":false,"campfire_choices":[{"data":"Discovery","floor":7,"key":"SMITH"},{"data":"Infernal Blade","floor":11,"key":"SMITH"},{"floor":15,"key":"REST"},{"floor":30,"key":"REST"},{"data":"Searing Blow","floor":32,"key":"SMITH"}],"neow_cost":"TEN_PERCENT_HP_LOSS","seed_source_timestamp":1480486511263800,"circlet_count":0,"master_deck":["Strike_R","Strike_R","Strike_R","Defend_R","Defend_R","Defend_R","Defend_R","Bash","Discovery+1","Thinking Ahead","Infernal Blade+1","Clash","Dual Wield","Battle Trance","Evolve","Cleave","Brutality","Inflame","Ghostly","Ghostly","Ghostly","Ghostly","Ghostly","Whirlwind","Searing Blow+1","Fire Breathing+1","Reaper","Thunderclap+1"],"relics":["Burning Blood","WarpedTongs","Gremlin Horn","Question Card","Bag of Marbles","Mark of Pain","Nilry\u0027s Codex","Bronze Scales","Incense Burner","Prayer Wheel","Self Forming Clay"],"potions_floor_usage":[13,13,13,27,27,33,33],"damage_taken":[{"damage":9,"enemies":"Jaw Worm","floor":1,"turns":3},{"damage":4,"enemies":"Small Slimes","floor":4,"turns":3},{"damage":3,"enemies":"Cultist","floor":5,"turns":3},{"damage":23,"enemies":"3 Sentries","floor":6,"turns":10},{"damage":5,"enemies":"Looter","floor":8,"turns":3},{"damage":12,"enemies":"2 Fungi Beasts","floor":12,"turns":4},{"damage":16,"enemies":"Lagavulin","floor":13,"turns":7},{"damage":20,"enemies":"3 Louse","floor":14,"turns":4},{"damage":24,"enemies":"Slime Boss","floor":16,"turns":8},{"damage":48,"enemies":"Spheric Guardian","floor":18,"turns":6},{"damage":9,"enemies":"Slavers","floor":23,"turns":6},{"damage":5,"enemies":"Chosen","floor":25,"turns":5},{"damage":11,"enemies":"Centurion and Healer","floor":27,"turns":3},{"damage":2,"enemies":"Colosseum Slavers","floor":28,"turns":4},{"damage":9,"enemies":"Colosseum Nobs","floor":28,"turns":6},{"damage":4,"enemies":"Shelled Parasite and Fungi","floor":29,"turns":3},{"damage":7,"enemies":"Snecko","floor":31,"turns":6},{"damage":42,"enemies":"Champ","floor":33,"turns":10}],"seed_played":"-1574542783553337718","potions_obtained":[{"floor":1,"key":"GamblersBrew"},{"floor":6,"key":"FearPotion"},{"floor":12,"key":"Dexterity Potion"},{"floor":13,"key":"SpeedPotion"},{"floor":25,"key":"Block Potion"},{"floor":27,"key":"Dexterity Potion"},{"floor":31,"key":"Explosive Potion"}],"is_trial":false,"path_per_floor":["M","?","?","M","M","E","R","M","T","$","R","M","E","M","R","B",null,"M","?","?","?","?","E","$","M","T","M","?","M","R","M","R","B"],"character_chosen":"IRONCLAD","items_purchased":["Question Card"],"campfire_rested":2,"item_purchase_floors":[10],"current_hp_per_floor":[69,69,69,71,72,55,55,56,56,56,56,50,40,26,47,29,72,30,14,14,14,14,11,11,12,12,7,8,10,20,25,25,0],"gold":199,"neow_bonus":"RANDOM_COLORLESS_2","is_prod":false,"is_daily":false,"chose_seed":false,"campfire_upgraded":3,"win_rate":0,"timestamp":1564285328,"path_taken":["M","?","?","M","?","E","R","M","T","$","R","M","E","M","R","BOSS","M","?","?","?","?","E","$","M","T","M","?","?","R","M","R","BOSS"],"build_version":"2019-07-17","purchased_purges":1,"victory":false,"max_hp_per_floor":[72,72,72,72,72,72,72,72,72,72,72,72,72,72,72,72,72,72,72,72,36,36,36,36,36,36,36,36,36,36,36,36,36],"card_choices":[{"not_picked":["Twin Strike","Sword Boomerang"],"picked":"Infernal Blade","floor":1},{"not_picked":["Headbutt","Twin Strike","Clothesline"],"picked":"SKIP","floor":4},{"not_picked":["Wild Strike","Sword Boomerang"],"picked":"Dual Wield","floor":5},{"not_picked":["Pommel Strike","Havoc","True Grit"],"picked":"SKIP","floor":6},{"not_picked":["Warcry","Pommel Strike"],"picked":"Battle Trance","floor":8},{"not_picked":["Rampage","Iron Wave","Armaments","Burning Pact"],"picked":"SKIP","floor":12},{"not_picked":["Anger","Shrug It Off","Uppercut"],"picked":"Evolve","floor":13},{"not_picked":["Feed","Pommel Strike","Perfected Strike"],"picked":"Cleave","floor":14},{"not_picked":["Feed","Impervious","Exhume"],"picked":"Brutality","floor":16},{"not_picked":["Shrug It Off+1","Havoc+1","Feel No Pain+1"],"picked":"Inflame","floor":18},{"not_picked":["Pommel Strike","Power Through","Anger","Entrench"],"picked":"SKIP","floor":23},{"not_picked":["Pommel Strike+1","Shrug It Off","Disarm+1"],"picked":"Searing Blow","floor":25},{"not_picked":["Second Wind","Warcry","Anger","Shrug It Off"],"picked":"SKIP","floor":27},{"not_picked":["Rupture","Burning Pact+1","Cleave"],"picked":"Fire Breathing+1","floor":28},{"not_picked":["Flame Barrier+1","True Grit+1","Anger"],"picked":"Reaper","floor":29},{"not_picked":["Cleave","Heavy Blade","Blood for Blood","Twin Strike"],"picked":"SKIP","floor":29},{"not_picked":["Headbutt","Twin Strike+1","Flex"],"picked":"Thunderclap+1","floor":31},{"not_picked":["Body Slam","True Grit","Iron Wave","Dual Wield"],"picked":"SKIP","floor":31}],"player_experience":817697,"relics_obtained":[{"floor":6,"key":"Gremlin Horn"},{"floor":13,"key":"Bag of Marbles"},{"floor":19,"key":"Nilry\u0027s Codex"},{"floor":23,"key":"Bronze Scales"},{"floor":26,"key":"Incense Burner"},{"floor":28,"key":"Prayer Wheel"},{"floor":28,"key":"Self Forming Clay"}],"event_choices":[{"damage_healed":0,"gold_gain":0,"cards_transformed":["Strike_R"],"player_choice":"Change","damage_taken":0,"max_hp_gain":0,"max_hp_loss":0,"event_name":"Living Wall","floor":2,"gold_loss":0,"cards_obtained":["Clash"]},{"damage_healed":0,"gold_gain":0,"player_choice":"Rummage","damage_taken":0,"relics_obtained":["WarpedTongs"],"max_hp_gain":0,"max_hp_loss":0,"event_name":"Accursed Blacksmith","floor":3,"gold_loss":0,"cards_obtained":["Pain"]},{"damage_healed":0,"gold_gain":0,"player_choice":"Obtained Book","damage_taken":16,"max_hp_gain":0,"max_hp_loss":0,"event_name":"Cursed Tome","floor":19,"gold_loss":0},{"cards_removed":["Pain"],"damage_healed":0,"gold_gain":0,"player_choice":"Gave Gold","damage_taken":0,"max_hp_gain":0,"max_hp_loss":0,"event_name":"Beggar","floor":20,"gold_loss":75},{"damage_healed":0,"gold_gain":0,"player_choice":"Became a Ghost","damage_taken":0,"max_hp_gain":0,"max_hp_loss":36,"event_name":"Ghosts","floor":21,"gold_loss":0,"cards_obtained":["Ghostly","Ghostly","Ghostly","Ghostly","Ghostly"]},{"damage_healed":0,"gold_gain":0,"player_choice":"Read","damage_taken":0,"max_hp_gain":0,"max_hp_loss":0,"event_name":"The Library","floor":22,"gold_loss":0,"cards_obtained":["Whirlwind"]},{"damage_healed":0,"gold_gain":0,"player_choice":"Fight","damage_taken":0,"max_hp_gain":0,"max_hp_loss":0,"event_name":"Colosseum","floor":28,"gold_loss":0},{"damage_healed":0,"gold_gain":0,"player_choice":"Fought Nobs","damage_taken":0,"max_hp_gain":0,"max_hp_loss":0,"event_name":"Colosseum","floor":28,"gold_loss":0}],"is_beta":false,"boss_relics":[{"not_picked":["Velvet Choker","Pandora\u0027s Box"],"picked":"Mark of Pain"}],"items_purged_floors":[24],"is_endless":false,"potions_floor_spawned":[1,6,12,13,25,27,31],"killed_by":"Champ","ascension_level":0}