{"gold_per_floor":[111,36,55,55,21,21,296,314,340,340,340],"floor_reached":11,"playtime":204,"items_purged":["Strike_R"],"score":61,"play_id":"1a246c15-0395-4cb2-8791-68620084e978","local_time":"20181204210957","is_ascension_mode":false,"campfire_choices":[{"floor":6,"key":"RECALL"},{"data":"Infernal Blade","floor":10,"key":"SMITH"}],"neow_cost":"PERCENT_DAMAGE","seed_source_timestamp":909057358700351,"circlet_count":0,"master_deck":["Strike_R","Strike_R","Strike_R","Defend_R","Defend_R","Defend_R","Defend_R","Bash","Panache","Swift Strike","Feel No Pain","Shrug It Off","Fire Breathing","Infernal Blade+1","Regret","Bloodletting"],"relics":["Burning Blood"],"potions_floor_usage":[11],"damage_taken":[{"damage":6,"enemies":"Cultist","floor":1,"turns":3},{"damage":0,"enemies":"Small Slimes","floor":3,"turns":4},{"damage":11,"enemies":"2 Louse","floor":8,"turns":4},{"damage":63,"enemies":"Gremlin Nob","floor":11,"turns":5}],"seed_played":"72142110931085737","potions_obtained":[{"floor":8,"key":"EssenceOfSteel"}],"is_trial":false,"path_per_floor":["M","$","M","?","$","R","?","M","T","R","E"],"character_chosen":"IRONCLAD","items_purchased":["Infernal Blade"],"campfire_rested":0,"item_purchase_floors":[5],"current_hp_per_floor":[56,56,62,62,62,62,62,57,57,57,0],"gold":340,"neow_bonus":"RANDOM_COLORLESS_2","is_prod":false,"is_daily":false,"chose_seed":false,"campfire_upgraded":1,"win_rate":0,"timestamp":1543979397,"path_taken":["M","$","?","?","$","R","?","M","T","R","E"],"build_version":"2018-11-15","purchased_purges":1,"victory":false,"max_hp_per_floor":[80,80,80,80,80,80,80,80,80,80,80],"card_choices":[{"not_picked":["Pommel Strike","Shrug It Off"],"picked":"Feel No Pain","floor":1},{"not_picked":["Blood for Blood","Thunderclap"],"picked":"Shrug It Off","floor":3},{"not_picked":["True Grit","Perfected Strike"],"picked":"Bloodletting","floor":8}],"player_experience":701290,"relics_obtained":[],"event_choices":[{"damage_healed":0,"gold_gain":0,"cards_transformed":["Strike_R"],"player_choice":"Change","damage_taken":0,"max_hp_gain":0,"max_hp_loss":0,"event_name":"Living Wall","floor":4,"gold_loss":0,"cards_obtained":["Fire Breathing"]},{"damage_healed":0,"gold_gain":275,"player_choice":"Desecrate","damage_taken":0,"max_hp_gain":0,"max_hp_loss":0,"event_name":"Golden Shrine","floor":7,"gold_loss":0,"cards_obtained":["Regret"]}],"is_beta":false,"boss_relics":[],"items_purged_floors":[2],"is_endless":false,"potions_floor_spawned":[8],"killed_by":"Gremlin Nob","ascension_level":0}