{"gold_per_floor":[111,123,135,60,77,77,77,109,164,183,195,206,206,231,231,231],"floor_reached":16,"playtime":464,"items_purged":["Strike_R"],"score":114,"play_id":"f811d234-a4e1-4c8c-bab3-e7520209c688","local_time":"20190728173133","is_ascension_mode":false,"campfire_choices":[{"data":"Seeing Red","floor":6,"key":"SMITH"},{"data":"Berserk","floor":13,"key":"SMITH"},{"floor":15,"key":"REST"}],"neow_cost":"NONE","seed_source_timestamp":1549803593831400,"circlet_count":0,"master_deck":["Strike_R","Strike_R","Strike_R","Strike_R","Defend_R","Defend_R","Defend_R","Defend_R","Bash","Dual Wield","Whirlwind+1","Flex","Seeing Red+1","Flex","Infernal Blade","Berserk+1","Warcry"],"relics":["Burning Blood","NeowsBlessing","Potion Belt","Tiny Chest","Omamori"],"potions_floor_usage":[8,14],"damage_taken":[{"damage":0,"enemies":"Cultist","floor":1,"turns":1},{"damage":0,"enemies":"Small Slimes","floor":2,"turns":1},{"damage":0,"enemies":"Jaw Worm","floor":3,"turns":1},{"damage":19,"enemies":"Red Slaver","floor":5,"turns":6},{"damage":27,"enemies":"Lagavulin","floor":8,"turns":6},{"damage":6,"enemies":"Exordium Thugs","floor":10,"turns":3},{"damage":10,"enemies":"Looter","floor":11,"turns":3},{"damage":12,"enemies":"Blue Slaver","floor":12,"turns":2},{"damage":26,"enemies":"3 Sentries","floor":14,"turns":5},{"damage":56,"enemies":"Hexaghost","floor":16,"turns":7}],"seed_played":"-120320435561708367","potions_obtained":[{"floor":1,"key":"Block Potion"},{"floor":3,"key":"SpeedPotion"},{"floor":5,"key":"FairyPotion"},{"floor":12,"key":"Strength Potion"}],"is_trial":false,"path_per_floor":["M","M","M","$","M","R","?","E","T","M","M","M","R","E","R","B"],"character_chosen":"IRONCLAD","items_purchased":[],"campfire_rested":1,"item_purchase_floors":[],"current_hp_per_floor":[80,80,80,80,67,67,67,46,46,46,42,36,36,16,40,0],"gold":231,"neow_bonus":"THREE_ENEMY_KILL","is_prod":false,"is_daily":false,"chose_seed":false,"campfire_upgraded":2,"win_rate":0,"timestamp":1564353093,"path_taken":["M","?","M","?","M","R","?","E","T","M","M","?","R","E","R","BOSS"],"build_version":"2019-07-17","purchased_purges":1,"victory":false,"max_hp_per_floor":[80,80,80,80,80,80,80,80,80,80,80,80,80,80,80,80],"card_choices":[{"not_picked":["Twin Strike","Intimidate"],"picked":"Dual Wield","floor":1},{"not_picked":["Headbutt","Feel No Pain"],"picked":"Whirlwind","floor":2},{"not_picked":["Thunderclap","Wild Strike"],"picked":"Flex","floor":3},{"not_picked":["Combust","Havoc"],"picked":"Seeing Red","floor":5},{"not_picked":["Twin Strike","Armaments","Havoc"],"picked":"SKIP","floor":8},{"not_picked":["Iron Wave","Twin Strike"],"picked":"Flex","floor":10},{"not_picked":["Clothesline","Warcry"],"picked":"Infernal Blade","floor":11},{"not_picked":["Anger","Pummel"],"picked":"Berserk","floor":12},{"not_picked":["True Grit","Corruption"],"picked":"Warcry","floor":14}],"player_experience":822665,"relics_obtained":[{"floor":8,"key":"Potion Belt"},{"floor":9,"key":"Tiny Chest"},{"floor":14,"key":"Omamori"}],"event_choices":[{"damage_healed":0,"gold_gain":0,"player_choice":"Upgraded","damage_taken":0,"max_hp_gain":0,"max_hp_loss":0,"event_name":"Upgrade Shrine","floor":7,"gold_loss":0,"cards_upgraded":["Whirlwind"]}],"is_beta":false,"boss_relics":[],"items_purged_floors":[4],"is_endless":false,"potions_floor_spawned":[1,3,5,12],"killed_by":"Hexaghost","ascension_level":0}