{"gold_per_floor":[117,192,212,212,223,223,253,285,297,309,321,333,365,377,389,401],"floor_reached":16,"playtime":298,"items_purged":[],"score":200,"play_id":"c48dbff2-acc1-4a6b-9aac-ad001f5f867a","local_time":"20190306163436","is_ascension_mode":true,"campfire_choices":[{"data":"Zap","floor":6.0,"key":"SMITH"},{"data":"Consume","floor":10,"key":"SMITH"},{"data":"Dualcast","floor":15,"key":"SMITH"}],"neow_cost":"NONE","seed_source_timestamp":116605955272720,"circlet_count":0,"master_deck":["AscendersBane","Strike_B","Strike_B","Defend_B","Defend_B","Defend_B","Defend_B","Zap+1","Dualcast+1","Conserve Battery","Consume+1","Machine Learning","Coolheaded","Steam"],"special_seed":0,"relics":["Cracked Core","NeowsBlessing","MawBank","Vajra"],"potions_floor_usage":[],"damage_taken":[{"damage":0.0,"enemies":"Small Slimes","floor":1.0,"turns":1.0},{"damage":0.0,"enemies":"Cultist","floor":3.0,"turns":1.0},{"damage":0.0,"enemies":"Jaw Worm","floor":5.0,"turns":1.0},{"damage":25.0,"enemies":"Lagavulin","floor":7.0,"turns":8.0},{"damage":8,"enemies":"Looter","floor":8,"turns":5},{"damage":0,"enemies":"2 Fungi Beasts","floor":13,"turns":4},{"damage":33,"enemies":"Slime Boss","floor":16,"turns":3}],"seed_played":"-3149966057587136547","potions_obtained":[{"floor":1.0,"key":"LiquidBronze"},{"floor":7,"key":"Strength Potion"}],"is_trial":false,"path_per_floor":["M","?","M","?","M","R","E","M","T","R","$","?","M","$","R","B"],"character_chosen":"DEFECT","items_purchased":[],"campfire_rested":0,"item_purchase_floors":[],"current_hp_per_floor":[64,53,53,53,53,53,28,20,20,20,20,20,20,20,20,0],"gold":401,"neow_bonus":"THREE_ENEMY_KILL","is_prod":false,"is_daily":false,"chose_seed":false,"campfire_upgraded":3,"win_rate":0,"timestamp":1551886476,"path_taken":["M","?","M","?","?","R","E","?","T","R","$","?","M","$","R","BOSS"],"build_version":"2019-01-23","purchased_purges":0,"victory":false,"max_hp_per_floor":[71,71,71,71,71,71,71,71,71,71,71,71,71,71,71,71],"card_choices":[{"not_picked":["Aggregate","Streamline"],"picked":"Conserve Battery","floor":1.0},{"not_picked":["Heatsinks","Cold Snap"],"picked":"Consume","floor":3.0},{"not_picked":["Conserve Battery","Static Discharge"],"picked":"Coolheaded","floor":5.0},{"not_picked":["Conserve Battery","Doom and Gloom"],"picked":"Steam","floor":7},{"not_picked":["Go for the Eyes","Leap","Aggregate"],"picked":"SKIP","floor":8},{"not_picked":["Doom and Gloom","Gash","Stack"],"picked":"SKIP","floor":13}],"player_experience":943703,"relics_obtained":[{"floor":7,"key":"MawBank"},{"floor":9,"key":"Vajra"}],"event_choices":[{"damage_healed":0.0,"max_hp_gain":0.0,"max_hp_loss":0.0,"gold_gain":75.0,"event_name":"World of Goop","player_choice":"Gather Gold","floor":2.0,"gold_loss":0.0,"damage_taken":11.0},{"damage_healed":0.0,"max_hp_gain":0.0,"max_hp_loss":0.0,"gold_gain":0.0,"cards_transformed":["Strike_B"],"event_name":"Transmorgrifier","player_choice":"Transformed","floor":4.0,"gold_loss":0.0,"damage_taken":0.0,"cards_obtained":["Machine Learning"]},{"cards_removed":["Strike_B"],"damage_healed":0,"gold_gain":0,"player_choice":"Forget","damage_taken":0,"max_hp_gain":0,"max_hp_loss":0,"event_name":"Living Wall","floor":12,"gold_loss":0}],"is_beta":false,"boss_relics":[],"items_purged_floors":[],"is_endless":false,"potions_floor_spawned":[1,7],"killed_by":"Slime Boss","ascension_level":20}