{"gold_per_floor":[109,34,34,34,34,69,69,80,159,194,209,159,334,352,352,448,448,466,466],"floor_reached":19,"playtime":850,"items_purged":["Strike_R"],"score":175,"play_id":"7af5d1ab-6d98-44f7-ba5d-7dd5b64f7c07","local_time":"20190730204022","is_ascension_mode":false,"campfire_choices":[{"floor":7,"key":"REST"},{"data":"Armaments","floor":15,"key":"SMITH"}],"neow_cost":"PERCENT_DAMAGE","seed_source_timestamp":1733621404684100,"circlet_count":0,"master_deck":["Strike_R","Strike_R","Strike_R+1","Defend_R","Defend_R+1","Defend_R","Defend_R","Bash","Regret","Iron Wave","Carnage","Reaper","Armaments+1","Doubt","Burning Pact","Dark Embrace","Body Slam"],"relics":["Burning Blood","WingedGreaves","Juzu Bracelet","Charon\u0027s Ashes","Ginger","Question Card","Blood Vial","Black Star"],"potions_floor_usage":[10,16,16,16,18],"damage_taken":[{"damage":3,"enemies":"Jaw Worm","floor":1,"turns":4},{"damage":33,"enemies":"Gremlin Nob","floor":6,"turns":5},{"damage":3,"enemies":"Cultist","floor":8,"turns":3},{"damage":28,"enemies":"3 Sentries","floor":10,"turns":7},{"damage":0,"enemies":"2 Louse","floor":11,"turns":2},{"damage":6,"enemies":"Large Slime","floor":14,"turns":5},{"damage":59,"enemies":"Slime Boss","floor":16,"turns":16},{"damage":48,"enemies":"3 Byrds","floor":18,"turns":7},{"damage":56,"enemies":"Spheric Guardian","floor":19,"turns":8}],"seed_played":"455311427106934488","potions_obtained":[{"floor":8,"key":"Block Potion"},{"floor":10,"key":"Weak Potion"},{"floor":11,"key":"Regen Potion"},{"floor":14,"key":"SkillPotion"},{"floor":16,"key":"SkillPotion"}],"is_trial":false,"path_per_floor":["M","$","?","?","?","E","R","M","T","E","M","?","?","M","R","B",null,"M","M"],"character_chosen":"IRONCLAD","items_purchased":[],"campfire_rested":1,"item_purchase_floors":[],"current_hp_per_floor":[59,59,59,43,43,16,40,43,43,21,37,37,37,49,49,21,80,50,0],"gold":466,"neow_bonus":"ONE_RARE_RELIC","is_prod":false,"is_daily":false,"chose_seed":false,"campfire_upgraded":1,"win_rate":0,"timestamp":1564537222,"path_taken":["M","$","?","?","?","E","R","M","T","E","M","?","?","M","R","BOSS","M","M"],"build_version":"2019-07-17","purchased_purges":1,"victory":false,"max_hp_per_floor":[80,80,80,80,80,80,80,80,80,80,80,80,80,80,80,80,80,80,80],"card_choices":[{"not_picked":["Pommel Strike","Clothesline"],"picked":"Shrug It Off","floor":1},{"not_picked":["Clash","Shrug It Off"],"picked":"Iron Wave","floor":6},{"not_picked":["Combust","Rage"],"picked":"Carnage","floor":8},{"not_picked":["Armaments","Sword Boomerang","Clothesline"],"picked":"Reaper","floor":10},{"not_picked":["Body Slam","Flame Barrier","Clash"],"picked":"Armaments","floor":11},{"not_picked":["Perfected Strike","Fiend Fire","Shockwave"],"picked":"Burning Pact","floor":14},{"not_picked":["Limit Break","Barricade","Berserk"],"picked":"Dark Embrace","floor":16},{"not_picked":["Anger+1","Iron Wave","Hemokinesis"],"picked":"Body Slam","floor":18}],"player_experience":824113,"relics_obtained":[{"floor":6,"key":"Ginger"},{"floor":9,"key":"Question Card"},{"floor":10,"key":"Blood Vial"}],"event_choices":[{"cards_removed":["Shrug It Off"],"damage_healed":0,"gold_gain":0,"player_choice":"Gave Card","damage_taken":0,"relics_obtained":["Juzu Bracelet"],"max_hp_gain":0,"max_hp_loss":0,"event_name":"WeMeetAgain","floor":3,"gold_loss":0},{"damage_healed":0,"gold_gain":0,"player_choice":"Entered Light","damage_taken":16,"max_hp_gain":0,"max_hp_loss":0,"event_name":"Shining Light","floor":4,"gold_loss":0,"cards_upgraded":["Strike_R","Defend_R"]},{"damage_healed":0,"gold_gain":0,"player_choice":"Box","damage_taken":0,"relics_obtained":["Charon\u0027s Ashes"],"max_hp_gain":0,"max_hp_loss":0,"event_name":"Big Fish","floor":5,"gold_loss":0,"cards_obtained":["Regret"]},{"cards_removed":["Strike_R"],"damage_healed":0,"gold_gain":0,"player_choice":"Card Removal","damage_taken":0,"max_hp_gain":0,"max_hp_loss":0,"event_name":"The Cleric","floor":12,"gold_loss":50},{"damage_healed":0,"gold_gain":175,"player_choice":"AGREE","damage_taken":0,"max_hp_gain":0,"max_hp_loss":0,"event_name":"Liars Game","floor":13,"gold_loss":0,"cards_obtained":["Doubt"]}],"is_beta":false,"boss_relics":[{"not_picked":["Coffee Dripper","Empty Cage"],"picked":"Black Star"}],"items_purged_floors":[2],"is_endless":false,"potions_floor_spawned":[8,10,11,14,16],"killed_by":"Spheric Guardian","ascension_level":0}