{"path_per_floor":["M","?","$","?","M","R","M","E","T","R","M","M","R","E","R","B",null,"M","M","$","?","M","R","M","R","T","$","M","E","M","?","R","B",null,"M","?","$","M","M","E","R","E","T","M","E","R","E","M","R","B"],"character_chosen":"IRONCLAD","items_purchased":["Inflame","Singing Bowl","Toxic Egg 2","Bag of Preparation"],"gold_per_floor":[110,410,101,101,115,115,130,155,155,155,171,184,184,212,212,309,309,324,342,2,2,14,14,29,29,55,55,65,98,111,111,111,209,209,229,229,29,47,60,85,85,118,118,135,166,166,192,207,207,207],"floor_reached":51,"campfire_rested":6,"playtime":2879,"current_hp_per_floor":[68,68,68,52,58,58,66,60,60,60,23,14,54,25,65,38,74,70,53,53,53,41,41,16,57,57,57,63,60,52,52,52,20,73,67,67,67,62,88,26,71,63,63,102,48,96,62,29,78,11],"items_purged":["Normality","Strike_R","Defend_R"],"gold":207,"score":971,"play_id":"d67481ae-9026-4b4a-9dda-62b00801b8ce","is_prod":false,"is_daily":false,"is_ascension_mode":true,"campfire_upgraded":4,"path_taken":["M","?","$","?","M","R","M","E","T","R","M","?","R","E","R","BOSS","M","M","$","?","M","R","M","R","T","$","M","E","M","?","R","BOSS","M","?","$","M","?","E","R","E","T","M","E","R","E","M","R","BOSS"],"build_version":"2018-02-15-PROD1","purchased_purges":4,"victory":true,"master_deck":["Strike_R","Strike_R","Defend_R","Defend_R+1","Bash+1","Flame Barrier+1","Inflame+1","Heavy Blade","Headbutt+1","Double Tap+1","Limit Break+1","Warcry+1","Flex+1","Heavy Blade+1","Seeing Red+1","True Grit+1","Reaper+1","Berserk+1","Havoc+1","Body Slam+1","Seeing Red+1","Reaper+1"],"max_hp_per_floor":[80,80,80,80,80,80,82,84,84,84,86,86,86,86,86,86,86,88,88,88,88,88,88,88,88,88,88,88,88,90,90,90,90,90,92,92,92,92,94,96,98,100,100,102,104,106,106,108,110,110],"relics":["Burning Blood","Old Coin","Singing Bowl","Regal Pillow","Molten Egg 2","Omamori","Velvet Choker","Toxic Egg 2","Smiling Mask","Dream Catcher","Art of War","Astrolabe","Bag of Preparation","Toolbox","Paper Frog","Calipers","Centennial Puzzle","Vajra"],"card_choices":[{"not_picked":["Perfected Strike","Searing Blow"],"picked":"Flame Barrier"},{"not_picked":["Bloodletting","Sword Boomerang"],"picked":"Heavy Blade"},{"not_picked":["Warcry","Clothesline"],"picked":"Headbutt"},{"not_picked":["Pummel","Thunderclap"],"picked":"Double Tap"},{"not_picked":["Offering","Double Tap"],"picked":"Limit Break"},{"not_picked":["Combust","Thunderclap"],"picked":"Warcry"},{"not_picked":["Anger","Metallicize"],"picked":"Flex"},{"not_picked":["Shrug It Off","Pummel"],"picked":"Heavy Blade"},{"not_picked":["Sever Soul","Headbutt"],"picked":"Seeing Red"},{"not_picked":["Searing Blow","Wild Strike"],"picked":"True Grit"},{"not_picked":["Brutality","Juggernaut"],"picked":"Reaper"},{"not_picked":["Heavy Blade","Warcry"],"picked":"Seeing Red"},{"not_picked":["Corruption","Power Through"],"picked":"Reaper"}],"player_experience":310629,"potions_floor_usage":[50],"damage_taken":[{"damage":10.0,"enemies":"Small Slimes","floor":1.0,"turns":5.0},{"damage":0.0,"enemies":"Cultist","floor":5.0,"turns":4.0},{"damage":0.0,"enemies":"2 Louse","floor":7.0,"turns":4.0},{"damage":14.0,"enemies":"Gremlin Nob","floor":8.0,"turns":4.0},{"damage":45.0,"enemies":"Exordium Thugs","floor":11.0,"turns":6.0},{"damage":15.0,"enemies":"Gremlin Gang","floor":12.0,"turns":7.0},{"damage":35.0,"enemies":"3 Sentries","floor":14.0,"turns":8.0},{"damage":33.0,"enemies":"The Guardian","floor":16.0,"turns":8.0},{"damage":12.0,"enemies":"3 Byrds","floor":18.0,"turns":4.0},{"damage":23.0,"enemies":"2 Thieves","floor":19.0,"turns":3.0},{"damage":18.0,"enemies":"3 Cultists","floor":22.0,"turns":5.0},{"damage":31.0,"enemies":"Centurion and Healer","floor":24.0,"turns":5.0},{"damage":0.0,"enemies":"Snecko","floor":28.0,"turns":3.0},{"damage":9.0,"enemies":"Gremlin Leader","floor":29.0,"turns":5.0},{"damage":16.0,"enemies":"Sentry and Sphere","floor":30.0,"turns":4.0},{"damage":53.0,"enemies":"Automaton","floor":33.0,"turns":8.0},{"damage":47.0,"enemies":"3 Darklings","floor":35.0,"turns":5.0},{"damage":11.0,"enemies":"Orb Walker","floor":38.0,"turns":2.0},{"damage":18.0,"enemies":"Sphere and 2 Shapes","floor":39.0,"turns":4.0},{"damage":70.0,"enemies":"Nemesis","floor":40.0,"turns":5.0},{"damage":16.0,"enemies":"Giant Head","floor":42.0,"turns":6.0},{"damage":37.0,"enemies":"3 Darklings","floor":44.0,"turns":6.0},{"damage":62.0,"enemies":"2 Orb Walkers","floor":45.0,"turns":5.0},{"damage":40.0,"enemies":"Nemesis","floor":47.0,"turns":3.0},{"damage":63.0,"enemies":"Maw","floor":48.0,"turns":6.0},{"damage":141,"enemies":"Awakened One","floor":50,"turns":9}],"event_choices":[{"event_name":"Accursed Blacksmith","player_choice":"Rummage","floor":2.0,"damage_taken":0.0},{"event_name":"Shining Light","player_choice":"Entered Light","floor":4.0,"damage_taken":0.0},{"event_name":"The Mausoleum","player_choice":"Yes","floor":21.0,"damage_taken":0.0},{"event_name":"Vampires","player_choice":"Ignored","floor":31.0,"damage_taken":0.0}],"boss_relics":[],"potions_floor_spawned":[5,7,16,22,24,28,29,30,38,42,44,45],"seed_played":"-6242813606177645029","ascension_level":8,"is_trial":false}