{"gold_per_floor":[18,18,18,29,29,45,45,56,56,56,118,118,130,6,6,82,82,59,59,59,59,59,59,4,4],"floor_reached":25,"playtime":879,"items_purged":[],"score":355,"play_id":"36e4aae2-7899-4322-9e55-a4614d083344","local_time":"20190221120537","is_ascension_mode":true,"campfire_choices":[{"data":"Battle Trance","floor":7.0,"key":"SMITH"},{"data":"Twin Strike","floor":10.0,"key":"SMITH"},{"data":"True Grit","floor":15.0,"key":"SMITH"},{"data":"Burning Pact","floor":23,"key":"SMITH"}],"neow_cost":"NO_GOLD","seed_source_timestamp":1263029315046193,"circlet_count":0,"master_deck":["AscendersBane","Strike_R+1","Strike_R+1","Strike_R+1","Strike_R+1","Strike_R+1","Defend_R+1","Defend_R+1","Defend_R+1","Defend_R+1","Bash+1","Battle Trance+1","Cleave","Twin Strike+1","Burning Pact+1","True Grit+1","Shrug It Off","Purity","Juggernaut","Shrug It Off","Writhe","Decay","Body Slam+1"],"special_seed":0,"relics":["Burning Blood","Champion Belt","Happy Flower","Self Forming Clay","Mark of Pain","Molten Egg 2"],"potions_floor_usage":[25],"damage_taken":[{"damage":6.0,"enemies":"Jaw Worm","floor":1.0,"turns":4.0},{"damage":3.0,"enemies":"Cultist","floor":4.0,"turns":4.0},{"damage":4.0,"enemies":"Small Slimes","floor":6.0,"turns":4.0},{"damage":17.0,"enemies":"Exordium Wildlife","floor":8.0,"turns":4.0},{"damage":25.0,"enemies":"3 Sentries","floor":11.0,"turns":7.0},{"damage":3.0,"enemies":"3 Louse","floor":13.0,"turns":3.0},{"damage":30.0,"enemies":"Hexaghost","floor":16.0,"turns":15.0},{"damage":25.0,"enemies":"2 Thieves","floor":18.0,"turns":4.0},{"damage":58,"enemies":"Gremlin Leader","floor":25,"turns":6}],"seed_played":"-8314105892554056160","potions_obtained":[{"floor":4.0,"key":"PowerPotion"},{"floor":8.0,"key":"GamblersBrew"},{"floor":18.0,"key":"FearPotion"}],"is_trial":false,"path_per_floor":["M","$","?","M","?","M","R","M","T","R","?","$","M","$","R","B",null,"M","?","?","?","?","R","$","E"],"character_chosen":"IRONCLAD","items_purchased":["Shrug It Off","Purity","Body Slam+1"],"campfire_rested":0,"item_purchase_floors":[14,14,24],"current_hp_per_floor":[68,68,68,71,71,73,73,62,62,62,43,43,46,46,46,22,62,43,43,43,43,43,43,43,0],"gold":4,"neow_bonus":"ONE_RARE_RELIC","is_prod":false,"is_daily":false,"chose_seed":false,"campfire_upgraded":4,"win_rate":0,"timestamp":1550747137,"path_taken":["M","$","?","?","?","?","R","M","T","R","?","$","M","$","R","BOSS","M","?","?","?","?","R","?","E"],"build_version":"2019-01-23","purchased_purges":0,"victory":false,"max_hp_per_floor":[75,75,75,75,75,75,75,75,75,75,75,75,75,75,75,75,75,75,75,75,75,75,75,75,75],"card_choices":[{"not_picked":["Cleave","Carnage"],"picked":"Battle Trance","floor":1.0},{"not_picked":["Anger","Armaments"],"picked":"Cleave","floor":4.0},{"not_picked":["Clash","Blood for Blood","Pommel Strike"],"picked":"SKIP","floor":6.0},{"not_picked":["Sentinel","Havoc"],"picked":"Twin Strike","floor":8.0},{"not_picked":["Cleave","Perfected Strike"],"picked":"Burning Pact","floor":11.0},{"not_picked":["Iron Wave","Dual Wield"],"picked":"True Grit","floor":13.0},{"not_picked":["Reaper","Offering"],"picked":"Juggernaut","floor":16.0},{"not_picked":["Cleave","Combust"],"picked":"Shrug It Off","floor":18.0}],"player_experience":844366,"relics_obtained":[{"floor":9.0,"key":"Happy Flower"},{"floor":11.0,"key":"Self Forming Clay"}],"event_choices":[{"damage_healed":0.0,"max_hp_gain":0.0,"max_hp_loss":0.0,"gold_gain":0.0,"event_name":"Accursed Blacksmith","player_choice":"Forge","floor":3.0,"gold_loss":0.0,"damage_taken":0.0,"cards_upgraded":["Bash"]},{"damage_healed":0.0,"max_hp_gain":0.0,"max_hp_loss":0.0,"gold_gain":0.0,"event_name":"Match and Keep!","player_choice":"0 cards matched","floor":5.0,"gold_loss":0.0,"damage_taken":0.0,"cards_obtained":[]},{"damage_healed":0.0,"max_hp_gain":0.0,"max_hp_loss":0.0,"gold_gain":0.0,"event_name":"Dead Adventurer","player_choice":"Searched \u00271\u0027 times","floor":11.0,"gold_loss":0.0,"damage_taken":0.0},{"damage_healed":0.0,"max_hp_gain":0.0,"max_hp_loss":0.0,"gold_gain":0.0,"event_name":"Ghosts","player_choice":"Ignored","floor":19.0,"gold_loss":0.0,"damage_taken":0.0},{"damage_healed":0.0,"max_hp_gain":0.0,"max_hp_loss":0.0,"gold_gain":0.0,"event_name":"The Mausoleum","player_choice":"Opened","floor":20.0,"gold_loss":0.0,"damage_taken":0.0,"relics_obtained":["Molten Egg 2"],"cards_obtained":["Writhe"]},{"damage_healed":0,"gold_gain":0,"player_choice":"Simplicity","damage_taken":0,"max_hp_gain":0,"max_hp_loss":0,"event_name":"Back to Basics","floor":21,"gold_loss":0,"cards_upgraded":["Strike_R","Strike_R","Strike_R","Strike_R","Strike_R","Defend_R","Defend_R","Defend_R","Defend_R"]},{"damage_healed":0,"gold_gain":0,"player_choice":"Smashed Altar","damage_taken":0,"max_hp_gain":0,"max_hp_loss":0,"event_name":"Forgotten Altar","floor":22,"gold_loss":0,"cards_obtained":["Decay"]}],"is_beta":false,"boss_relics":[{"not_picked":["Ectoplasm","Pandora\u0027s Box"],"picked":"Mark of Pain"}],"items_purged_floors":[],"is_endless":false,"potions_floor_spawned":[4,8,18],"killed_by":"Gremlin Leader","ascension_level":18}