{"gold_per_floor":[114,127,127,141,66,66,82,82,82,93,93,32,32,32],"floor_reached":14,"playtime":364,"items_purged":["Strike_R"],"score":160,"play_id":"1e3deff5-9423-4217-8377-00291667f780","local_time":"20190307114339","is_ascension_mode":true,"campfire_choices":[{"data":"True Grit","floor":6.0,"key":"SMITH"},{"data":"Rage","floor":8.0,"key":"SMITH"},{"data":"Inflame","floor":13.0,"key":"SMITH"}],"neow_cost":"TEN_PERCENT_HP_LOSS","seed_source_timestamp":153560783778386,"circlet_count":0,"master_deck":["AscendersBane","Strike_R","Strike_R","Defend_R","Defend_R","Defend_R","Bash+1","Headbutt","Rage+1","Evolve","True Grit+1","Cleave","Inflame+1","Inflame"],"special_seed":0,"relics":["Burning Blood","The Courier"],"potions_floor_usage":[],"damage_taken":[{"damage":9.0,"enemies":"2 Louse","floor":1.0,"turns":3.0},{"damage":1.0,"enemies":"Cultist","floor":2.0,"turns":3.0},{"damage":17.0,"enemies":"Jaw Worm","floor":4.0,"turns":5.0},{"damage":10.0,"enemies":"Gremlin Gang","floor":7.0,"turns":4.0},{"damage":14.0,"enemies":"3 Louse","floor":10.0,"turns":3.0},{"damage":51,"enemies":"Gremlin Nob","floor":14,"turns":4}],"seed_played":"2906949016442252675","potions_obtained":[{"floor":1.0,"key":"GamblersBrew"},{"floor":4.0,"key":"SmokeBomb"}],"is_trial":false,"path_per_floor":["M","M","?","M","$","R","M","R","T","M","?","$","R","E"],"character_chosen":"IRONCLAD","items_purchased":["Inflame"],"campfire_rested":0,"item_purchase_floors":[12],"current_hp_per_floor":[65,68,68,57,57,57,53,53,53,45,45,45,45,0],"gold":32,"neow_bonus":"TRANSFORM_TWO_CARDS","is_prod":false,"is_daily":false,"chose_seed":false,"campfire_upgraded":3,"win_rate":0,"timestamp":1551955419,"path_taken":["M","M","?","?","?","R","M","R","T","M","?","$","R","E"],"build_version":"2019-01-23","purchased_purges":1,"victory":false,"max_hp_per_floor":[68,68,68,68,68,68,68,68,68,68,68,68,68,68],"card_choices":[{"not_picked":["Pummel","Sever Soul"],"picked":"Evolve","floor":1.0},{"not_picked":["Sword Boomerang","Searing Blow"],"picked":"True Grit","floor":2.0},{"not_picked":["Wild Strike","Headbutt"],"picked":"Cleave","floor":4.0},{"not_picked":["Ghostly Armor","Shrug It Off"],"picked":"Inflame","floor":7.0},{"not_picked":["Rage","Thunderclap","Flex"],"picked":"SKIP","floor":10.0}],"player_experience":950526,"relics_obtained":[{"floor":9.0,"key":"The Courier"}],"event_choices":[{"damage_healed":0.0,"max_hp_gain":0.0,"max_hp_loss":0.0,"gold_gain":0.0,"event_name":"Upgrade Shrine","player_choice":"Upgraded","floor":3.0,"gold_loss":0.0,"damage_taken":0.0,"cards_upgraded":["Bash"]},{"cards_removed":["Strike_R"],"damage_healed":0.0,"max_hp_gain":0.0,"max_hp_loss":0.0,"gold_gain":0.0,"event_name":"Purifier","player_choice":"Purged","floor":11.0,"gold_loss":0.0,"damage_taken":0.0}],"is_beta":false,"boss_relics":[],"items_purged_floors":[5],"is_endless":false,"potions_floor_spawned":[1,4],"killed_by":"Gremlin Nob","ascension_level":20}