{"gold_per_floor":[109,59,72,347,357,357,368,378,403,403,429,429,446,446],"floor_reached":14,"playtime":1700,"items_purged":[],"score":92,"play_id":"d27a7a95-608b-413b-95fb-9d1de3f1de48","local_time":"20190731003608","is_ascension_mode":false,"campfire_choices":[{"floor":6,"key":"REST"},{"data":"Coolheaded","floor":12,"key":"SMITH"}],"neow_cost":"PERCENT_DAMAGE","seed_source_timestamp":1662709812991160,"circlet_count":0,"master_deck":["Strike_B","Strike_B","Defend_B","Defend_B","Defend_B","Defend_B","Zap","Dualcast","Undo","Coolheaded+1","FTL","Regret"],"relics":["Cracked Core","Lantern","Boot"],"potions_floor_usage":[11,14,14],"damage_taken":[{"damage":1,"enemies":"Cultist","floor":1,"turns":3},{"damage":0,"enemies":"2 Louse","floor":3,"turns":2},{"damage":14,"enemies":"Jaw Worm","floor":5,"turns":5},{"damage":22,"enemies":"Gremlin Gang","floor":7,"turns":8},{"damage":5,"enemies":"Blue Slaver","floor":8,"turns":5},{"damage":15,"enemies":"3 Sentries","floor":11,"turns":7},{"damage":23,"enemies":"Lots of Slimes","floor":13,"turns":7},{"damage":46,"enemies":"Gremlin Nob","floor":14,"turns":4}],"seed_played":"-9067265047068018298","potions_obtained":[{"floor":1,"key":"Regen Potion"},{"floor":7,"key":"AttackPotion"},{"floor":11,"key":"SneckoOil"},{"floor":13,"key":"SpeedPotion"}],"is_trial":false,"path_per_floor":["M","$","M","?","M","R","M","M","T","?","E","R","M","E"],"character_chosen":"DEFECT","items_purchased":["Coolheaded"],"campfire_rested":1,"item_purchase_floors":[2],"current_hp_per_floor":[53,53,53,53,39,61,39,34,34,59,44,44,21,0],"gold":446,"neow_bonus":"REMOVE_TWO","is_prod":false,"is_daily":false,"chose_seed":false,"campfire_upgraded":1,"win_rate":0,"timestamp":1564547768,"path_taken":["M","$","M","?","?","R","M","M","T","?","E","R","M","E"],"build_version":"2019-07-17","purchased_purges":0,"victory":false,"max_hp_per_floor":[75,75,75,75,75,75,75,75,75,75,75,75,75,75],"card_choices":[{"not_picked":["Tempest","Double Energy"],"picked":"Undo","floor":1},{"not_picked":["Steam Power","Redo"],"picked":"FTL","floor":3},{"not_picked":["Conserve Battery","Stack","Compile Driver"],"picked":"SKIP","floor":5},{"not_picked":["Sweeping Beam","Chaos","Steam Power"],"picked":"SKIP","floor":7},{"not_picked":["Scrape","Redo","Beam Cell"],"picked":"SKIP","floor":8},{"not_picked":["Auto Shields","Steam Power","Go for the Eyes"],"picked":"SKIP","floor":11},{"not_picked":["Stack","Streamline","Beam Cell"],"picked":"SKIP","floor":13}],"player_experience":251600,"relics_obtained":[{"floor":9,"key":"Lantern"},{"floor":11,"key":"Boot"}],"event_choices":[{"damage_healed":0,"gold_gain":275,"player_choice":"Desecrate","damage_taken":0,"max_hp_gain":0,"max_hp_loss":0,"event_name":"Golden Shrine","floor":4,"gold_loss":0,"cards_obtained":["Regret"]},{"damage_healed":25,"gold_gain":0,"player_choice":"Banana","damage_taken":0,"max_hp_gain":0,"max_hp_loss":0,"event_name":"Big Fish","floor":10,"gold_loss":0}],"is_beta":false,"boss_relics":[],"items_purged_floors":[],"is_endless":false,"potions_floor_spawned":[1,7,11,13],"killed_by":"Gremlin Nob","ascension_level":0}