{"path_per_floor":["M","?","?","M","?","R","M","$","T","M","E","T","M","M","R","B",null,"M","?","?","?","M","R","$","R","T","R","M","E","M"],"character_chosen":"DEFECT","items_purchased":["Cold Snap"],"gold_per_floor":[111,111,111,121,121,121,132,5,28,46,79,103,119,136,136,234,234,244,159,159,159,174,174,124,124,124,124,138,164,180,180],"floor_reached":31,"campfire_rested":0,"playtime":1563,"current_hp_per_floor":[68,68,68,63,63,63,52,52,52,49,37,37,32,21,21,5,75,57,57,57,71,65,65,65,65,65,65,54,33,12,0],"items_purged":["Strike_B","Blizzard"],"gold":180,"score":255,"play_id":"c62c0b8f-a31f-4b39-acb7-221039d529cf","local_time":"20180501152738","is_prod":false,"is_daily":false,"chose_seed":false,"is_ascension_mode":false,"campfire_upgraded":5,"timestamp":1525181258,"path_taken":["M","?","?","M","?","R","?","$","T","M","E","?","M","M","R","BOSS","M","?","?","?","?","R","$","R","T","R","M","E","M","M"],"build_version":"2018-04-30","seed_source_timestamp":540736088256585,"purchased_purges":2,"victory":false,"master_deck":["Zap+1","Dualcast+1","Barrage+1","Ball Lightning","Sweeping Beam","Capacitor+1","Cold Snap","Coolheaded","Blizzard","Hologram+1","Leap","Creative AI+1","Impulse+1","Static Discharge","Undo","Go for the Eyes","Barrage","Buffer","Go for the Eyes+1","Rebound+1","Chaos"],"max_hp_per_floor":[75,75,75,75,75,75,75,75,75,75,75,75,75,75,75,75,75,75,75,75,89,89,89,89,89,89,89,89,89,89,89],"relics":["Cracked Core","Dream Catcher","Lantern","Art of War","Pandora\u0027s Box","Smiling Mask","Mango","Frozen Egg 2","Omamori"],"card_choices":[{"not_picked":["Tempest","Aggregate"],"picked":"Barrage","floor":0.0},{"not_picked":["Chaos","Reinforced Body"],"picked":"Ball Lightning","floor":1.0},{"not_picked":["Tempest","Axe Kick"],"picked":"Sweeping Beam","floor":4.0},{"not_picked":["Turbo","Darkness"],"picked":"Capacitor","floor":7.0},{"not_picked":["Streamline","Blizzard"],"picked":"Coolheaded","floor":10.0},{"not_picked":["Stack","Ball Lightning"],"picked":"Blizzard","floor":11.0},{"not_picked":["Self Repair","Impulse"],"picked":"Hologram","floor":13.0},{"not_picked":["Sweeping Beam","Barrage"],"picked":"Leap","floor":14},{"not_picked":["Hyperbeam","Redo"],"picked":"Creative AI","floor":16},{"not_picked":["White Noise","Coolheaded"],"picked":"Go for the Eyes","floor":22},{"not_picked":["Stack","Coolheaded"],"picked":"Rebound","floor":28},{"not_picked":["Ball Lightning","Blaster"],"picked":"Chaos","floor":29}],"player_experience":563450,"potions_floor_usage":[22,29,31],"damage_taken":[{"damage":7.0,"enemies":"Small Slimes","floor":1.0,"turns":3.0},{"damage":5.0,"enemies":"2 Louse","floor":4.0,"turns":2.0},{"damage":11.0,"enemies":"Jaw Worm","floor":7.0,"turns":2.0},{"damage":3.0,"enemies":"Looter","floor":10.0,"turns":2.0},{"damage":12.0,"enemies":"Gremlin Nob","floor":11.0,"turns":3.0},{"damage":5.0,"enemies":"Lots of Slimes","floor":13.0,"turns":3.0},{"damage":11,"enemies":"Blue Slaver","floor":14,"turns":3},{"damage":16,"enemies":"Hexaghost","floor":16,"turns":11},{"damage":26,"enemies":"Spheric Guardian","floor":18,"turns":4},{"damage":6,"enemies":"Chosen","floor":22,"turns":4},{"damage":16,"enemies":"Snecko","floor":28,"turns":6},{"damage":21,"enemies":"Gremlin Leader","floor":29,"turns":5},{"damage":21,"enemies":"Chosen and Byrds","floor":30,"turns":4},{"damage":16,"enemies":"Centurion and Healer","floor":31,"turns":4}],"event_choices":[{"event_name":"Golden Idol","player_choice":"Ignored","floor":2.0,"damage_taken":0.0},{"event_name":"Upgrade Shrine","player_choice":"Upgraded","floor":3.0,"damage_taken":0.0},{"event_name":"Liars Game","player_choice":"disagreed","floor":5.0,"damage_taken":0.0},{"event_name":"Addict","player_choice":"Obtained Relic","floor":19,"damage_taken":0},{"event_name":"Upgrade Shrine","player_choice":"Upgraded","floor":20,"damage_taken":0},{"event_name":"The Mausoleum","player_choice":"Yes","floor":21,"damage_taken":0}],"boss_relics":[{"not_picked":["Philosopher\u0027s Stone","Tiny House"],"picked":"Pandora\u0027s Box"}],"potions_floor_spawned":[1,11,18,28],"seed_played":"769421831323656996","killed_by":"Centurion and Healer","ascension_level":0,"is_trial":false}