{"gold_per_floor":[110,123,123,123,48,83,83,83,83,98,98,47,47,78,78,173,173,173],"floor_reached":18,"playtime":456,"items_purged":["Defend_R"],"score":382,"play_id":"36388bd2-76c1-4ec6-a6ed-a7bd71648fc9","local_time":"20190712214713","is_ascension_mode":true,"campfire_choices":[{"data":"Bash","floor":8.0,"key":"SMITH"},{"data":"Battle Trance","floor":11.0,"key":"SMITH"},{"data":"Combust","floor":15.0,"key":"SMITH"}],"neow_cost":"NONE","seed_source_timestamp":395447078117482,"circlet_count":0,"master_deck":["AscendersBane","Strike_R","Strike_R","Strike_R","Defend_R","Defend_R","Defend_R","Bash+1","Cleave","Shrug It Off","Battle Trance+1","Iron Wave","Combust+1","Demon Form"],"special_seed":0,"relics":["Burning Blood","NeowsBlessing","Golden Idol","Vajra","PreservedInsect","Blood Vial","Runic Cube"],"potions_floor_usage":[],"damage_taken":[{"damage":0.0,"enemies":"Cultist","floor":1.0,"turns":1.0},{"damage":0.0,"enemies":"2 Louse","floor":2.0,"turns":1.0},{"damage":0.0,"enemies":"Gremlin Nob","floor":6.0,"turns":1.0},{"damage":4.0,"enemies":"Jaw Worm","floor":10.0,"turns":3.0},{"damage":10.0,"enemies":"3 Sentries","floor":14.0,"turns":4.0},{"damage":38.0,"enemies":"The Guardian","floor":16.0,"turns":15.0},{"damage":0,"enemies":"3 Byrds","floor":18,"turns":2}],"seed_played":"-7922635378591837878","potions_obtained":[{"floor":2.0,"key":"Energy Potion"},{"floor":14.0,"key":"Poison Potion"},{"floor":16.0,"key":"SteroidPotion"}],"is_trial":false,"path_per_floor":["M","M","?","?","$","E","$","R","T","M","R","$","?","E","R","B",null,"M"],"character_chosen":"IRONCLAD","items_purchased":["Iron Wave"],"campfire_rested":0,"item_purchase_floors":[12],"current_hp_per_floor":[74,75,68,68,68,68,68,68,68,68,68,68,61,57,57,27,58,60],"gold":173,"neow_bonus":"THREE_ENEMY_KILL","is_prod":false,"is_daily":false,"chose_seed":false,"campfire_upgraded":3,"win_rate":0,"timestamp":1562935633,"path_taken":["M","M","?","?","$","E","$","R","T","M","R","$","?","E","R","BOSS","M"],"build_version":"2019-07-05","purchased_purges":1,"victory":false,"max_hp_per_floor":[75,75,68,68,68,68,68,68,68,68,68,68,68,68,68,68,68,68],"card_choices":[{"not_picked":["Shockwave","Sword Boomerang"],"picked":"Cleave","floor":1.0},{"not_picked":["Sever Soul","Clothesline"],"picked":"Shrug It Off","floor":2.0},{"not_picked":["Pommel Strike","Fire Breathing"],"picked":"Battle Trance","floor":6.0},{"not_picked":["Shockwave","Havoc","Seeing Red"],"picked":"SKIP","floor":10.0},{"not_picked":["Sever Soul","Infernal Blade"],"picked":"Combust","floor":14.0},{"not_picked":["Berserk","Reaper"],"picked":"Demon Form","floor":16.0}],"player_experience":974719,"relics_obtained":[{"floor":6.0,"key":"Vajra"},{"floor":9.0,"key":"PreservedInsect"},{"floor":14.0,"key":"Blood Vial"}],"event_choices":[{"damage_healed":0.0,"max_hp_gain":0.0,"max_hp_loss":7.0,"gold_gain":0.0,"event_name":"Golden Idol","player_choice":"Lose Max HP","floor":3.0,"gold_loss":0.0,"damage_taken":0.0,"relics_obtained":["Golden Idol"]},{"cards_removed":["Strike_R"],"damage_healed":0.0,"max_hp_gain":0.0,"max_hp_loss":0.0,"gold_gain":0.0,"event_name":"Living Wall","player_choice":"Forget","floor":4.0,"gold_loss":0.0,"damage_taken":0.0},{"cards_removed":["Strike_R"],"damage_healed":0.0,"max_hp_gain":0.0,"max_hp_loss":0.0,"gold_gain":0.0,"event_name":"Golden Wing","player_choice":"Card Removal","floor":13.0,"gold_loss":0.0,"damage_taken":7.0}],"is_beta":false,"boss_relics":[{"not_picked":["Pandora\u0027s Box","Busted Crown"],"picked":"Runic Cube"}],"items_purged_floors":[5],"is_endless":false,"potions_floor_spawned":[2,14,16],"killed_by":"3 Byrds","ascension_level":20}