{"gold_per_floor":[11,11,11,25,35,35,47,47,70,96,96,113,113,130,130,130],"floor_reached":16,"playtime":443,"items_purged":[],"score":184,"play_id":"d48d6d72-4220-4b51-a9bb-549132518357","local_time":"20190205000949","is_ascension_mode":true,"campfire_choices":[{"data":"Bash","floor":6,"key":"SMITH"},{"data":"Offering","floor":8,"key":"SMITH"},{"floor":11,"key":"REST"},{"data":"Disarm","floor":15,"key":"SMITH"}],"neow_cost":"NO_GOLD","seed_source_timestamp":324088872380324,"circlet_count":0,"master_deck":["AscendersBane","Strike_R","Strike_R","Strike_R","Defend_R","Defend_R","Defend_R+1","Defend_R+1","Bash+1","Twin Strike","Offering+1","Disarm+1","Headbutt"],"relics":["Burning Blood","Bird Faced Urn","Dream Catcher","Regal Pillow"],"potions_floor_usage":[],"damage_taken":[{"damage":10,"enemies":"2 Louse","floor":1,"turns":3},{"damage":0,"enemies":"Small Slimes","floor":4,"turns":4},{"damage":6,"enemies":"Cultist","floor":5,"turns":3},{"damage":11,"enemies":"Exordium Wildlife","floor":7,"turns":4},{"damage":38,"enemies":"3 Sentries","floor":10,"turns":9},{"damage":16,"enemies":"Lots of Slimes","floor":12,"turns":5},{"damage":12,"enemies":"Blue Slaver","floor":14,"turns":2},{"damage":42,"enemies":"Slime Boss","floor":16,"turns":4}],"seed_played":"-5305048342071262629","potions_obtained":[{"floor":10,"key":"Dexterity Potion"},{"floor":12,"key":"Block Potion"},{"floor":14,"key":"EssenceOfSteel"}],"is_trial":false,"path_per_floor":["M","?","?","M","M","R","M","R","T","E","R","M","?","M","R","B"],"character_chosen":"IRONCLAD","items_purchased":[],"campfire_rested":1,"item_purchase_floors":[],"current_hp_per_floor":[64,41,41,47,47,47,42,42,42,10,47,37,37,31,31,0],"gold":130,"neow_bonus":"ONE_RARE_RELIC","is_prod":false,"is_daily":false,"chose_seed":false,"campfire_upgraded":3,"win_rate":0,"timestamp":1549321789,"path_taken":["M","?","?","?","M","R","M","R","T","E","R","M","?","?","R","BOSS"],"build_version":"2019-01-23","purchased_purges":0,"victory":false,"max_hp_per_floor":[75,75,75,75,75,75,75,75,75,75,75,75,75,75,75,75],"card_choices":[{"not_picked":["Body Slam","Hemokinesis"],"picked":"Twin Strike","floor":1},{"not_picked":["Twin Strike","Wild Strike","Second Wind"],"picked":"SKIP","floor":4},{"not_picked":["True Grit","Anger","Clothesline"],"picked":"SKIP","floor":5},{"not_picked":["Entrench","Warcry"],"picked":"Disarm","floor":7},{"not_picked":["Reckless Charge","Clash","True Grit"],"picked":"SKIP","floor":10},{"not_picked":["Sever Soul","Perfected Strike"],"picked":"Headbutt","floor":12},{"not_picked":["Headbutt","Intimidate","Clothesline"],"picked":"SKIP","floor":14}],"player_experience":778905,"relics_obtained":[{"floor":9,"key":"Dream Catcher"},{"floor":10,"key":"Regal Pillow"}],"event_choices":[{"damage_healed":0,"gold_gain":0,"player_choice":"Entered Light","damage_taken":23,"max_hp_gain":0,"max_hp_loss":0,"event_name":"Shining Light","floor":2,"gold_loss":0,"cards_upgraded":["Defend_R","Defend_R"]},{"damage_healed":0,"gold_gain":0,"cards_transformed":["Strike_R"],"player_choice":"Transformed","damage_taken":0,"max_hp_gain":0,"max_hp_loss":0,"event_name":"Transmorgrifier","floor":3,"gold_loss":0,"cards_obtained":["Offering"]},{"cards_removed":["Strike_R"],"damage_healed":0,"gold_gain":0,"player_choice":"Offered Basic","damage_taken":0,"max_hp_gain":0,"max_hp_loss":0,"event_name":"Bonfire Elementals","floor":13,"gold_loss":0}],"is_beta":false,"boss_relics":[],"items_purged_floors":[],"is_endless":false,"potions_floor_spawned":[10,12,14],"killed_by":"Slime Boss","ascension_level":16}