{"gold_per_floor":[10,10,10,10,35,70,70,93,118,154,184,229,241,328,340,352],"floor_reached":16,"playtime":572,"items_purged":[],"score":130,"play_id":"fb26ce61-21da-415f-acd6-997bdc01606a","local_time":"20190717001531","is_ascension_mode":true,"campfire_choices":[{"floor":7,"key":"RECALL"},{"floor":13,"key":"REST"},{"floor":15,"key":"REST"}],"neow_cost":"NO_GOLD","seed_source_timestamp":452990007188579,"circlet_count":0,"master_deck":["Strike_B","Strike_B","Strike_B","Strike_B","Defend_B+1","Defend_B","Defend_B","Defend_B","Zap+1","Dualcast","PanicButton","Trip+1","Leap","Injury","Self Repair","Rebound","Gash","Sweeping Beam","Go for the Eyes","Self Repair","Steam Power"],"relics":["Cracked Core","Golden Idol","Art of War","War Paint","MawBank","Dream Catcher"],"potions_floor_usage":[12,12,16],"damage_taken":[{"damage":0,"enemies":"Small Slimes","floor":1,"turns":3},{"damage":7,"enemies":"Jaw Worm","floor":5,"turns":3},{"damage":29,"enemies":"Lagavulin","floor":6,"turns":9},{"damage":6,"enemies":"2 Louse","floor":8,"turns":3},{"damage":7,"enemies":"Gremlin Nob","floor":10,"turns":4},{"damage":1,"enemies":"2 Fungi Beasts","floor":11,"turns":2},{"damage":9,"enemies":"Lagavulin","floor":12,"turns":5},{"damage":76,"enemies":"Hexaghost","floor":16,"turns":11}],"seed_played":"-7088247714891111874","potions_obtained":[{"floor":6,"key":"Dexterity Potion"},{"floor":10,"key":"Weak Potion"},{"floor":11,"key":"Poison Potion"}],"is_trial":false,"path_per_floor":["M","?","?","$","M","E","R","M","T","E","M","E","R","?","R","B"],"character_chosen":"DEFECT","items_purchased":[],"campfire_rested":2,"item_purchase_floors":[],"current_hp_per_floor":[75,75,75,75,68,46,46,47,47,47,46,44,66,55,75,0],"gold":352,"neow_bonus":"RANDOM_COLORLESS_2","is_prod":false,"is_daily":false,"chose_seed":false,"campfire_upgraded":0,"win_rate":0,"timestamp":1563336931,"path_taken":["M","?","?","$","M","E","R","M","T","E","M","E","R","?","R","BOSS"],"build_version":"2019-07-05","purchased_purges":0,"victory":false,"max_hp_per_floor":[75,75,75,75,75,75,75,75,75,75,75,75,75,75,75,75],"card_choices":[{"not_picked":["Blizzard","Stack"],"picked":"Leap","floor":1},{"not_picked":["Hologram","Defragment"],"picked":"Self Repair","floor":5},{"not_picked":["Compile Driver","Steam Power"],"picked":"Rebound","floor":6},{"not_picked":["Chill","Barrage","Genetic Algorithm"],"picked":"SKIP","floor":8},{"not_picked":["Blizzard","Biased Cognition"],"picked":"Gash","floor":10},{"not_picked":["Cold Snap","Streamline"],"picked":"Sweeping Beam","floor":11},{"not_picked":["Sunder","Undo"],"picked":"Go for the Eyes","floor":12},{"not_picked":["Stack","Steam Power"],"picked":"Self Repair","floor":13},{"not_picked":["Streamline","Fusion"],"picked":"Steam Power","floor":15}],"player_experience":187183,"relics_obtained":[{"floor":6,"key":"Art of War"},{"floor":9,"key":"War Paint"},{"floor":10,"key":"MawBank"},{"floor":12,"key":"Dream Catcher"}],"event_choices":[{"damage_healed":0,"gold_gain":0,"player_choice":"Grow","damage_taken":0,"max_hp_gain":0,"max_hp_loss":0,"event_name":"Living Wall","floor":2,"gold_loss":0,"cards_upgraded":["Trip"]},{"damage_healed":0,"gold_gain":0,"player_choice":"Take Wound","damage_taken":0,"relics_obtained":["Golden Idol"],"max_hp_gain":0,"max_hp_loss":0,"event_name":"Golden Idol","floor":3,"gold_loss":0,"cards_obtained":["Injury"]},{"damage_healed":0,"gold_gain":75,"player_choice":"Gather Gold","damage_taken":11,"max_hp_gain":0,"max_hp_loss":0,"event_name":"World of Goop","floor":14,"gold_loss":0}],"is_beta":false,"boss_relics":[],"items_purged_floors":[],"is_endless":false,"potions_floor_spawned":[6,10,11],"killed_by":"Hexaghost","ascension_level":2}