{"gold_per_floor":[109,109,109,109,122,156,169,94,118,118,150,150,150,165,165,241,241,259,131,131,131,131,131,131],"floor_reached":24,"playtime":695,"items_purged":["Strike_G"],"score":394,"play_id":"872997ae-031a-4dd4-aae5-d19050e3575b","local_time":"20190116092005","is_ascension_mode":true,"campfire_choices":[{"data":"Dagger Spray","floor":10.0,"key":"SMITH"},{"data":"Cloak And Dagger","floor":12.0,"key":"SMITH"},{"data":"Strike_G","floor":15.0,"key":"PURGE"},{"data":"Decay","floor":23.0,"key":"PURGE"}],"neow_cost":"NONE","seed_source_timestamp":654504478527450,"circlet_count":0,"master_deck":["AscendersBane","Defend_G","Defend_G","Defend_G+1","Defend_G","Defend_G","Strike_G","Strike_G","Survivor","Neutralize+1","Dagger Spray+1","Flying Knee","Slice","Backflip","Cloak And Dagger+1","Envenom","Cloak And Dagger","Accuracy","Acrobatics"],"special_seed":0,"relics":["Ring of the Snake","NeowsBlessing","Peace Pipe","Oddly Smooth Stone","Juzu Bracelet","Orichalcum","WristBlade","Enchiridion"],"potions_floor_usage":[],"damage_taken":[{"damage":0.0,"enemies":"Cultist","floor":1.0,"turns":1.0},{"damage":0.0,"enemies":"2 Louse","floor":5.0,"turns":1.0},{"damage":0.0,"enemies":"Gremlin Nob","floor":6.0,"turns":1.0},{"damage":0.0,"enemies":"Jaw Worm","floor":7.0,"turns":3.0},{"damage":4.0,"enemies":"3 Sentries","floor":11.0,"turns":4.0},{"damage":1.0,"enemies":"Large Slime","floor":14.0,"turns":5.0},{"damage":14.0,"enemies":"The Guardian","floor":16.0,"turns":19.0},{"damage":13.0,"enemies":"2 Thieves","floor":18.0,"turns":5.0},{"damage":15,"enemies":"Gremlin Leader","floor":24,"turns":2}],"seed_played":"-8092440390048182249","potions_obtained":[{"floor":7.0,"key":"PowerPotion"},{"floor":11.0,"key":"Block Potion"}],"is_trial":false,"path_per_floor":["M","T","?","?","M","E","M","$","T","R","E","R","?","M","R","B",null,"M","$","?","?","?","R","E"],"character_chosen":"THE_SILENT","items_purchased":["Accuracy","Acrobatics"],"campfire_rested":0,"item_purchase_floors":[19,19],"current_hp_per_floor":[59,59,39,32,32,32,32,32,32,32,28,28,28,27,27,13,53,40,40,34,13,13,13,0],"gold":131,"neow_bonus":"THREE_ENEMY_KILL","is_prod":false,"is_daily":false,"chose_seed":false,"campfire_upgraded":2,"win_rate":0,"timestamp":1547626805,"path_taken":["M","?","?","?","M","E","M","$","T","R","E","R","?","M","R","BOSS","M","$","?","?","?","R","E"],"build_version":"2019-01-10","purchased_purges":1,"victory":false,"max_hp_per_floor":[66,66,66,66,66,66,66,66,66,66,66,66,66,66,66,66,66,66,66,66,66,66,66,66],"card_choices":[{"not_picked":["Backflip","Slice"],"picked":"Dagger Spray","floor":1.0},{"not_picked":["Quick Slash","Terror"],"picked":"Flying Knee","floor":5.0},{"not_picked":["Prepared","Phantasmal Killer"],"picked":"Slice","floor":6.0},{"not_picked":["Setup","Sucker Punch"],"picked":"Backflip","floor":7.0},{"not_picked":["Dagger Throw","Flying Knee"],"picked":"Cloak And Dagger","floor":11.0},{"not_picked":["Slice","Outmaneuver","Sucker Punch"],"picked":"SKIP","floor":14.0},{"not_picked":["Bullet Time","Corpse Explosion"],"picked":"Envenom","floor":16.0},{"not_picked":["Outmaneuver","Prepared"],"picked":"Cloak And Dagger","floor":18.0}],"player_experience":749717,"relics_obtained":[{"floor":2.0,"key":"Peace Pipe"},{"floor":6.0,"key":"Oddly Smooth Stone"},{"floor":9.0,"key":"Juzu Bracelet"},{"floor":11.0,"key":"Orichalcum"},{"floor":21.0,"key":"Enchiridion"}],"event_choices":[{"damage_healed":0.0,"max_hp_gain":0.0,"max_hp_loss":0.0,"gold_gain":0.0,"event_name":"Shining Light","player_choice":"Entered Light","floor":3.0,"gold_loss":0.0,"damage_taken":20.0,"cards_upgraded":["Defend_G","Neutralize"]},{"cards_removed":["Strike_G"],"damage_healed":0.0,"max_hp_gain":0.0,"max_hp_loss":0.0,"gold_gain":0.0,"event_name":"Golden Wing","player_choice":"Card Removal","floor":4.0,"gold_loss":0.0,"damage_taken":7.0},{"damage_healed":0.0,"max_hp_gain":0.0,"max_hp_loss":0.0,"gold_gain":0.0,"event_name":"Liars Game","player_choice":"Ignored","floor":13.0,"gold_loss":0.0,"damage_taken":0.0},{"damage_healed":0.0,"max_hp_gain":0.0,"max_hp_loss":0.0,"gold_gain":0.0,"event_name":"Knowing Skull","player_choice":"","floor":20.0,"potions_obtained":[],"gold_loss":0.0,"damage_taken":6.0,"cards_obtained":[]},{"damage_healed":0.0,"max_hp_gain":0.0,"max_hp_loss":0.0,"gold_gain":0.0,"event_name":"Cursed Tome","player_choice":"Obtained Book","floor":21.0,"gold_loss":0.0,"damage_taken":21.0},{"damage_healed":0.0,"max_hp_gain":0.0,"max_hp_loss":0.0,"gold_gain":0.0,"event_name":"Forgotten Altar","player_choice":"Smashed Altar","floor":22.0,"gold_loss":0.0,"damage_taken":0.0,"cards_obtained":["Decay"]}],"is_beta":false,"boss_relics":[{"not_picked":["Fusion Hammer","HoveringKite"],"picked":"WristBlade"}],"items_purged_floors":[8],"is_endless":false,"potions_floor_spawned":[7,11],"killed_by":"Gremlin Leader","ascension_level":15}