{"gold_per_floor":[113,38,38,63,88,88,168,168,193,118,134,175,193,226,226,226],"floor_reached":16,"playtime":509,"items_purged":["Strike_B"],"score":220,"play_id":"569edd96-6e0d-4366-9685-c6e435fd2697","local_time":"20190714144656","is_ascension_mode":true,"campfire_choices":[{"data":"Go for the Eyes","floor":6.0,"key":"SMITH"},{"data":"Genetic Algorithm","floor":8.0,"key":"SMITH"},{"data":"Hologram","floor":15,"key":"SMITH"}],"neow_cost":"TEN_PERCENT_HP_LOSS","seed_source_timestamp":476853472375927,"circlet_count":0,"master_deck":["AscendersBane","Strike_B","Strike_B","Defend_B","Defend_B","Zap","Dualcast","Glacier","Lockon","Go for the Eyes+1","Ball Lightning","Conserve Battery","Genetic Algorithm+1","Beam Cell","Hologram+1","Barrage"],"special_seed":0,"relics":["Cracked Core","Golden Idol","Mango","Bag of Marbles","Pen Nib","Blue Candle"],"potions_floor_usage":[14],"damage_taken":[{"damage":1.0,"enemies":"Cultist","floor":1.0,"turns":3.0},{"damage":10.0,"enemies":"Small Slimes","floor":4.0,"turns":3.0},{"damage":3.0,"enemies":"2 Louse","floor":5.0,"turns":3.0},{"damage":2.0,"enemies":"Gremlin Nob","floor":7.0,"turns":3.0},{"damage":0.0,"enemies":"Blue Slaver","floor":11.0,"turns":4.0},{"damage":22.0,"enemies":"3 Sentries","floor":12.0,"turns":10.0},{"damage":0,"enemies":"Large Slime","floor":13,"turns":5},{"damage":16,"enemies":"Gremlin Nob","floor":14,"turns":4},{"damage":6,"enemies":"Hexaghost","floor":16,"turns":7}],"seed_played":"8156197181009021302","potions_obtained":[{"floor":4.0,"key":"Block Potion"},{"floor":5.0,"key":"EntropicBrew"},{"floor":7.0,"key":"Poison Potion"},{"floor":13,"key":"EssenceOfSteel"}],"is_trial":false,"path_per_floor":["M","?","?","M","M","R","?","R","T","$","M","E","M","E","R","B"],"character_chosen":"DEFECT","items_purchased":[],"campfire_rested":0,"item_purchase_floors":[],"current_hp_per_floor":[63,63,41,31,28,28,40,40,40,40,40,18,18,2,2,0],"gold":226,"neow_bonus":"TRANSFORM_TWO_CARDS","is_prod":false,"is_daily":false,"chose_seed":false,"campfire_upgraded":3,"win_rate":0,"timestamp":1563083216,"path_taken":["M","?","?","M","M","R","?","R","T","$","M","E","M","E","R","BOSS"],"build_version":"2019-07-05","purchased_purges":1,"victory":false,"max_hp_per_floor":[64,64,64,64,64,64,78,78,78,78,78,78,78,78,78,78],"card_choices":[{"not_picked":["Steam","Rip and Tear"],"picked":"Go for the Eyes","floor":1.0},{"not_picked":["BootSequence","Turbo"],"picked":"Ball Lightning","floor":4.0},{"not_picked":["Reinforced Body","Cold Snap"],"picked":"Conserve Battery","floor":5.0},{"not_picked":["Aggregate","Gash"],"picked":"Genetic Algorithm","floor":7.0},{"not_picked":["Static Discharge","Hello World","Redo"],"picked":"SKIP","floor":11.0},{"not_picked":["Reprogram","Force Field","Beam Cell"],"picked":"SKIP","floor":12},{"not_picked":["Reprogram","Force Field","Beam Cell"],"picked":"SKIP","floor":12},{"not_picked":["Reprogram","Force Field"],"picked":"Beam Cell","floor":12},{"not_picked":["Turbo","Hologram","Compile Driver"],"picked":"SKIP","floor":13},{"not_picked":["Turbo","Compile Driver"],"picked":"Hologram","floor":13},{"not_picked":["Conserve Battery","Leap"],"picked":"Barrage","floor":14}],"player_experience":988350,"relics_obtained":[{"floor":7.0,"key":"Mango"},{"floor":9.0,"key":"Bag of Marbles"},{"floor":12,"key":"Pen Nib"},{"floor":14,"key":"Blue Candle"}],"event_choices":[{"cards_removed":["Defend_B"],"damage_healed":0.0,"max_hp_gain":0.0,"max_hp_loss":0.0,"gold_gain":0.0,"event_name":"The Cleric","player_choice":"Card Removal","floor":2.0,"gold_loss":75.0,"damage_taken":0.0},{"damage_healed":0.0,"max_hp_gain":0.0,"max_hp_loss":0.0,"gold_gain":0.0,"event_name":"Golden Idol","player_choice":"Take Damage","floor":3.0,"gold_loss":0.0,"damage_taken":22.0,"relics_obtained":["Golden Idol"]},{"damage_healed":0.0,"max_hp_gain":0.0,"max_hp_loss":0.0,"gold_gain":0.0,"event_name":"Dead Adventurer","player_choice":"Searched \u00271\u0027 times","floor":7.0,"gold_loss":0.0,"damage_taken":0.0}],"is_beta":false,"boss_relics":[],"items_purged_floors":[10],"is_endless":false,"potions_floor_spawned":[4,5,7,13],"killed_by":"Hexaghost","ascension_level":20}