{"path_per_floor":["M","?","?","T","M","R","M","E","T","$","R","M","R","E","R","B",null,"M","?","$","M","?","R","M","R","T","R","T","E","R","M","R","B",null,"M","$","M","?","M","R","E","R","T","M","?","$","M","?","R","B"],"character_chosen":"DEFECT","items_purchased":["Runic Capacitor","Sunder","Juzu Bracelet","Bag of Preparation"],"gold_per_floor":[118,118,118,193,205,205,224,257,257,32,32,50,50,77,77,182,182,198,198,117,133,133,133,150,150,180,180,205,239,239,253,253,350,350,361,189,207,207,226,226,258,258,258,269,269,97,114,114,114,114],"floor_reached":51,"campfire_rested":2,"playtime":2242,"current_hp_per_floor":[75,75,68,68,68,68,62,47,47,47,47,43,43,29,29,22,75,53,53,53,37,37,37,28,28,28,50,50,32,32,18,55,62,75,74,74,74,74,69,69,64,64,64,64,64,64,71,81,81,63],"items_purged":["Defend_B","Strike_B","Strike_B","Defend_B"],"gold":114,"score":834,"play_id":"8fb0031f-d2e5-43ae-9708-13fc9f5fc3e8","local_time":"20180503004856","is_prod":false,"is_daily":false,"chose_seed":false,"is_ascension_mode":true,"campfire_upgraded":10,"timestamp":1525301336,"path_taken":["M","?","?","?","?","R","M","E","T","$","R","M","R","E","R","BOSS","M","?","$","M","?","R","M","R","T","R","?","E","R","M","R","BOSS","M","$","M","?","M","R","E","R","T","M","?","$","M","?","R","BOSS"],"build_version":"2018-05-01v2","seed_source_timestamp":610097138309526,"purchased_purges":4,"victory":true,"master_deck":["Defend_B","Defend_B","Zap+1","Dualcast+1","Rainbow+1","Ball Lightning","Zap+1","Static Discharge","Skim","Glacier","Impulse+1","Coolheaded","Prime+1","Cold Snap+1","Sunder+1","Barrage+1","Capacitor+1","Recycle+1","Nova+1","Machine Learning+1","Blizzard+1","Self Repair","Writhe"],"max_hp_per_floor":[75,75,75,75,75,75,75,75,75,75,75,75,75,75,75,75,75,75,75,75,75,75,75,75,75,75,75,75,75,75,75,75,75,75,75,75,75,75,75,75,75,75,75,75,75,75,75,81,81,81],"relics":["Cracked Core","Matryoshka","Pen Nib","Gremlin Horn","The Courier","Runic Capacitor","Smiling Mask","Sozu","Tiny Chest","Mummified Hand","Regal Pillow","Pantograph","Nuclear Battery","Juzu Bracelet","Happy Flower","Darkstone Periapt","Bag of Preparation"],"card_choices":[{"not_picked":["Leap","Reprieve"],"picked":"Ball Lightning","floor":1.0},{"not_picked":["Chill","Axe Kick"],"picked":"Static Discharge","floor":5.0},{"not_picked":["Genetic Algorithm","Leap"],"picked":"Skim","floor":7.0},{"not_picked":["Sweeping Beam","Streamline"],"picked":"Glacier","floor":8.0},{"not_picked":["Turbo","Heatsinks"],"picked":"Impulse","floor":12.0},{"not_picked":["Capacitor","Cold Snap"],"picked":"Coolheaded","floor":14.0},{"not_picked":["Fusion","Meteor Strike"],"picked":"Prime","floor":16.0},{"not_picked":["Streamline","Hello World"],"picked":"Cold Snap","floor":18.0},{"not_picked":["Axe Kick","Hologram"],"picked":"Barrage","floor":21.0},{"not_picked":["Chill","Scrape"],"picked":"Capacitor","floor":24.0},{"not_picked":["Cold Snap","Beam Cell"],"picked":"Recycle","floor":31.0},{"not_picked":["Echo Form","Prime"],"picked":"Nova","floor":33.0},{"not_picked":["Cold Snap","Capacitor"],"picked":"Machine Learning","floor":37.0},{"not_picked":["Go for the Eyes","Skim"],"picked":"Blizzard","floor":39.0}],"player_experience":580498,"potions_floor_usage":[44,50],"damage_taken":[{"damage":0.0,"enemies":"2 Louse","floor":1.0,"turns":2.0},{"damage":0.0,"enemies":"Cultist","floor":5.0,"turns":3.0},{"damage":6.0,"enemies":"Jaw Worm","floor":7.0,"turns":3.0},{"damage":15.0,"enemies":"3 Sentries","floor":8.0,"turns":5.0},{"damage":4.0,"enemies":"3 Louse","floor":12.0,"turns":3.0},{"damage":14.0,"enemies":"Gremlin Nob","floor":14.0,"turns":3.0},{"damage":7.0,"enemies":"Hexaghost","floor":16.0,"turns":9.0},{"damage":22.0,"enemies":"2 Thieves","floor":18.0,"turns":3.0},{"damage":16.0,"enemies":"3 Byrds","floor":21.0,"turns":3.0},{"damage":9.0,"enemies":"Cultist and Chosen","floor":24.0,"turns":4.0},{"damage":18.0,"enemies":"Slavers","floor":29.0,"turns":4.0},{"damage":14.0,"enemies":"Snake Plant","floor":31.0,"turns":3.0},{"damage":13.0,"enemies":"Champ","floor":33.0,"turns":8.0},{"damage":1.0,"enemies":"Orb Walker","floor":35.0,"turns":3.0},{"damage":0.0,"enemies":"Flame Bruiser 1 Orb","floor":37.0,"turns":4.0},{"damage":5.0,"enemies":"Maw","floor":39.0,"turns":5.0},{"damage":5.0,"enemies":"Nemesis","floor":41.0,"turns":5.0},{"damage":0,"enemies":"Flame Bruiser 2 Orb","floor":44,"turns":3},{"damage":0,"enemies":"Spire Growth","floor":47,"turns":3},{"damage":37,"enemies":"Donu and Deca","floor":50,"turns":6}],"event_choices":[{"event_name":"Match and Keep!","player_choice":"1 cards matched","floor":2.0,"damage_taken":0.0},{"event_name":"Golden Wing","player_choice":"Card Removal","floor":3.0,"damage_taken":0.0},{"event_name":"Vampires","player_choice":"Ignored","floor":19.0,"damage_taken":0.0},{"event_name":"Ghosts","player_choice":"Ignored","floor":22.0,"damage_taken":0.0},{"event_name":"Accursed Blacksmith","player_choice":"Ignore","floor":38.0,"damage_taken":0.0},{"event_name":"Transmorgrifier","player_choice":"Transform","floor":45,"damage_taken":0},{"event_name":"Winding Halls","player_choice":"Writhe","floor":48,"damage_taken":0}],"boss_relics":[],"potions_floor_spawned":[1,8,14,16,18,29,31,39,44],"seed_played":"2249155697999570103","ascension_level":1,"is_trial":false}