{"gold_per_floor":[113,127,145,164,2,2,35,35,61,61],"floor_reached":10,"playtime":397,"items_purged":[],"score":136,"play_id":"14a1a02e-4ddc-456d-9838-9c4ab7a9d7be","local_time":"20190728162151","is_ascension_mode":true,"campfire_choices":[{"data":"Well Laid Plans","floor":6.0,"key":"SMITH"}],"neow_cost":"NONE","seed_source_timestamp":560619100814679,"circlet_count":0,"master_deck":["AscendersBane","Strike_G","Strike_G","Strike_G","Strike_G","Strike_G","Defend_G","Defend_G","Defend_G","Defend_G","Defend_G","Survivor","Neutralize","Flechettes","Footwork","Dagger Spray","Caltrops","Well Laid Plans+1","Leg Sweep"],"special_seed":0,"relics":["Ring of the Snake","Snake Skull","Pen Nib","Juzu Bracelet"],"potions_floor_usage":[7,7],"damage_taken":[{"damage":0.0,"enemies":"2 Louse","floor":1.0,"turns":3.0},{"damage":7.0,"enemies":"Small Slimes","floor":2.0,"turns":4.0},{"damage":0.0,"enemies":"Jaw Worm","floor":3.0,"turns":4.0},{"damage":9.0,"enemies":"Blue Slaver","floor":4.0,"turns":7.0},{"damage":35,"enemies":"Lagavulin","floor":7,"turns":11},{"damage":12,"enemies":"The Mushroom Lair","floor":10,"turns":4}],"seed_played":"4657069731346566291","potions_obtained":[{"floor":1.0,"key":"SpeedPotion"},{"floor":3.0,"key":"Strength Potion"}],"is_trial":false,"path_per_floor":["M","M","M","M","$","R","E","$","T","?"],"character_chosen":"THE_SILENT","items_purchased":["GhostInAJar","Well Laid Plans"],"campfire_rested":0,"item_purchase_floors":[5,5],"current_hp_per_floor":[59,52,52,43,43,43,8,8,8,0],"gold":61,"neow_bonus":"RANDOM_COMMON_RELIC","is_prod":false,"is_daily":false,"chose_seed":false,"campfire_upgraded":1,"win_rate":0,"timestamp":1564298511,"path_taken":["M","M","M","M","$","R","E","$","T","?"],"build_version":"2019-07-17","purchased_purges":0,"victory":false,"max_hp_per_floor":[66,66,66,66,66,66,66,66,66,66],"card_choices":[{"not_picked":["Acrobatics","Flying Knee"],"picked":"Flechettes","floor":1.0},{"not_picked":["Cloak And Dagger","Underhanded Strike"],"picked":"Footwork","floor":2.0},{"not_picked":["Catalyst","Cloak And Dagger"],"picked":"Dagger Spray","floor":3.0},{"not_picked":["PiercingWail","Dagger Throw"],"picked":"Caltrops","floor":4.0},{"not_picked":["Endless Agony","Terror"],"picked":"Leg Sweep","floor":7}],"player_experience":1042140,"relics_obtained":[{"floor":7,"key":"Pen Nib"},{"floor":9,"key":"Juzu Bracelet"}],"event_choices":[{"damage_healed":0,"gold_gain":0,"player_choice":"Fought Mushrooms","damage_taken":0,"max_hp_gain":0,"max_hp_loss":0,"event_name":"Mushrooms","floor":10,"gold_loss":0}],"is_beta":false,"boss_relics":[],"items_purged_floors":[],"is_endless":false,"potions_floor_spawned":[1,3],"killed_by":"The Mushroom Lair","ascension_level":20}