{"gold_per_floor":[118,118,118,137,137,170,170,17,17,37,57,57,83,83,83,83],"floor_reached":16,"playtime":518,"items_purged":[],"score":130,"play_id":"29a8ae57-1463-4cff-be6e-acb8fba4e3fb","local_time":"20190730222305","is_ascension_mode":true,"campfire_choices":[{"floor":7,"key":"REST"},{"floor":12,"key":"REST"},{"floor":15,"key":"REST"}],"neow_cost":"NONE","seed_source_timestamp":1655908622733291,"circlet_count":0,"master_deck":["Strike_R","Strike_R","Strike_R","Strike_R","Defend_R","Defend_R","Defend_R","Defend_R","Bash","Barricade","Fire Breathing","Rampage","Thunderclap"],"relics":["Burning Blood","FaceOfCleric","Juzu Bracelet","Blood Vial","Regal Pillow","Dream Catcher","Golden Idol"],"potions_floor_usage":[11,13],"damage_taken":[{"damage":8,"enemies":"Small Slimes","floor":1,"turns":4},{"damage":3,"enemies":"2 Louse","floor":4,"turns":5},{"damage":68,"enemies":"Gremlin Nob","floor":6,"turns":6},{"damage":6,"enemies":"Cultist","floor":10,"turns":3},{"damage":27,"enemies":"Exordium Wildlife","floor":11,"turns":6},{"damage":40,"enemies":"3 Sentries","floor":13,"turns":16},{"damage":61,"enemies":"Slime Boss","floor":16,"turns":8}],"seed_played":"-6175076605759727625","potions_obtained":[{"floor":6,"key":"SkillPotion"},{"floor":10,"key":"Dexterity Potion"}],"is_trial":false,"path_per_floor":["M","?","?","M","?","E","R","$","T","M","M","R","E","?","R","B"],"character_chosen":"IRONCLAD","items_purchased":["Blood Vial"],"campfire_rested":3,"item_purchase_floors":[8],"current_hp_per_floor":[78,83,83,86,79,18,44,44,44,47,29,70,39,17,59,0],"gold":83,"neow_bonus":"ONE_RANDOM_RARE_CARD","is_prod":false,"is_daily":false,"chose_seed":false,"campfire_upgraded":0,"win_rate":0,"timestamp":1564539785,"path_taken":["M","?","?","?","?","E","R","$","T","M","M","R","E","?","R","BOSS"],"build_version":"2019-07-17","purchased_purges":0,"victory":false,"max_hp_per_floor":[80,85,85,86,86,87,87,87,87,88,89,89,90,90,90,90],"card_choices":[{"not_picked":["Sword Boomerang","Warcry"],"picked":"Fire Breathing","floor":1},{"not_picked":["Uppercut","True Grit","Body Slam"],"picked":"SKIP","floor":4},{"not_picked":["Disarm","Barricade","Body Slam"],"picked":"SKIP","floor":6},{"not_picked":["Armaments","Blood for Blood","Body Slam"],"picked":"SKIP","floor":10},{"not_picked":["Infernal Blade","Heavy Blade","Clothesline"],"picked":"SKIP","floor":11},{"not_picked":["Carnage","Iron Wave"],"picked":"Rampage","floor":13},{"not_picked":["Havoc","Headbutt"],"picked":"Thunderclap","floor":15}],"player_experience":245454,"relics_obtained":[{"floor":6,"key":"Juzu Bracelet"},{"floor":9,"key":"Regal Pillow"},{"floor":13,"key":"Dream Catcher"}],"event_choices":[{"damage_healed":0,"gold_gain":0,"player_choice":"Donut","damage_taken":0,"max_hp_gain":5,"max_hp_loss":0,"event_name":"Big Fish","floor":2,"gold_loss":0},{"damage_healed":0,"gold_gain":0,"player_choice":"Trade","damage_taken":0,"relics_obtained":["FaceOfCleric"],"max_hp_gain":0,"max_hp_loss":0,"event_name":"FaceTrader","floor":3,"gold_loss":0},{"cards_removed":["Strike_R"],"damage_healed":0,"gold_gain":0,"player_choice":"Card Removal","damage_taken":7,"max_hp_gain":0,"max_hp_loss":0,"event_name":"Golden Wing","floor":5,"gold_loss":0},{"damage_healed":0,"gold_gain":0,"player_choice":"Take Damage","damage_taken":22,"relics_obtained":["Golden Idol"],"max_hp_gain":0,"max_hp_loss":0,"event_name":"Golden Idol","floor":14,"gold_loss":0}],"is_beta":false,"boss_relics":[],"items_purged_floors":[],"is_endless":false,"potions_floor_spawned":[6,10],"killed_by":"Slime Boss","ascension_level":4}