{"path_per_floor":["M","?","M","M","M","E","R","E","T","E","R","M"],"character_chosen":"DEFECT","items_purchased":[],"gold_per_floor":[117,117,133,147,164,190,190,221,245,280,280,292,292],"floor_reached":13,"campfire_rested":0,"playtime":491,"current_hp_per_floor":[67,67,66,66,65,63,63,38,38,21,21,13,0],"items_purged":[],"gold":292,"score":147,"play_id":"73c84e7e-b27c-4715-81bd-b2cae9dd7b68","local_time":"20180516105452","is_prod":false,"is_daily":false,"chose_seed":false,"is_ascension_mode":true,"campfire_upgraded":2,"timestamp":1526460892,"path_taken":["M","?","M","?","M","E","R","E","T","E","R","M","E"],"build_version":"2018-05-15","seed_source_timestamp":231941466898416,"purchased_purges":0,"victory":false,"master_deck":["Strike_B+1","Strike_B","Strike_B","Strike_B+1","Defend_B","Defend_B","Defend_B","Defend_B","Zap+1","Dualcast","FTL","Go for the Eyes+1","Sweeping Beam","Defragment+1","Loop","Chill"],"max_hp_per_floor":[68,68,68,68,68,68,68,68,68,68,68,68,68],"relics":["Cracked Core","Du-Vu Doll","Question Card","Whetstone","Ancient Tea Set","Prayer Wheel"],"card_choices":[{"not_picked":["Beam Cell","Chaos"],"picked":"FTL","floor":1.0},{"not_picked":["Reprogram","FTL"],"picked":"Go for the Eyes","floor":3.0},{"not_picked":["Hello World","Leap","Redo"],"picked":"SKIP","floor":4.0},{"not_picked":["Capacitor","Axe Kick"],"picked":"Sweeping Beam","floor":5.0},{"not_picked":["FTL","Auto Shields","Tempest"],"picked":"SKIP","floor":6.0},{"not_picked":["Leap","Sweeping Beam","Streamline"],"picked":"Defragment","floor":8.0},{"not_picked":["Amplify","Hyperbeam","Go for the Eyes"],"picked":"Loop","floor":10},{"not_picked":["Steam","Leap","Coolheaded"],"picked":"Chill","floor":12},{"not_picked":["Storm","Ball Lightning","Go for the Eyes","Hello World"],"picked":"SKIP","floor":12}],"player_experience":662240,"potions_floor_usage":[13],"damage_taken":[{"damage":1.0,"enemies":"Jaw Worm","floor":1.0,"turns":4.0},{"damage":1.0,"enemies":"Cultist","floor":3.0,"turns":3.0},{"damage":0.0,"enemies":"2 Louse","floor":4.0,"turns":2.0},{"damage":1.0,"enemies":"2 Fungi Beasts","floor":5.0,"turns":3.0},{"damage":2.0,"enemies":"3 Sentries","floor":6.0,"turns":8.0},{"damage":25.0,"enemies":"Gremlin Nob","floor":8.0,"turns":4.0},{"damage":17,"enemies":"3 Sentries","floor":10,"turns":6},{"damage":8,"enemies":"Large Slime","floor":12,"turns":3},{"damage":34,"enemies":"Gremlin Nob","floor":13,"turns":3}],"relics_obtained":[{"floor":6.0,"key":"Question Card"},{"floor":8.0,"key":"Whetstone"},{"floor":9.0,"key":"Ancient Tea Set"},{"floor":10,"key":"Prayer Wheel"}],"event_choices":[{"event_name":"Upgrade Shrine","player_choice":"Upgraded","floor":2.0,"damage_taken":0.0}],"boss_relics":[],"potions_floor_spawned":[4,8,12],"seed_played":"3027078129061776265","killed_by":"Gremlin Nob","ascension_level":8,"potions_obtained":[{"floor":4.0,"key":"SkillPotion"},{"floor":8.0,"key":"Energy Potion"},{"floor":12,"key":"Regen Potion"}],"is_trial":false}