{"gold_per_floor":[369,369,382,395,395,395,411,428,481,516,516,516,516,541,541,541],"floor_reached":16,"playtime":399,"items_purged":[],"score":180,"play_id":"4280c09c-1b05-46bb-857a-8e61ddca84e9","local_time":"20190213095648","is_ascension_mode":true,"campfire_choices":[{"data":"Bash","floor":6.0,"key":"SMITH"},{"data":"Spot Weakness","floor":11.0,"key":"SMITH"},{"data":"Pommel Strike","floor":13,"key":"SMITH"},{"data":"Cleave","floor":15,"key":"SMITH"}],"neow_cost":"TEN_PERCENT_HP_LOSS","seed_source_timestamp":784296598006232,"circlet_count":0,"master_deck":["AscendersBane","Strike_R","Strike_R","Strike_R","Strike_R","Strike_R","Defend_R","Defend_R","Defend_R","Defend_R","Bash+1","Pommel Strike+1","Spot Weakness+1","Cleave+1"],"special_seed":0,"relics":["Burning Blood","Sundial","Dream Catcher","Molten Egg 2","Anchor"],"potions_floor_usage":[],"damage_taken":[{"damage":6.0,"enemies":"Cultist","floor":1.0,"turns":4.0},{"damage":7.0,"enemies":"Small Slimes","floor":3.0,"turns":4.0},{"damage":8.0,"enemies":"2 Louse","floor":4.0,"turns":3.0},{"damage":11.0,"enemies":"Blue Slaver","floor":7.0,"turns":4.0},{"damage":7.0,"enemies":"3 Louse","floor":8.0,"turns":3.0},{"damage":33.0,"enemies":"3 Sentries","floor":10.0,"turns":6.0},{"damage":32,"enemies":"Hexaghost","floor":16,"turns":9}],"seed_played":"-9093985696756265191","potions_obtained":[{"floor":1.0,"key":"SteroidPotion"},{"floor":3.0,"key":"Block Potion"},{"floor":8.0,"key":"SmokeBomb"}],"is_trial":false,"path_per_floor":["M","T","M","M","?","R","M","M","T","E","R","?","R","T","R","B"],"character_chosen":"IRONCLAD","items_purchased":[],"campfire_rested":0,"item_purchase_floors":[],"current_hp_per_floor":[68,68,67,65,65,65,60,59,59,32,32,32,32,32,32,0],"gold":541,"neow_bonus":"TWO_FIFTY_GOLD","is_prod":false,"is_daily":false,"chose_seed":false,"campfire_upgraded":4,"win_rate":0,"timestamp":1550048208,"path_taken":["M","?","M","M","?","R","M","M","T","E","R","?","R","?","R","BOSS"],"build_version":"2019-01-23","purchased_purges":0,"victory":false,"max_hp_per_floor":[68,68,68,68,68,68,68,68,68,68,68,68,68,68,68,68],"card_choices":[{"not_picked":["Bloodletting","Twin Strike"],"picked":"Pommel Strike","floor":1.0},{"not_picked":["Clothesline","Reckless Charge","Carnage"],"picked":"SKIP","floor":3.0},{"not_picked":["Blood for Blood","Body Slam"],"picked":"Spot Weakness","floor":4.0},{"not_picked":["Clash","Evolve","Flex"],"picked":"SKIP","floor":7.0},{"not_picked":["Spot Weakness","Dropkick"],"picked":"Cleave","floor":8.0},{"not_picked":["Uppercut","Brutality","Perfected Strike"],"picked":"SKIP","floor":10.0}],"player_experience":792679,"relics_obtained":[{"floor":2.0,"key":"Sundial"},{"floor":9.0,"key":"Dream Catcher"},{"floor":10.0,"key":"Molten Egg 2"},{"floor":14,"key":"Anchor"}],"event_choices":[{"damage_healed":0.0,"max_hp_gain":0.0,"max_hp_loss":0.0,"gold_gain":0.0,"event_name":"Scrap Ooze","player_choice":"Fled","floor":5.0,"gold_loss":0.0,"damage_taken":0.0},{"damage_healed":0,"gold_gain":0,"player_choice":"Ignored","damage_taken":0,"max_hp_gain":0,"max_hp_loss":0,"event_name":"Shining Light","floor":12,"gold_loss":0}],"is_beta":false,"boss_relics":[],"items_purged_floors":[],"is_endless":false,"potions_floor_spawned":[1,3,8],"killed_by":"Hexaghost","ascension_level":16}