{"gold_per_floor":[212,212,212,227,227,227,253,253,253,287,287,305,331,341,341,436,436,450,482,496,496,510,510,526,526,578,503,121,121,139,155,155,252,252,266,320,339,339,351,385,607,414,414,424,424,424,451,13,13,13,13,13,13,45,45],"floor_reached":56,"playtime":2473,"items_purged":["Strike_R","Strike_R","Defend_R"],"score":1327,"play_id":"cc9e90cf-a299-4d66-862d-bbcfe9649b57","local_time":"20190109230951","is_ascension_mode":true,"campfire_choices":[{"data":"Bash","floor":6.0,"key":"SMITH"},{"data":"Pommel Strike","floor":8.0,"key":"SMITH"},{"floor":11.0,"key":"REST"},{"floor":15.0,"key":"RECALL"},{"data":"Battle Trance","floor":23.0,"key":"SMITH"},{"data":"Flame Barrier","floor":25.0,"key":"SMITH"},{"data":"Inflame","floor":29.0,"key":"SMITH"},{"data":"Shrug It Off","floor":32.0,"key":"SMITH"},{"data":"Inflame","floor":49.0,"key":"SMITH"},{"data":"Dropkick","floor":52.0,"key":"SMITH"}],"neow_cost":"NONE","seed_source_timestamp":263386198203080,"circlet_count":0,"master_deck":["Bash+1","Thunderclap","Flame Barrier+1","Pommel Strike+1","Reaper","Shrug It Off+1","Battle Trance+1","Necronomicurse","Iron Wave+1","Inflame+1","Heavy Blade+1","Dropkick+1","Feed","Seeing Red+1","Second Wind+1","Fiend Fire+1","Ghostly Armor","Inflame+1"],"special_seed":0,"relics":["Burning Blood","Centennial Puzzle","Bag of Preparation","Odd Mushroom","Coffee Dripper","Red Mask","Necronomicon","Blood Vial","Lee\u0027s Waffle","Astrolabe","Torii","Pen Nib","Singing Bowl","MawBank","ClockworkSouvenir","Pear","Vajra"],"potions_floor_usage":[55,55,55],"damage_taken":[{"damage":3.0,"enemies":"Jaw Worm","floor":1.0,"turns":4.0},{"damage":7.0,"enemies":"Small Slimes","floor":4.0,"turns":3.0},{"damage":35.0,"enemies":"Lagavulin","floor":7.0,"turns":8.0},{"damage":37.0,"enemies":"3 Sentries","floor":10.0,"turns":9.0},{"damage":1.0,"enemies":"Cultist","floor":12.0,"turns":3.0},{"damage":13.0,"enemies":"The Mushroom Lair","floor":13.0,"turns":5.0},{"damage":5.0,"enemies":"Looter","floor":14.0,"turns":3.0},{"damage":48.0,"enemies":"The Guardian","floor":16.0,"turns":19.0},{"damage":8.0,"enemies":"3 Byrds","floor":18.0,"turns":4.0},{"damage":33.0,"enemies":"Masked Bandits","floor":19.0,"turns":6.0},{"damage":0.0,"enemies":"Chosen","floor":20.0,"turns":4.0},{"damage":19.0,"enemies":"Snake Plant","floor":22.0,"turns":4.0},{"damage":12.0,"enemies":"Sentry and Sphere","floor":24.0,"turns":4.0},{"damage":0.0,"enemies":"Snecko","floor":30.0,"turns":3.0},{"damage":8.0,"enemies":"Centurion and Healer","floor":31.0,"turns":5.0},{"damage":53.0,"enemies":"Automaton","floor":33.0,"turns":8.0},{"damage":16.0,"enemies":"3 Shapes","floor":35.0,"turns":4.0},{"damage":0.0,"enemies":"2 Orb Walkers","floor":36.0,"turns":3.0},{"damage":23.0,"enemies":"3 Darklings","floor":37.0,"turns":4.0},{"damage":68.0,"enemies":"4 Shapes","floor":39.0,"turns":5.0},{"damage":14.0,"enemies":"Nemesis","floor":40.0,"turns":5.0},{"damage":0.0,"enemies":"Transient","floor":44.0,"turns":5.0},{"damage":49.0,"enemies":"Donu and Deca","floor":50.0,"turns":6.0},{"damage":34.0,"enemies":"Shield and Spear","floor":54.0,"turns":4.0},{"damage":77,"enemies":"The Heart","floor":55,"turns":7}],"seed_played":"3837700964455607693","potions_obtained":[{"floor":4.0,"key":"Poison Potion"},{"floor":10.0,"key":"Poison Potion"},{"floor":12.0,"key":"GamblersBrew"},{"floor":13.0,"key":"Dexterity Potion"},{"floor":19.0,"key":"Dexterity Potion"},{"floor":24.0,"key":"Poison Potion"},{"floor":33.0,"key":"Strength Potion"},{"floor":36.0,"key":"Swift Potion"}],"is_trial":false,"path_per_floor":["M","?","?","M","?","R","E","R","T","E","R","M","?","M","R","B",null,"M","?","M","?","M","R","M","R","T","$","$","R","M","M","R","B",null,"M","?","M","?","M","E","?","$","T","M","?","$","T","$","R","B",null,"R","$","E","B",null],"character_chosen":"IRONCLAD","items_purchased":["Lee\u0027s Waffle","Inflame","Inflame","ClockworkSouvenir","Pear"],"campfire_rested":1,"item_purchase_floors":[28,28,42,48,48],"current_hp_per_floor":[80,73,78,77,77,77,48,48,48,17,42,51,56,57,57,21,85,85,58,64,48,40,40,34,34,34,34,92,92,92,90,90,65,92,91,95,98,98,61,55,55,55,55,65,103,103,103,113,113,93,116,116,116,93,62],"gold":45,"neow_bonus":"HUNDRED_GOLD","is_prod":false,"is_daily":false,"chose_seed":false,"campfire_upgraded":8,"win_rate":0,"timestamp":1547071791,"path_taken":["M","?","?","M","?","R","E","R","T","E","R","?","?","M","R","BOSS","M","?","M","?","M","R","M","R","T","?","$","R","M","?","R","BOSS","M","?","M","?","M","E","?","?","T","?","?","$","?","$","R","BOSS","R","$","E","BOSS"],"build_version":"2019-01-03v4","purchased_purges":3,"victory":true,"max_hp_per_floor":[80,80,85,85,85,85,85,85,85,85,85,85,85,85,85,85,85,85,85,85,85,85,85,85,85,85,85,92,92,92,92,92,92,92,95,95,98,98,101,101,101,101,101,103,103,103,103,113,113,116,116,116,116,121,121],"card_choices":[{"not_picked":["Havoc","Clash"],"picked":"Thunderclap","floor":1.0},{"not_picked":["Sword Boomerang","Intimidate"],"picked":"Flame Barrier","floor":4.0},{"not_picked":["Havoc","Spot Weakness"],"picked":"Pommel Strike","floor":7.0},{"not_picked":["Metallicize","Disarm"],"picked":"Reaper","floor":10.0},{"not_picked":["Carnage","True Grit","Clothesline"],"picked":"SKIP","floor":12.0},{"not_picked":["Perfected Strike","Thunderclap","Wild Strike"],"picked":"SKIP","floor":14.0},{"not_picked":["True Grit+1","Warcry"],"picked":"Shrug It Off","floor":18.0},{"not_picked":["Metallicize","Sever Soul+1"],"picked":"Battle Trance","floor":19.0},{"not_picked":["Armaments","Pommel Strike+1","Havoc"],"picked":"SKIP","floor":20.0},{"not_picked":["Body Slam","Pommel Strike+1"],"picked":"Iron Wave+1","floor":22.0},{"not_picked":["Intimidate","Headbutt","Havoc"],"picked":"SKIP","floor":24.0},{"not_picked":["Havoc+1","Intimidate"],"picked":"Heavy Blade+1","floor":30.0},{"not_picked":["Warcry+1","Fire Breathing"],"picked":"Dropkick","floor":31.0},{"not_picked":["Impervious","Brutality"],"picked":"Feed","floor":33.0},{"not_picked":["Blood for Blood","Shrug It Off","Cleave+1"],"picked":"SKIP","floor":35.0},{"not_picked":["Havoc","Second Wind"],"picked":"Ghostly Armor","floor":36.0},{"not_picked":["Uppercut","Wild Strike","Feel No Pain+1"],"picked":"SKIP","floor":37.0},{"not_picked":["Body Slam+1","Flex","Dual Wield"],"picked":"SKIP","floor":39.0},{"not_picked":["Armaments","Spot Weakness","Havoc"],"picked":"SKIP","floor":40.0},{"not_picked":["Perfected Strike","Headbutt","Twin Strike+1"],"picked":"Singing Bowl","floor":44.0},{"not_picked":["Carnage","Fiend Fire","Havoc"],"picked":"Singing Bowl","floor":54.0}],"player_experience":656975,"relics_obtained":[{"floor":7.0,"key":"Centennial Puzzle"},{"floor":10.0,"key":"Bag of Preparation"},{"floor":13.0,"key":"Odd Mushroom"},{"floor":19.0,"key":"Red Mask"},{"floor":21.0,"key":"Necronomicon"},{"floor":26.0,"key":"Blood Vial"},{"floor":36.0,"key":"Torii"},{"floor":40.0,"key":"Pen Nib"},{"floor":43.0,"key":"Singing Bowl"},{"floor":47.0,"key":"MawBank"},{"floor":54.0,"key":"Vajra"}],"event_choices":[{"cards_removed":["Strike_R"],"damage_healed":0.0,"max_hp_gain":0.0,"max_hp_loss":0.0,"gold_gain":0.0,"event_name":"Golden Wing","player_choice":"Card Removal","floor":2.0,"gold_loss":0.0,"damage_taken":7.0},{"damage_healed":0.0,"max_hp_gain":5.0,"max_hp_loss":0.0,"gold_gain":0.0,"event_name":"Big Fish","player_choice":"Donut","floor":3.0,"gold_loss":0.0,"damage_taken":0.0},{"cards_removed":["Defend_R"],"damage_healed":0.0,"max_hp_gain":0.0,"max_hp_loss":0.0,"gold_gain":0.0,"event_name":"Bonfire Elementals","player_choice":"Offered Basic","floor":5.0,"gold_loss":0.0,"damage_taken":0.0},{"damage_healed":0.0,"max_hp_gain":0.0,"max_hp_loss":0.0,"gold_gain":0.0,"event_name":"Mushrooms","player_choice":"Fought Mushrooms","floor":13.0,"gold_loss":0.0,"damage_taken":0.0},{"damage_healed":0.0,"max_hp_gain":0.0,"max_hp_loss":0.0,"gold_gain":0.0,"event_name":"Masked Bandits","player_choice":"Fought Bandits","floor":19.0,"gold_loss":0.0,"damage_taken":0.0},{"damage_healed":0.0,"max_hp_gain":0.0,"max_hp_loss":0.0,"gold_gain":0.0,"event_name":"Cursed Tome","player_choice":"Obtained Book","floor":21.0,"gold_loss":0.0,"damage_taken":16.0},{"damage_healed":0.0,"max_hp_gain":0.0,"max_hp_loss":0.0,"gold_gain":0.0,"event_name":"Mysterious Sphere","player_choice":"Fight","floor":36.0,"gold_loss":0.0,"damage_taken":0.0},{"cards_removed":["Strike_R"],"damage_healed":0.0,"max_hp_gain":0.0,"max_hp_loss":0.0,"gold_gain":0.0,"event_name":"Falling","player_choice":"Removed Attack","floor":38.0,"gold_loss":0.0,"damage_taken":0.0},{"damage_healed":0.0,"max_hp_gain":0.0,"max_hp_loss":0.0,"gold_gain":222.0,"event_name":"Tomb of Lord Red Mask","player_choice":"Wore Mask","floor":41.0,"gold_loss":0.0,"damage_taken":0.0},{"damage_healed":38.0,"max_hp_gain":0.0,"max_hp_loss":0.0,"gold_gain":0.0,"event_name":"Wheel of Change","player_choice":"Full Heal","floor":45.0,"gold_loss":0.0,"damage_taken":0.0}],"is_beta":false,"boss_relics":[{"not_picked":["Velvet Choker","Lizard Tail"],"picked":"Coffee Dripper"},{"not_picked":["Fusion Hammer","Snecko Eye"],"picked":"Astrolabe"}],"items_purged_floors":[27,28,42],"is_endless":false,"potions_floor_spawned":[4,10,12,13,19,24,33,36,39,40],"ascension_level":1}