{"gold_per_floor":[117,192,47,47,73,73,73,73,97,128,138,151,165,194,194,291,291,305,305,324,341,357,357,369,369,369,40,40,50,60,60,60,159,159,169,94,104,104,123,155,155,155,155,55,55,73,73,84,84,84],"floor_reached":51,"playtime":1241,"items_purged":["Strike_R","Doubt"],"score":737,"play_id":"9ca0606a-8e85-4e31-bf32-f39f6fbab7cc","local_time":"20190730211146","is_ascension_mode":false,"campfire_choices":[{"data":"Limit Break","floor":6,"key":"SMITH"},{"data":"Flex","floor":8,"key":"SMITH"},{"floor":15,"key":"REST"},{"data":"Flex","floor":23,"key":"SMITH"},{"data":"Flex","floor":25,"key":"SMITH"},{"data":"Offering","floor":32,"key":"SMITH"},{"data":"Battle Trance","floor":42,"key":"SMITH"},{"data":"Cleave","floor":45,"key":"SMITH"},{"data":"Spot Weakness","floor":49,"key":"SMITH"}],"neow_cost":"NONE","seed_source_timestamp":1650895880380600,"circlet_count":0,"master_deck":["Strike_R","Strike_R","Strike_R","Defend_R","Defend_R+1","Defend_R+1","Iron Wave","Flex+1","Flex+1","Heavy Blade","Limit Break+1","Flex+1","Battle Trance+1","Cleave","Cleave+1","Flex+1","Offering+1","Cleave+1","Limit Break+1","Spot Weakness+1"],"relics":["Orrery","Orichalcum","Vajra","Ancient Tea Set","War Paint","FossilizedHelix","Coffee Dripper","Bottled Lightning","Pantograph","Turnip","Empty Cage","Lantern","Gremlin Horn"],"potions_floor_usage":[14,33,39,40,50],"damage_taken":[{"damage":12,"enemies":"Small Slimes","floor":1,"turns":2},{"damage":30,"enemies":"3 Sentries","floor":10,"turns":10},{"damage":0,"enemies":"Jaw Worm","floor":11,"turns":1},{"damage":0,"enemies":"2 Louse","floor":12,"turns":2},{"damage":2,"enemies":"Large Slime","floor":13,"turns":5},{"damage":24,"enemies":"Lagavulin","floor":14,"turns":4},{"damage":26,"enemies":"The Guardian","floor":16,"turns":7},{"damage":0,"enemies":"Chosen","floor":18,"turns":3},{"damage":0,"enemies":"Shell Parasite","floor":20,"turns":2},{"damage":20,"enemies":"Snake Plant","floor":21,"turns":4},{"damage":0,"enemies":"3 Cultists","floor":22,"turns":3},{"damage":16,"enemies":"Centurion and Healer","floor":24,"turns":4},{"damage":7,"enemies":"Snake Plant","floor":29,"turns":3},{"damage":0,"enemies":"Sentry and Sphere","floor":30,"turns":2},{"damage":58,"enemies":"Automaton","floor":33,"turns":7},{"damage":28,"enemies":"3 Darklings","floor":35,"turns":3},{"damage":6,"enemies":"Orb Walker","floor":37,"turns":2},{"damage":23,"enemies":"Writhing Mass","floor":39,"turns":5},{"damage":37,"enemies":"Reptomancer","floor":40,"turns":5},{"damage":0,"enemies":"Jaw Worm Horde","floor":46,"turns":2},{"damage":0,"enemies":"Transient","floor":48,"turns":5},{"damage":63,"enemies":"Donu and Deca","floor":50,"turns":5}],"seed_played":"-3639033574136422987","potions_obtained":[{"floor":10,"key":"LiquidBronze"},{"floor":11,"key":"AttackPotion"},{"floor":12,"key":"SpeedPotion"},{"floor":16,"key":"SpeedPotion"},{"floor":18,"key":"BloodPotion"},{"floor":22,"key":"EssenceOfSteel"},{"floor":29,"key":"BloodPotion"},{"floor":39,"key":"Fruit Juice"},{"floor":40,"key":"Poison Potion"},{"floor":46,"key":"SpeedPotion"}],"is_trial":false,"path_per_floor":["M","?","$","?","T","R","?","R","T","E","M","M","M","E","R","B",null,"M","?","M","M","M","R","M","R","T","$","?","M","M","$","R","B",null,"M","$","M","?","M","E","?","R","T","$","R","M","?","M","R","B",null],"character_chosen":"IRONCLAD","items_purchased":["Orichalcum","Offering","Pantograph"],"campfire_rested":1,"item_purchase_floors":[3,27,27],"current_hp_per_floor":[68,57,57,62,62,62,62,62,62,32,32,32,30,6,31,5,85,85,85,85,65,65,65,49,49,49,49,49,42,42,42,42,9,85,57,57,51,51,33,18,90,90,90,90,90,90,90,90,90,27],"gold":84,"neow_bonus":"BOSS_RELIC","is_prod":false,"is_daily":false,"chose_seed":false,"campfire_upgraded":8,"win_rate":0,"timestamp":1564535506,"path_taken":["M","?","$","?","?","R","?","R","T","E","M","M","M","E","R","BOSS","M","?","M","?","M","R","M","R","T","$","?","M","M","$","R","BOSS","M","$","?","?","?","E","?","R","T","$","R","M","?","M","R","BOSS"],"build_version":"2019-07-17","purchased_purges":2,"victory":true,"max_hp_per_floor":[80,80,80,85,85,85,85,85,85,85,85,85,85,85,85,85,85,85,85,85,85,85,85,85,85,85,85,85,85,85,85,85,85,85,85,85,85,85,90,90,90,90,90,90,90,90,90,90,90,90],"card_choices":[{"not_picked":["Heavy Blade","Wild Strike"],"picked":"Iron Wave","floor":0},{"not_picked":["Heavy Blade","Body Slam"],"picked":"Flex","floor":0},{"not_picked":["Clash","Armaments"],"picked":"Flex","floor":0},{"not_picked":["Perfected Strike","Sentinel"],"picked":"Heavy Blade","floor":0},{"not_picked":["Pommel Strike","Twin Strike"],"picked":"Limit Break","floor":0},{"not_picked":["Feel No Pain","Havoc","Dual Wield"],"picked":"SKIP","floor":1},{"not_picked":["True Grit","Entrench","Berserk"],"picked":"SKIP","floor":10},{"not_picked":["Clothesline","Thunderclap","Combust"],"picked":"SKIP","floor":11},{"not_picked":["Iron Wave","Heavy Blade"],"picked":"Flex","floor":12},{"not_picked":["Warcry","Disarm","Sentinel"],"picked":"SKIP","floor":13},{"not_picked":["Shockwave","Juggernaut"],"picked":"Battle Trance","floor":14},{"not_picked":["Armaments","Reckless Charge"],"picked":"Cleave","floor":18},{"not_picked":["Body Slam+1","Heavy Blade","Anger"],"picked":"SKIP","floor":20},{"not_picked":["Body Slam+1","True Grit"],"picked":"Cleave","floor":21},{"not_picked":["True Grit+1","Seeing Red"],"picked":"Flex","floor":22},{"not_picked":["Cleave","Entrench","Clothesline"],"picked":"SKIP","floor":24},{"not_picked":["Carnage","Body Slam"],"picked":"Cleave+1","floor":29},{"not_picked":["Searing Blow","Reaper","Dual Wield+1"],"picked":"SKIP","floor":30},{"not_picked":["Offering","Berserk"],"picked":"Limit Break","floor":33},{"not_picked":["Shrug It Off+1","Clash+1","Warcry+1"],"picked":"SKIP","floor":35},{"not_picked":["Headbutt","Clash","Anger"],"picked":"SKIP","floor":37},{"not_picked":["Cleave+1","Dropkick","Iron Wave+1"],"picked":"SKIP","floor":39},{"not_picked":["True Grit+1","Wild Strike","Havoc"],"picked":"SKIP","floor":40},{"not_picked":["Wild Strike+1","Iron Wave"],"picked":"Spot Weakness","floor":46},{"not_picked":["Infernal Blade","Dual Wield","Perfected Strike+1"],"picked":"SKIP","floor":48}],"player_experience":240815,"relics_obtained":[{"floor":5,"key":"Vajra"},{"floor":9,"key":"Ancient Tea Set"},{"floor":10,"key":"War Paint"},{"floor":14,"key":"FossilizedHelix"},{"floor":26,"key":"Bottled Lightning"},{"floor":40,"key":"Lantern"},{"floor":43,"key":"Gremlin Horn"}],"event_choices":[{"damage_healed":0,"gold_gain":75,"player_choice":"Gather Gold","damage_taken":11,"max_hp_gain":0,"max_hp_loss":0,"event_name":"World of Goop","floor":2,"gold_loss":0},{"damage_healed":0,"gold_gain":0,"player_choice":"Donut","damage_taken":0,"max_hp_gain":5,"max_hp_loss":0,"event_name":"Big Fish","floor":4,"gold_loss":0},{"damage_healed":0,"gold_gain":0,"player_choice":"Grow","damage_taken":0,"max_hp_gain":0,"max_hp_loss":0,"event_name":"Living Wall","floor":7,"gold_loss":0,"cards_upgraded":["Flex"]},{"cards_removed":["Defend_R"],"damage_healed":0,"gold_gain":0,"player_choice":"Offered Basic","damage_taken":0,"max_hp_gain":0,"max_hp_loss":0,"event_name":"Bonfire Elementals","floor":19,"gold_loss":0},{"damage_healed":0,"gold_gain":0,"player_choice":"Gave Potion","damage_taken":0,"relics_obtained":["Turnip"],"max_hp_gain":0,"max_hp_loss":0,"event_name":"WeMeetAgain","floor":28,"gold_loss":0},{"damage_healed":0,"gold_gain":0,"player_choice":"Upgraded","damage_taken":0,"max_hp_gain":0,"max_hp_loss":0,"event_name":"Upgrade Shrine","floor":38,"gold_loss":0,"cards_upgraded":["Limit Break"]},{"damage_healed":72,"gold_gain":0,"player_choice":"Heal","damage_taken":0,"max_hp_gain":0,"max_hp_loss":0,"event_name":"MindBloom","floor":41,"gold_loss":0,"cards_obtained":["Doubt"]},{"damage_healed":0,"gold_gain":0,"player_choice":"Memory 1","damage_taken":0,"max_hp_gain":0,"max_hp_loss":0,"event_name":"SensoryStone","floor":47,"gold_loss":0}],"is_beta":false,"boss_relics":[{"not_picked":["White Beast Statue","Runic Dome"],"picked":"Coffee Dripper"},{"not_picked":["Calling Bell","Mark of Pain"],"picked":"Empty Cage"}],"items_purged_floors":[36,44],"is_endless":false,"potions_floor_spawned":[10,11,12,16,18,21,22,29,30,39,40,46],"ascension_level":0}