{"gold_per_floor":[111,126,141,155,155,155,173,173,200,226,243,261,273,273,273,273],"floor_reached":16,"playtime":542,"items_purged":[],"score":106,"play_id":"949461a0-1348-4c0f-82c9-a2b7c078dabc","local_time":"20190714194150","is_ascension_mode":false,"campfire_choices":[{"data":"Fusion","floor":6,"key":"SMITH"},{"data":"Fusion","floor":8,"key":"SMITH"},{"floor":15,"key":"REST"}],"neow_cost":"NONE","seed_source_timestamp":285452234549310,"circlet_count":0,"master_deck":["Strike_B","Strike_B","Strike_B","Defend_B","Defend_B+1","Defend_B","Defend_B","Zap","Dualcast","Meteor Strike","Sunder","Fusion+1","Coolheaded","Fusion+1","Auto Shields+1","Capacitor","Leap"],"relics":["Cracked Core","Omamori","War Paint"],"potions_floor_usage":[4,12,13],"damage_taken":[{"damage":3,"enemies":"2 Louse","floor":1,"turns":2},{"damage":8,"enemies":"Small Slimes","floor":2,"turns":3},{"damage":0,"enemies":"Cultist","floor":3,"turns":2},{"damage":12,"enemies":"Blue Slaver","floor":4,"turns":5},{"damage":9,"enemies":"Lots of Slimes","floor":7,"turns":5},{"damage":52,"enemies":"Gremlin Nob","floor":10,"turns":6},{"damage":0,"enemies":"2 Fungi Beasts","floor":11,"turns":3},{"damage":0,"enemies":"Blue Slaver","floor":12,"turns":3},{"damage":1,"enemies":"Lots of Slimes","floor":13,"turns":4},{"damage":29,"enemies":"Hexaghost","floor":16,"turns":11}],"seed_played":"-5525211991332966540","potions_obtained":[{"floor":3,"key":"Regen Potion"},{"floor":10,"key":"Energy Potion"},{"floor":12,"key":"EssenceOfSteel"}],"is_trial":false,"path_per_floor":["M","M","M","M","?","R","M","R","T","E","M","M","M","?","R","B"],"character_chosen":"DEFECT","items_purchased":[],"campfire_rested":1,"item_purchase_floors":[],"current_hp_per_floor":[72,64,64,64,64,64,55,55,55,3,3,3,2,2,24,0],"gold":273,"neow_bonus":"ONE_RANDOM_RARE_CARD","is_prod":false,"is_daily":false,"chose_seed":false,"campfire_upgraded":2,"win_rate":0.0,"timestamp":1563151310,"path_taken":["M","M","M","M","?","R","M","R","T","E","M","M","M","?","R","BOSS"],"build_version":"2019-07-05","purchased_purges":0,"victory":false,"max_hp_per_floor":[75,75,75,75,75,75,75,75,75,75,75,75,75,75,75,75],"card_choices":[{"not_picked":["Leap","Lockon"],"picked":"Sunder","floor":1},{"not_picked":["Streamline","Conserve Battery"],"picked":"Fusion","floor":2},{"not_picked":["Stack","Compile Driver"],"picked":"Coolheaded","floor":3},{"not_picked":["Sunder","Machine Learning"],"picked":"Fusion","floor":4},{"not_picked":["Compile Driver","Scrape"],"picked":"Auto Shields","floor":7},{"not_picked":["Gash","Steam Power"],"picked":"Capacitor","floor":10},{"not_picked":["Beam Cell","Sweeping Beam"],"picked":"Leap","floor":11},{"not_picked":["Sweeping Beam","Go for the Eyes","Beam Cell"],"picked":"SKIP","floor":12},{"not_picked":["Hologram","Gash","Streamline"],"picked":"SKIP","floor":13}],"player_experience":85440,"relics_obtained":[{"floor":9,"key":"Omamori"},{"floor":10,"key":"War Paint"}],"event_choices":[{"damage_healed":0,"gold_gain":0,"player_choice":"Ignored","damage_taken":0,"max_hp_gain":0,"max_hp_loss":0,"event_name":"Golden Idol","floor":5,"gold_loss":0},{"cards_removed":["Strike_B"],"damage_healed":0,"gold_gain":0,"player_choice":"Purged","damage_taken":0,"max_hp_gain":0,"max_hp_loss":0,"event_name":"Purifier","floor":14,"gold_loss":0}],"is_beta":false,"boss_relics":[],"items_purged_floors":[],"is_endless":false,"potions_floor_spawned":[3,10,12],"killed_by":"Hexaghost","ascension_level":0}