{"path_per_floor":["M","?","$","M","M","R","?","E","T","M","?","M","R","E","R","B",null,"M","$","M","?","M","R","?","M","T","R","E","M","R","M","R"],"character_chosen":"IRONCLAD","items_purchased":["Omamori"],"gold_per_floor":[117,117,42,53,66,66,66,92,119,135,135,150,150,181,181,279,279,295,45,65,65,83,83,83,93,93,93,127,139,139,156,156],"floor_reached":33,"campfire_rested":5,"playtime":2335,"current_hp_per_floor":[80,64,64,67,66,66,66,64,64,64,64,53,80,54,81,29,92,92,92,80,80,50,78,78,61,61,61,23,21,67,49,96],"items_purged":["Strike_R","Strike_R"],"gold":156,"score":357,"play_id":"2b9b7fec-9e4e-46d7-9d3b-1ee0bd056a47","is_prod":false,"is_daily":false,"is_ascension_mode":true,"campfire_upgraded":2,"path_taken":["M","?","$","M","M","R","?","E","T","M","?","M","R","E","R","BOSS","M","$","M","?","M","R","?","M","T","R","E","M","R","M","R","BOSS"],"build_version":"2018-02-08-PROD1","purchased_purges":2,"victory":false,"master_deck":["Strike_R","Strike_R","Strike_R","Defend_R","Defend_R","Defend_R+1","Bash","Feed+1","Cleave+1","Dropkick","Headbutt","Flex","Heavy Blade","Thunderclap","Battle Trance","Infernal Blade","Bludgeon+1","Bloodletting","Headbutt+1","Pommel Strike+1","Flame Barrier+1","Offering"],"max_hp_per_floor":[80,80,80,84,88,88,88,88,88,92,92,92,92,92,92,92,92,92,92,96,96,96,96,96,100,100,100,104,104,104,108,108],"relics":["Burning Blood","Dream Catcher","Happy Flower","Blood Vial","Sozu","Omamori","Bird Faced Urn","Regal Pillow"],"card_choices":[{"not_picked":["Uppercut","Warcry"],"picked":"Cleave"},{"not_picked":["Entrench","Sword Boomerang"],"picked":"Headbutt"},{"not_picked":["Pummel","Whirlwind"],"picked":"Flex"},{"not_picked":["Clash","Warcry"],"picked":"Heavy Blade"},{"not_picked":["Twin Strike","Uppercut"],"picked":"Thunderclap"},{"not_picked":["Wild Strike","Berserk"],"picked":"Battle Trance"},{"not_picked":["Havoc","Bloodletting"],"picked":"Infernal Blade"},{"not_picked":["Berserk","Immolate"],"picked":"Bludgeon"},{"not_picked":["Iron Wave","Uppercut"],"picked":"Bloodletting"},{"not_picked":["Pommel Strike","Feed"],"picked":"Headbutt"},{"not_picked":["Combust","Iron Wave"],"picked":"Pommel Strike"},{"not_picked":["Pommel Strike","True Grit"],"picked":"Flame Barrier"},{"not_picked":["Pommel Strike","Shrug It Off"],"picked":"Offering"}],"player_experience":202408,"potions_floor_usage":[8,10,16],"damage_taken":[{"damage":0,"enemies":"Small Slimes","floor":1,"turns":3},{"damage":7,"enemies":"Jaw Worm","floor":4,"turns":3},{"damage":11,"enemies":"Cultist","floor":5,"turns":5},{"damage":8,"enemies":"Gremlin Nob","floor":8,"turns":3},{"damage":10,"enemies":"Gremlin Gang","floor":10,"turns":3},{"damage":17,"enemies":"Large Slime","floor":12,"turns":4},{"damage":32,"enemies":"Lagavulin","floor":14,"turns":4},{"damage":60,"enemies":"Hexaghost","floor":16,"turns":6},{"damage":1,"enemies":"Spheric Guardian","floor":18,"turns":3},{"damage":22,"enemies":"3 Byrds","floor":20,"turns":4},{"damage":38,"enemies":"Snake Plant","floor":22,"turns":3},{"damage":29,"enemies":"Cultist and Chosen","floor":25,"turns":6},{"damage":50,"enemies":"Slavers","floor":28,"turns":4},{"damage":10,"enemies":"Snecko","floor":29,"turns":3},{"damage":30,"enemies":"Slaver and Parasite","floor":31,"turns":3},{"damage":119,"enemies":"Collector","floor":33,"turns":8}],"event_choices":[{"event_name":"Shining Light","player_choice":"Entered Light","floor":2,"damage_taken":0},{"event_name":"Transmorgrifier","player_choice":"Transform","floor":7,"damage_taken":0},{"event_name":"Liars Game","player_choice":"disagreed","floor":11,"damage_taken":0},{"event_name":"The Woman in Blue","player_choice":"Bought 0 Potions","floor":21,"damage_taken":0},{"event_name":"Forgotten Altar","player_choice":"Smashed Altar","floor":24,"damage_taken":0}],"boss_relics":[{"not_picked":["Runic Cube","Snecko Eye"],"picked":"Sozu"}],"potions_floor_spawned":[1,4,10,12,20,22,25,31],"seed_played":"-6221422559074608045","killed_by":"Collector","ascension_level":4,"is_trial":false}