{"path_per_floor":["M","?","$","M","M","E","M","R","T","R","?","E","M","M","R","B",null,"M","?","M","$","M","R","E","M","T","R","M","R","?","M","R"],"character_chosen":"THE_SILENT","items_purchased":["Paper Crane"],"gold_per_floor":[113,113,38,56,73,108,128,128,155,155,155,183,198,209,209,309,309,319,269,284,34,52,52,80,95,122,122,139,139,139,152,152],"floor_reached":33,"campfire_rested":3,"playtime":2203,"current_hp_per_floor":[61,61,61,61,60,54,41,41,41,41,41,17,17,20,41,31,60,50,50,37,37,33,54,29,29,29,29,11,32,32,30,30],"items_purged":["Strike_G"],"gold":152,"score":419,"play_id":"ae058641-ea5b-43da-b92a-727e89a4027c","is_prod":false,"is_daily":false,"is_ascension_mode":true,"campfire_upgraded":4,"path_taken":["M","?","$","M","M","E","M","R","T","R","?","E","M","?","R","BOSS","M","?","M","$","M","R","E","M","T","R","?","R","?","?","R","BOSS"],"build_version":"2018-02-22-PROD2","purchased_purges":1,"victory":false,"master_deck":["Defend_G","Defend_G","Defend_G","Defend_G","Strike_G","Strike_G","Survivor","Neutralize+1","Parasite","Noxious Fumes+1","Footwork","Night Terror+1","PiercingWail","Well Laid Plans+1","Tools of the Trade","Die Die Die+1","Unload+1","Burst+1","Prepared+1","Catalyst+1"],"max_hp_per_floor":[70,70,70,70,70,70,70,70,70,70,70,70,70,70,70,70,70,70,70,70,70,70,70,70,70,70,70,70,70,70,70,70],"relics":["Ring of the Snake","Snake Skull","Oddly Smooth Stone","Bronze Scales","Prayer Wheel","Astrolabe","Paper Crane","Ancient Tea Set","Bag of Preparation"],"card_choices":[{"not_picked":["Terror","PiercingWail"],"picked":"Noxious Fumes"},{"not_picked":["Dodge and Roll","Dagger Spray"],"picked":"PiercingWail"},{"not_picked":["Infinite Blades","Underhanded Strike"],"picked":"Well Laid Plans"},{"not_picked":["A Thousand Cuts","Doppelganger"],"picked":"Tools of the Trade"},{"not_picked":["Slice","Outmaneuver"],"picked":"Prepared"},{"not_picked":["Dagger Spray","Dodge and Roll"],"picked":"Catalyst"}],"player_experience":369669,"potions_floor_usage":[33],"damage_taken":[{"damage":2.0,"enemies":"2 Louse","floor":1.0,"turns":3.0},{"damage":0.0,"enemies":"Cultist","floor":4.0,"turns":4.0},{"damage":1.0,"enemies":"Jaw Worm","floor":5.0,"turns":6.0},{"damage":6.0,"enemies":"Lagavulin","floor":6.0,"turns":9.0},{"damage":13.0,"enemies":"Large Slime","floor":7.0,"turns":9.0},{"damage":24.0,"enemies":"3 Sentries","floor":12.0,"turns":4.0},{"damage":0.0,"enemies":"Red Slaver","floor":13.0,"turns":5.0},{"damage":9.0,"enemies":"Gremlin Gang","floor":14.0,"turns":5.0},{"damage":10.0,"enemies":"Hexaghost","floor":16.0,"turns":10.0},{"damage":10.0,"enemies":"2 Thieves","floor":18.0,"turns":2.0},{"damage":13.0,"enemies":"Spheric Guardian","floor":20.0,"turns":4.0},{"damage":4.0,"enemies":"Centurion and Healer","floor":22.0,"turns":5.0},{"damage":34.0,"enemies":"Slavers","floor":24.0,"turns":5.0},{"damage":0.0,"enemies":"3 Cultists","floor":25.0,"turns":2.0},{"damage":18.0,"enemies":"Chosen and Byrds","floor":28.0,"turns":5.0},{"damage":2.0,"enemies":"Slaver and Parasite","floor":31.0,"turns":5.0},{"damage":41,"enemies":"Automaton","floor":33,"turns":6}],"event_choices":[{"event_name":"Match and Keep!","player_choice":"2 cards matched","floor":2.0,"damage_taken":0.0},{"event_name":"Upgrade Shrine","player_choice":"Upgraded","floor":11.0,"damage_taken":0.0},{"event_name":"The Joust","player_choice":"Bet on Murderer","floor":19.0,"damage_taken":0.0},{"event_name":"Vampires","player_choice":"Ignored","floor":30.0,"damage_taken":0.0}],"boss_relics":[],"potions_floor_spawned":[1,4,12,13,16,18,20,24,28],"seed_played":"2036714159543672187","killed_by":"Automaton","ascension_level":10,"is_trial":false}