{"gold_per_floor":[109,109,109,109,109,134,134,134,134,146,146,165,165,90,90,169,169,186,57,57,17],"floor_reached":21,"playtime":640,"items_purged":["Strike_R","Spot Weakness"],"score":396,"play_id":"a913bba1-7ce0-41a3-a2d6-ddfc386762af","local_time":"20190730175858","is_ascension_mode":true,"campfire_choices":[{"data":"Searing Blow","floor":8.0,"key":"SMITH"},{"data":"Searing Blow+1","floor":11.0,"key":"SMITH"},{"data":"Searing Blow+2","floor":15,"key":"SMITH"}],"neow_cost":"NONE","seed_source_timestamp":61841746222700,"circlet_count":0,"master_deck":["AscendersBane","Strike_R+1","Defend_R","Defend_R","Defend_R","Defend_R+1","Bash","Searing Blow+3","Dual Wield","True Grit","Double Tap","Juggernaut+1","Sword Boomerang+1","Wild Strike+1","Shockwave","Headbutt"],"special_seed":0,"relics":["Burning Blood","NeowsBlessing","Mummified Hand","Blue Candle","Centennial Puzzle","Astrolabe"],"potions_floor_usage":[],"damage_taken":[{"damage":0.0,"enemies":"Cultist","floor":1.0,"turns":1.0},{"damage":0.0,"enemies":"Lagavulin","floor":6.0,"turns":1.0},{"damage":0.0,"enemies":"Small Slimes","floor":10.0,"turns":1.0},{"damage":3.0,"enemies":"2 Louse","floor":12.0,"turns":3.0},{"damage":64,"enemies":"The Guardian","floor":16,"turns":12},{"damage":42,"enemies":"Shell Parasite","floor":18,"turns":5},{"damage":22,"enemies":"2 Thieves","floor":21,"turns":1}],"seed_played":"-8462903923047952006","potions_obtained":[{"floor":10.0,"key":"Swift Potion"},{"floor":12.0,"key":"Poison Potion"},{"floor":16,"key":"SpeedPotion"}],"is_trial":false,"path_per_floor":["M","T","$","?","?","E","?","R","T","M","R","M","?","$","R","B",null,"M","$","?","M"],"character_chosen":"IRONCLAD","items_purchased":["Headbutt"],"campfire_rested":0,"item_purchase_floors":[19],"current_hp_per_floor":[74,74,74,51,51,57,57,57,57,63,63,66,66,66,66,8,58,22,22,22,0],"gold":17,"neow_bonus":"THREE_ENEMY_KILL","is_prod":false,"is_daily":false,"chose_seed":false,"campfire_upgraded":3,"win_rate":0,"timestamp":1564534738,"path_taken":["M","?","$","?","?","E","?","R","T","M","R","?","?","?","R","BOSS","M","$","?","M"],"build_version":"2019-07-18","purchased_purges":2,"victory":false,"max_hp_per_floor":[75,75,75,75,75,75,75,75,75,75,75,75,75,75,75,75,75,75,75,75,75],"card_choices":[{"not_picked":["Twin Strike","Thunderclap"],"picked":"Spot Weakness","floor":1.0},{"not_picked":["Pommel Strike","Ghostly Armor"],"picked":"Searing Blow","floor":6.0},{"not_picked":["Cleave","Shockwave"],"picked":"Dual Wield","floor":10.0},{"not_picked":["Sword Boomerang","Perfected Strike"],"picked":"True Grit","floor":12.0},{"not_picked":["Berserk","Demon Form"],"picked":"Double Tap","floor":16},{"not_picked":["Twin Strike","Heavy Blade"],"picked":"Shockwave","floor":18}],"player_experience":260593,"relics_obtained":[{"floor":2.0,"key":"Mummified Hand"},{"floor":6.0,"key":"Blue Candle"},{"floor":9.0,"key":"Centennial Puzzle"}],"event_choices":[{"damage_healed":0.0,"max_hp_gain":0.0,"max_hp_loss":0.0,"gold_gain":0.0,"event_name":"Shining Light","player_choice":"Entered Light","floor":4.0,"gold_loss":0.0,"damage_taken":23.0,"cards_upgraded":["Strike_R","Defend_R"]},{"damage_healed":0.0,"max_hp_gain":0.0,"max_hp_loss":0.0,"gold_gain":0.0,"event_name":"Liars Game","player_choice":"Ignored","floor":5.0,"gold_loss":0.0,"damage_taken":0.0},{"damage_healed":0.0,"max_hp_gain":0.0,"max_hp_loss":0.0,"gold_gain":0.0,"event_name":"Match and Keep!","player_choice":"0 cards matched","floor":7.0,"gold_loss":0.0,"damage_taken":0.0,"cards_obtained":[]},{"damage_healed":0,"gold_gain":0,"player_choice":"Searched \u00270\u0027 times","damage_taken":0,"max_hp_gain":0,"max_hp_loss":0,"event_name":"Dead Adventurer","floor":13,"gold_loss":0},{"damage_healed":0,"gold_gain":0,"player_choice":"Ignored","damage_taken":0,"max_hp_gain":0,"max_hp_loss":0,"event_name":"Vampires","floor":20,"gold_loss":0}],"is_beta":true,"boss_relics":[{"not_picked":["Fusion Hammer","Coffee Dripper"],"picked":"Astrolabe"}],"items_purged_floors":[14,19],"is_endless":false,"potions_floor_spawned":[10,12,16,18],"killed_by":"2 Thieves","ascension_level":20}