{"gold_per_floor":[117,131,56,2,2,2,22,42,68,96,96,106,106,156,156,234,234,174,174,43,43,43,43,43,43,43,43,43,43,43],"floor_reached":30,"playtime":765,"items_purged":["Strike_B"],"score":492,"play_id":"92ac0058-1e79-4a0f-9580-8f7cb006b1ea","local_time":"20190306135050","is_ascension_mode":true,"campfire_choices":[{"data":"Dualcast","floor":6.0,"key":"SMITH"},{"floor":11.0,"key":"REST"},{"data":"Barrage","floor":13.0,"key":"SMITH"},{"data":"Leap","floor":15.0,"key":"SMITH"},{"data":"Redo","floor":23,"key":"SMITH"},{"data":"Ghostly","floor":25,"key":"SMITH"},{"floor":29,"key":"REST"}],"neow_cost":"NONE","seed_source_timestamp":106542297334432,"circlet_count":0,"master_deck":["AscendersBane","Strike_B","Strike_B","Defend_B","Defend_B","Defend_B","Defend_B","Zap+1","Dualcast+1","Melter","Ball Lightning","Sweeping Beam","Leap+1","Machine Learning","Barrage+1","Seek","Redo+1","Ghostly+1","Ghostly","Ghostly","Skim+1","Shame","Electrodynamics","Conserve Battery"],"special_seed":0,"relics":["Cracked Core","Dream Catcher","Ancient Tea Set","Ectoplasm","Ice Cream","Darkstone Periapt","Smiling Mask"],"potions_floor_usage":[27,27],"damage_taken":[{"damage":4.0,"enemies":"Small Slimes","floor":1.0,"turns":4.0},{"damage":9.0,"enemies":"Jaw Worm","floor":2.0,"turns":3.0},{"damage":0.0,"enemies":"Cultist","floor":7.0,"turns":3.0},{"damage":2.0,"enemies":"Looter","floor":8.0,"turns":3.0},{"damage":39.0,"enemies":"Gremlin Nob","floor":10.0,"turns":4.0},{"damage":7.0,"enemies":"Large Slime","floor":12.0,"turns":3.0},{"damage":16.0,"enemies":"The Guardian","floor":16.0,"turns":11.0},{"damage":18.0,"enemies":"2 Thieves","floor":18.0,"turns":4.0},{"damage":14,"enemies":"3 Byrds","floor":22,"turns":4},{"damage":1,"enemies":"Slavers","floor":27,"turns":4},{"damage":18,"enemies":"Shelled Parasite and Fungi","floor":28,"turns":5},{"damage":14,"enemies":"Book of Stabbing","floor":30,"turns":4}],"seed_played":"-2781453610096742607","potions_obtained":[{"floor":1.0,"key":"SpeedPotion"},{"floor":7.0,"key":"Dexterity Potion"},{"floor":8.0,"key":"Swift Potion"},{"floor":12.0,"key":"Weak Potion"},{"floor":18.0,"key":"PowerPotion"},{"floor":22,"key":"Explosive Potion"}],"is_trial":false,"path_per_floor":["M","M","?","$","?","R","M","M","T","E","R","M","R","?","R","B",null,"M","?","$","?","M","R","?","R","T","E","M","R","E"],"character_chosen":"DEFECT","items_purchased":["Sweeping Beam","Redo"],"campfire_rested":2,"item_purchase_floors":[4,20],"current_hp_per_floor":[60,51,51,51,51,51,51,49,49,10,31,24,24,17,17,1,54,36,36,36,35,21,21,21,21,21,20,2,12,0],"gold":43,"neow_bonus":"UPGRADE_CARD","is_prod":false,"is_daily":false,"chose_seed":false,"campfire_upgraded":5,"win_rate":0,"timestamp":1551876650,"path_taken":["M","M","?","$","?","R","M","?","T","E","R","M","R","?","R","BOSS","M","?","$","?","M","R","?","R","T","E","M","R","E"],"build_version":"2019-01-23","purchased_purges":1,"victory":false,"max_hp_per_floor":[71,71,71,71,71,71,71,71,71,71,71,71,71,71,71,71,71,71,71,71,35,35,35,35,35,35,35,35,35,35],"card_choices":[{"not_picked":["Gash","Beam Cell"],"picked":"Melter","floor":1.0},{"not_picked":["Stack","Turbo"],"picked":"Ball Lightning","floor":2.0},{"not_picked":["Streamline","Steam"],"picked":"Leap","floor":7.0},{"not_picked":["Leap","Turbo"],"picked":"Machine Learning","floor":8.0},{"not_picked":["Reprogram","Blizzard","Tempest"],"picked":"SKIP","floor":10.0},{"not_picked":["Sweeping Beam","Steam Power"],"picked":"Barrage","floor":11.0},{"not_picked":["Barrage","Leap","Recycle"],"picked":"SKIP","floor":12.0},{"not_picked":["Machine Learning","Multi-Cast"],"picked":"Seek","floor":16.0},{"not_picked":["Reprogram+1","Steam","Ball Lightning"],"picked":"SKIP","floor":18.0},{"not_picked":["Reprogram+1","Steam","Ball Lightning"],"picked":"SKIP","floor":18.0},{"not_picked":["Coolheaded","Hologram"],"picked":"Skim+1","floor":22},{"not_picked":["Melter+1","Gash","Go for the Eyes"],"picked":"SKIP","floor":27},{"not_picked":["Coolheaded","Force Field"],"picked":"Electrodynamics","floor":28},{"not_picked":["Cold Snap","Sweeping Beam"],"picked":"Conserve Battery","floor":29}],"player_experience":942371,"relics_obtained":[{"floor":9.0,"key":"Dream Catcher"},{"floor":10.0,"key":"Ancient Tea Set"},{"floor":26,"key":"Darkstone Periapt"},{"floor":27,"key":"Smiling Mask"}],"event_choices":[{"cards_removed":["Strike_B"],"damage_healed":0.0,"max_hp_gain":0.0,"max_hp_loss":0.0,"gold_gain":0.0,"event_name":"The Cleric","player_choice":"Card Removal","floor":3.0,"gold_loss":75.0,"damage_taken":0.0},{"damage_healed":0.0,"max_hp_gain":0.0,"max_hp_loss":0.0,"gold_gain":0.0,"event_name":"Liars Game","player_choice":"Ignored","floor":5.0,"gold_loss":0.0,"damage_taken":0.0},{"damage_healed":0.0,"max_hp_gain":0.0,"max_hp_loss":0.0,"gold_gain":50.0,"event_name":"FaceTrader","player_choice":"Touch","floor":14.0,"gold_loss":0.0,"damage_taken":7.0},{"damage_healed":0,"gold_gain":0,"player_choice":"Ignored","damage_taken":0,"max_hp_gain":0,"max_hp_loss":0,"event_name":"Cursed Tome","floor":19,"gold_loss":0},{"damage_healed":0,"gold_gain":0,"player_choice":"Became a Ghost","damage_taken":0,"max_hp_gain":0,"max_hp_loss":36,"event_name":"Ghosts","floor":21,"gold_loss":0,"cards_obtained":["Ghostly","Ghostly","Ghostly"]},{"damage_healed":0,"gold_gain":0,"player_choice":"Stole Relic","damage_taken":0,"relics_obtained":["Ice Cream"],"max_hp_gain":0,"max_hp_loss":0,"event_name":"Addict","floor":24,"gold_loss":0,"cards_obtained":["Shame"]}],"is_beta":false,"boss_relics":[{"not_picked":["Busted Crown","Philosopher\u0027s Stone"],"picked":"Ectoplasm"}],"items_purged_floors":[20],"is_endless":false,"potions_floor_spawned":[1,7,8,12,18,22],"killed_by":"Book of Stabbing","ascension_level":20}