{"gold_per_floor":[118,118,118,83,94,94,111,111,111,142,142,122,136,20,20,20],"floor_reached":16,"playtime":390,"items_purged":["Strike_B"],"score":196,"play_id":"e36dac80-0534-46d8-bb06-64581d6188f7","local_time":"20190305001503","is_ascension_mode":true,"campfire_choices":[{"data":"Zap","floor":6.0,"key":"SMITH"},{"data":"Steam","floor":11.0,"key":"SMITH"},{"data":"Defragment","floor":15.0,"key":"SMITH"}],"neow_cost":"PERCENT_DAMAGE","seed_source_timestamp":26291802799446,"circlet_count":0,"master_deck":["AscendersBane","Strike_B","Defend_B","Defend_B","Defend_B","Zap+1","Dualcast","Ball Lightning","Steam+1","Cold Snap","Conserve Battery","Defragment+1"],"special_seed":0,"relics":["Cracked Core","Cables","Bag of Marbles"],"potions_floor_usage":[],"damage_taken":[{"damage":4.0,"enemies":"Jaw Worm","floor":1.0,"turns":4.0},{"damage":0.0,"enemies":"Small Slimes","floor":5.0,"turns":2.0},{"damage":0.0,"enemies":"2 Louse","floor":7.0,"turns":2.0},{"damage":23.0,"enemies":"Lagavulin","floor":10.0,"turns":5.0},{"damage":11.0,"enemies":"Large Slime","floor":13.0,"turns":4.0},{"damage":31,"enemies":"Slime Boss","floor":16,"turns":8}],"seed_played":"-113970914161994432","potions_obtained":[{"floor":1.0,"key":"PowerPotion"},{"floor":10.0,"key":"Energy Potion"},{"floor":12.0,"key":"SmokeBomb"}],"is_trial":false,"path_per_floor":["M","?","?","?","M","R","M","?","T","E","R","?","M","$","R","B"],"character_chosen":"DEFECT","items_purchased":["Defragment"],"campfire_rested":0,"item_purchase_floors":[14],"current_hp_per_floor":[42,42,42,59,59,59,59,64,64,41,41,41,30,30,30,0],"gold":20,"neow_bonus":"REMOVE_TWO","is_prod":false,"is_daily":false,"chose_seed":false,"campfire_upgraded":3,"win_rate":0,"timestamp":1551741303,"path_taken":["M","?","?","?","?","R","M","?","T","E","R","?","M","$","R","BOSS"],"build_version":"2019-01-23","purchased_purges":1,"victory":false,"max_hp_per_floor":[71,71,71,71,71,71,71,76,76,76,76,76,76,76,76,76],"card_choices":[{"not_picked":["Rip and Tear","Conserve Battery"],"picked":"Ball Lightning","floor":1.0},{"not_picked":["Gash","Hologram"],"picked":"Steam","floor":5.0},{"not_picked":["Beam Cell","Multi-Cast"],"picked":"Cold Snap","floor":7.0},{"not_picked":["Barrage","Go for the Eyes","Aggregate"],"picked":"SKIP","floor":10.0},{"not_picked":["Force Field","Stack"],"picked":"Conserve Battery","floor":13.0}],"player_experience":940529,"relics_obtained":[{"floor":9.0,"key":"Cables"},{"floor":10.0,"key":"Bag of Marbles"}],"event_choices":[{"damage_healed":0.0,"max_hp_gain":0.0,"max_hp_loss":0.0,"gold_gain":0.0,"event_name":"Shining Light","player_choice":"Ignored","floor":2.0,"gold_loss":0.0,"damage_taken":0.0},{"cards_removed":["Strike_B"],"damage_healed":0.0,"max_hp_gain":0.0,"max_hp_loss":0.0,"gold_gain":0.0,"event_name":"Living Wall","player_choice":"Forget","floor":3.0,"gold_loss":0.0,"damage_taken":0.0},{"damage_healed":17.0,"max_hp_gain":0.0,"max_hp_loss":0.0,"gold_gain":0.0,"event_name":"The Cleric","player_choice":"Healed","floor":4.0,"gold_loss":35.0,"damage_taken":0.0},{"damage_healed":0.0,"max_hp_gain":5.0,"max_hp_loss":0.0,"gold_gain":0.0,"event_name":"Big Fish","player_choice":"Donut","floor":8.0,"gold_loss":0.0,"damage_taken":0.0},{"damage_healed":0.0,"max_hp_gain":0.0,"max_hp_loss":0.0,"gold_gain":0.0,"event_name":"The Woman in Blue","player_choice":"Bought 1 Potion","floor":12.0,"gold_loss":0.0,"damage_taken":0.0}],"is_beta":false,"boss_relics":[],"items_purged_floors":[14],"is_endless":false,"potions_floor_spawned":[1,10],"killed_by":"Slime Boss","ascension_level":20}