{"path_per_floor":["M","?","M","?","M","E","R","M","T","$","?","E","R","M","R","B",null,"M","?","$","M","M","R","E","R","T","M","$","M","M","M","R","B",null,"M","$","?","?","M","E","R","M","T","E","?","$","M","M","R"],"character_chosen":"IRONCLAD","items_purchased":["Strength Potion","Dead Branch","Bandage Up"],"gold_per_floor":[111,111,128,128,147,191,191,214,214,88,88,121,121,141,141,271,309,332,332,332,345,360,360,391,391,391,415,25,45,61,75,75,196,196,209,84,84,140,156,196,196,214,214,247,247,144,169,182,182],"floor_reached":50,"campfire_rested":3,"playtime":4677,"current_hp_per_floor":[80,80,80,80,68,33,57,59,59,59,52,32,32,31,31,7,85,64,85,85,45,25,50,34,34,34,55,55,18,25,31,57,45,88,80,80,80,87,83,85,85,74,74,36,36,36,46,91,91],"items_purged":["Regret","Strike_R","Strike_R"],"gold":182,"score":559,"play_id":"39cbcb36-53ec-4e95-a89a-f2f1f9e179ea","is_prod":false,"is_daily":false,"is_ascension_mode":true,"campfire_upgraded":5,"path_taken":["M","?","M","?","M","E","R","M","T","$","?","E","R","M","R","BOSS","M","?","$","M","M","R","E","R","T","?","$","M","M","M","R","BOSS","M","$","?","?","M","E","R","M","T","E","?","?","M","M","R","BOSS"],"build_version":"2018-02-08-PROD1","purchased_purges":3,"victory":false,"master_deck":["Strike_R","Strike_R","Strike_R","Defend_R","Defend_R","Defend_R","Bash+1","Berserk+1","Heavy Blade","Infernal Blade+1","Warcry","Reaper+1","Inflame","Inflame+1","Seeing Red+1","Seeing Red+1","Spot Weakness","Heavy Blade+1","Brutality+1","Battle Trance+1","Bloodletting+1","Seeing Red+1","Bandage Up","Warcry+1"],"max_hp_per_floor":[80,80,80,80,80,80,80,80,80,80,80,80,80,80,80,80,85,85,85,85,85,85,85,85,85,85,85,85,88,88,88,88,88,88,91,91,91,94,94,94,94,94,94,96,96,96,98,98,98],"relics":["Burning Blood","Calipers","Golden Idol","Bag of Marbles","Unceasing Top","Molten Egg 2","Tiny House","Dream Catcher","Lantern","Dead Branch","Sozu","Champion Belt","Mummified Hand","Red Skull","Singing Bowl"],"card_choices":[{"not_picked":["Hemokinesis","True Grit"],"picked":"Heavy Blade"},{"not_picked":["Clash","Fiend Fire"],"picked":"Infernal Blade"},{"not_picked":["Uppercut","Dual Wield"],"picked":"Warcry"},{"not_picked":["Offering","Exhume"],"picked":"Reaper"},{"not_picked":["Headbutt","Iron Wave"],"picked":"Inflame"},{"not_picked":["Cleave","Warcry"],"picked":"Inflame"},{"not_picked":["Double Tap","Feel No Pain"],"picked":"Seeing Red"},{"not_picked":["Sentinel","Anger"],"picked":"Seeing Red"},{"not_picked":["Havoc","Iron Wave"],"picked":"Spot Weakness"},{"not_picked":["Pommel Strike","Cleave"],"picked":"Heavy Blade"},{"not_picked":["Limit Break","Berserk"],"picked":"Brutality"},{"not_picked":["Sword Boomerang","Seeing Red"],"picked":"Battle Trance"},{"not_picked":["Barricade","Sword Boomerang"],"picked":"Bloodletting"},{"not_picked":["Bloodletting","Cleave"],"picked":"Seeing Red"},{"not_picked":["Thunderclap","Reckless Charge"],"picked":"Warcry"}],"player_experience":136719,"potions_floor_usage":[6,12,16,16,22,24,27,30,30,31],"damage_taken":[{"damage":5,"enemies":"2 Louse","floor":1,"turns":2},{"damage":4,"enemies":"Cultist","floor":3,"turns":3},{"damage":18,"enemies":"Blue Slaver","floor":5,"turns":4},{"damage":56,"enemies":"3 Sentries","floor":6,"turns":9},{"damage":4,"enemies":"Exordium Wildlife","floor":8,"turns":3},{"damage":26,"enemies":"Lagavulin","floor":12,"turns":5},{"damage":7,"enemies":"3 Louse","floor":14,"turns":3},{"damage":30,"enemies":"Slime Boss","floor":16,"turns":9},{"damage":27,"enemies":"Chosen","floor":18,"turns":4},{"damage":55,"enemies":"Shell Parasite","floor":21,"turns":6},{"damage":34,"enemies":"Sentry and Sphere","floor":22,"turns":5},{"damage":46,"enemies":"Book of Stabbing","floor":24,"turns":4},{"damage":0,"enemies":"Centurion and Healer","floor":27,"turns":5},{"damage":46,"enemies":"Slaver and Parasite","floor":29,"turns":5},{"damage":9,"enemies":"Snake Plant","floor":30,"turns":3},{"damage":12,"enemies":"Chosen and Byrds","floor":31,"turns":5},{"damage":40,"enemies":"Champ","floor":33,"turns":6},{"damage":17,"enemies":"3 Shapes","floor":35,"turns":3},{"damage":29,"enemies":"신비한 구체","floor":38,"turns":4},{"damage":26,"enemies":"3 Darklings","floor":39,"turns":4},{"damage":15,"enemies":"Giant Head","floor":40,"turns":5},{"damage":31,"enemies":"Maw","floor":42,"turns":5},{"damage":70,"enemies":"Nemesis","floor":44,"turns":7},{"damage":38,"enemies":"4 Shapes","floor":47,"turns":4},{"damage":1,"enemies":"3 Darklings","floor":48,"turns":2},{"damage":97,"enemies":"Awakened One","floor":50,"turns":4}],"event_choices":[{"event_name":"Big Fish","player_choice":"Box","floor":2,"damage_taken":0},{"event_name":"Golden Idol","player_choice":"Take Wound","floor":4,"damage_taken":0},{"event_name":"Golden Wing","player_choice":"Card Removal","floor":11,"damage_taken":0},{"event_name":"The Library","player_choice":"Heal","floor":19,"damage_taken":0},{"event_name":"The Woman in Blue","player_choice":"Bought 0 Potions","floor":37,"damage_taken":0},{"event_name":"Mysterious Sphere","player_choice":"Fight","floor":38,"damage_taken":0},{"event_name":"The Moai Head","player_choice":"Ignored","floor":45,"damage_taken":0}],"boss_relics":[{"not_picked":["Runic Cube","Eternal Feather"],"picked":"Tiny House"},{"not_picked":["Runic Dome","Runic Pyramid"],"picked":"Sozu"}],"potions_floor_spawned":[5,6,8,22,24,27,29,30,39,40],"seed_played":"-6200632391461351624","killed_by":"Awakened One","ascension_level":1,"is_trial":false}