{"gold_per_floor":[117,117,117,42,62,62,97,97,97,124,142,142,154,54,54,156,156,176,188,188,202,124,149,149,248,272,272,287,287,322,340,340,340],"floor_reached":33,"playtime":2652,"items_purged":["Defend_R","Strike_R"],"score":334,"play_id":"2a1907a7-3f84-4a7b-aaae-dbd9c5fe7ef6","local_time":"20190720102952","is_ascension_mode":true,"campfire_choices":[{"data":"Searing Blow","floor":6,"key":"SMITH"},{"data":"Searing Blow+1","floor":8,"key":"SMITH"},{"data":"Searing Blow+2","floor":15,"key":"SMITH"},{"floor":24,"key":"REST"},{"data":"Searing Blow+3","floor":27,"key":"SMITH"},{"data":"Searing Blow+4","floor":29,"key":"SMITH"},{"floor":32,"key":"REST"}],"neow_cost":"NONE","seed_source_timestamp":223608595517639,"circlet_count":0,"master_deck":["Strike_R","Strike_R","Strike_R","Defend_R","Defend_R","Defend_R","Bash","Headbutt","Searing Blow+5","Disarm","Offering","True Grit+1","Limit Break","Shrug It Off","Armaments"],"relics":["Burning Blood","NeowsBlessing","Letter Opener","Mercury Hourglass","Oddly Smooth Stone","Gremlin Horn","Mark of Pain","Molten Egg 2","Pen Nib","Sundial"],"potions_floor_usage":[16,33,33,33],"damage_taken":[{"damage":0,"enemies":"Small Slimes","floor":1,"turns":1},{"damage":0,"enemies":"Jaw Worm","floor":5,"turns":1},{"damage":0,"enemies":"Gremlin Nob","floor":7,"turns":1},{"damage":39,"enemies":"3 Sentries","floor":10,"turns":6},{"damage":0,"enemies":"Cultist","floor":11,"turns":3},{"damage":0,"enemies":"Large Slime","floor":13,"turns":4},{"damage":42,"enemies":"The Guardian","floor":16,"turns":10},{"damage":16,"enemies":"Spheric Guardian","floor":18,"turns":3},{"damage":6,"enemies":"Chosen","floor":19,"turns":3},{"damage":19,"enemies":"Snecko","floor":21,"turns":3},{"damage":44,"enemies":"Gremlin Leader","floor":23,"turns":6},{"damage":6,"enemies":"3 Cultists","floor":28,"turns":3},{"damage":11,"enemies":"Slavers","floor":30,"turns":4},{"damage":0,"enemies":"Chosen and Byrds","floor":31,"turns":3},{"damage":114,"enemies":"Collector","floor":33,"turns":6}],"seed_played":"4455117078253550543","potions_obtained":[{"floor":10,"key":"Dexterity Potion"},{"floor":16,"key":"Energy Potion"},{"floor":18,"key":"AttackPotion"},{"floor":23,"key":"Swift Potion"}],"is_trial":false,"path_per_floor":["M","?","?","$","M","R","E","R","T","E","M","?","M","$","R","B",null,"M","M","?","M","$","E","R","?","T","R","M","R","E","M","R","B"],"character_chosen":"IRONCLAD","items_purchased":["BloodPotion"],"campfire_rested":2,"item_purchase_floors":[22],"current_hp_per_floor":[80,80,77,77,80,80,80,80,80,47,53,45,51,51,51,15,80,70,70,70,57,57,19,43,43,43,43,43,43,38,44,68,0],"gold":340,"neow_bonus":"THREE_ENEMY_KILL","is_prod":false,"is_daily":false,"chose_seed":false,"campfire_upgraded":5,"win_rate":0,"timestamp":1563643792,"path_taken":["M","?","?","$","M","R","E","R","T","E","M","?","M","$","R","BOSS","M","M","?","M","$","E","R","?","T","R","M","R","E","M","R","BOSS"],"build_version":"2019-07-05","purchased_purges":2,"victory":false,"max_hp_per_floor":[80,80,80,80,80,80,80,80,80,80,80,80,80,80,80,80,80,80,80,80,80,80,80,80,80,80,80,80,80,80,80,80,80],"card_choices":[{"not_picked":["Iron Wave","Sword Boomerang"],"picked":"Headbutt","floor":1},{"not_picked":["Rupture","Uppercut"],"picked":"Searing Blow","floor":5},{"not_picked":["Heavy Blade","Clothesline","Anger"],"picked":"SKIP","floor":7},{"not_picked":["Twin Strike","Impervious"],"picked":"Disarm","floor":10},{"not_picked":["Second Wind","Body Slam","Clash"],"picked":"SKIP","floor":11},{"not_picked":["Infernal Blade","Warcry","Perfected Strike"],"picked":"SKIP","floor":13},{"not_picked":["Reaper","Juggernaut"],"picked":"Offering","floor":16},{"not_picked":["Cleave","True Grit","Thunderclap"],"picked":"SKIP","floor":18},{"not_picked":["Cleave","Disarm","Burning Pact"],"picked":"SKIP","floor":19},{"not_picked":["Flex","Cleave"],"picked":"True Grit+1","floor":21},{"not_picked":["Reckless Charge","Perfected Strike"],"picked":"Limit Break","floor":23},{"not_picked":["Clothesline+1","Flex"],"picked":"Shrug It Off","floor":28},{"not_picked":["Sever Soul+1","Juggernaut"],"picked":"Armaments","floor":30},{"not_picked":["True Grit","Anger+1","Twin Strike+1"],"picked":"SKIP","floor":31}],"player_experience":36057,"relics_obtained":[{"floor":7,"key":"Mercury Hourglass"},{"floor":9,"key":"Oddly Smooth Stone"},{"floor":10,"key":"Gremlin Horn"},{"floor":23,"key":"Molten Egg 2"},{"floor":26,"key":"Pen Nib"},{"floor":30,"key":"Sundial"}],"event_choices":[{"cards_removed":["Strike_R"],"damage_healed":0,"gold_gain":0,"player_choice":"Forget","damage_taken":0,"max_hp_gain":0,"max_hp_loss":0,"event_name":"Living Wall","floor":2,"gold_loss":0},{"damage_healed":0,"gold_gain":0,"player_choice":"Success","damage_taken":3,"relics_obtained":["Letter Opener"],"max_hp_gain":0,"max_hp_loss":0,"event_name":"Scrap Ooze","floor":3,"gold_loss":0},{"damage_healed":0,"gold_gain":0,"player_choice":"Damaged","damage_taken":8,"max_hp_gain":0,"max_hp_loss":0,"event_name":"Wheel of Change","floor":12,"gold_loss":0},{"damage_healed":0,"gold_gain":0,"player_choice":"Ignored","damage_taken":0,"max_hp_gain":0,"max_hp_loss":0,"event_name":"Vampires","floor":20,"gold_loss":0},{"damage_healed":0,"gold_gain":99,"player_choice":"Stole From Cult","damage_taken":0,"max_hp_gain":0,"max_hp_loss":0,"event_name":"Nest","floor":25,"gold_loss":0}],"is_beta":false,"boss_relics":[{"not_picked":["Orrery","Eternal Feather"],"picked":"Mark of Pain"}],"items_purged_floors":[4,14],"is_endless":false,"potions_floor_spawned":[10,16,18,23],"killed_by":"Collector","ascension_level":1}