{"gold_per_floor":[118,118,118,135,159,159,191,211,211,245,245,261,261,326,326,405,405,419,98,118,118,146,178,196,196,196,196,229,241,303,331,343,355],"floor_reached":33,"playtime":1454,"items_purged":["Strike_G"],"score":702,"play_id":"67499475-485c-40e2-9c41-3618292e4837","local_time":"20190727141832","is_ascension_mode":true,"campfire_choices":[{"data":"Neutralize","floor":6.0,"key":"SMITH"},{"data":"Malaise","floor":11.0,"key":"SMITH"},{"data":"Terror","floor":13.0,"key":"SMITH"},{"data":"Acrobatics","floor":15.0,"key":"SMITH"},{"data":"Footwork","floor":25.0,"key":"SMITH"},{"data":"Adrenaline","floor":27.0,"key":"SMITH"},{"data":"Blur","floor":29,"key":"SMITH"},{"floor":32,"key":"RECALL"}],"neow_cost":"NONE","seed_source_timestamp":497469265072287,"circlet_count":0,"master_deck":["AscendersBane","Strike_G","Strike_G","Strike_G","Strike_G","Defend_G","Defend_G","Defend_G","Defend_G","Defend_G","Survivor","Neutralize+1","Dagger Throw","Acrobatics+1","Blur+1","Predator","Malaise+1","Terror+1","Dagger Spray","Adrenaline+1","Flying Knee","Footwork+1","Caltrops","PiercingWail","Heel Hook"],"special_seed":0,"relics":["Ring of the Serpent","NeowsBlessing","Bag of Preparation","Lantern","Gremlin Horn","Meat on the Bone","Tiny Chest","PreservedInsect","Blue Candle","Red Mask","Oddly Smooth Stone","Art of War","MawBank"],"potions_floor_usage":[31],"damage_taken":[{"damage":0.0,"enemies":"Cultist","floor":1.0,"turns":1.0},{"damage":0.0,"enemies":"2 Louse","floor":4.0,"turns":1.0},{"damage":0.0,"enemies":"Gremlin Nob","floor":7.0,"turns":1.0},{"damage":0.0,"enemies":"Jaw Worm","floor":8.0,"turns":3.0},{"damage":39.0,"enemies":"Lagavulin","floor":10.0,"turns":7.0},{"damage":0.0,"enemies":"Exordium Thugs","floor":12.0,"turns":4.0},{"damage":2.0,"enemies":"3 Sentries","floor":14.0,"turns":9.0},{"damage":10.0,"enemies":"The Guardian","floor":16.0,"turns":18.0},{"damage":12.0,"enemies":"Spheric Guardian","floor":18.0,"turns":8.0},{"damage":9.0,"enemies":"2 Thieves","floor":20.0,"turns":4.0},{"damage":26.0,"enemies":"Masked Bandits","floor":22.0,"turns":6.0},{"damage":9.0,"enemies":"Book of Stabbing","floor":23.0,"turns":7.0},{"damage":10.0,"enemies":"Snecko","floor":24.0,"turns":7.0},{"damage":0,"enemies":"Gremlin Leader","floor":28,"turns":5},{"damage":0,"enemies":"Cultist and Chosen","floor":31,"turns":8},{"damage":14,"enemies":"Champ","floor":33,"turns":12}],"seed_played":"-232562115787324268","potions_obtained":[{"floor":7.0,"key":"Explosive Potion"},{"floor":10.0,"key":"AttackPotion"},{"floor":14.0,"key":"SkillPotion"},{"floor":18.0,"key":"GamblersBrew"},{"floor":20.0,"key":"Swift Potion"},{"floor":23.0,"key":"GhostInAJar"},{"floor":31,"key":"Strength Potion"}],"is_trial":false,"path_per_floor":["M","T","?","M","T","R","E","M","T","E","R","M","R","E","R","B",null,"M","$","M","T","?","E","M","R","T","R","E","R","?","M","R","B"],"character_chosen":"THE_SILENT","items_purchased":["PreservedInsect","Footwork"],"campfire_rested":0,"item_purchase_floors":[19,19],"current_hp_per_floor":[59,59,59,59,59,59,59,59,59,20,20,32,32,42,42,44,61,49,49,40,40,26,29,31,31,31,31,43,43,43,43,43,29],"gold":355,"neow_bonus":"THREE_ENEMY_KILL","is_prod":false,"is_daily":false,"chose_seed":false,"campfire_upgraded":7,"win_rate":0,"timestamp":1564204712,"path_taken":["M","?","?","M","?","R","E","M","T","E","R","M","R","E","R","BOSS","M","$","M","?","?","E","M","R","T","R","E","R","?","?","R","BOSS"],"build_version":"2019-07-17","purchased_purges":1,"victory":false,"max_hp_per_floor":[66,66,66,66,66,66,66,66,66,66,66,66,66,66,66,66,66,66,66,66,66,66,66,66,66,66,66,66,66,66,66,66,66],"card_choices":[{"not_picked":["Slice","Bane"],"picked":"Dagger Throw","floor":1.0},{"not_picked":["Eviscerate","Dodge and Roll"],"picked":"Acrobatics","floor":4.0},{"not_picked":["Quick Slash","Dagger Throw"],"picked":"Blur","floor":7.0},{"not_picked":["Outmaneuver","Flying Knee"],"picked":"Predator","floor":8.0},{"not_picked":["Riddle With Holes","Night Terror"],"picked":"Malaise","floor":10.0},{"not_picked":["Backflip","Prepared"],"picked":"Terror","floor":12.0},{"not_picked":["Backflip","Prepared"],"picked":"Dagger Spray","floor":14.0},{"not_picked":["Die Die Die","Night Terror"],"picked":"Adrenaline","floor":16.0},{"not_picked":["Bane","Eviscerate"],"picked":"Flying Knee","floor":18.0},{"not_picked":["Reflex","PiercingWail"],"picked":"Caltrops","floor":20.0},{"not_picked":["Leg Sweep","Envenom"],"picked":"PiercingWail","floor":23.0},{"not_picked":["Predator","Setup","Dodge and Roll"],"picked":"SKIP","floor":24.0},{"not_picked":["Outmaneuver","Sucker Punch","Dagger Spray"],"picked":"SKIP","floor":28},{"not_picked":["Doppelganger","Flying Knee"],"picked":"Heel Hook","floor":31}],"player_experience":1028298,"relics_obtained":[{"floor":5.0,"key":"Bag of Preparation"},{"floor":7.0,"key":"Lantern"},{"floor":9.0,"key":"Gremlin Horn"},{"floor":10.0,"key":"Meat on the Bone"},{"floor":14.0,"key":"Tiny Chest"},{"floor":21.0,"key":"Blue Candle"},{"floor":22.0,"key":"Red Mask"},{"floor":23.0,"key":"Oddly Smooth Stone"},{"floor":26.0,"key":"Art of War"},{"floor":28,"key":"MawBank"}],"event_choices":[{"damage_healed":0.0,"max_hp_gain":0.0,"max_hp_loss":0.0,"gold_gain":0.0,"event_name":"Liars Game","player_choice":"Ignored","floor":3.0,"gold_loss":0.0,"damage_taken":0.0},{"damage_healed":0.0,"max_hp_gain":0.0,"max_hp_loss":0.0,"gold_gain":0.0,"event_name":"Masked Bandits","player_choice":"Fought Bandits","floor":22.0,"gold_loss":0.0,"damage_taken":0.0},{"damage_healed":0,"gold_gain":100,"player_choice":"Bet on Murderer","damage_taken":0,"max_hp_gain":0,"max_hp_loss":0,"event_name":"The Joust","floor":30,"gold_loss":50}],"is_beta":false,"boss_relics":[{"not_picked":["Fusion Hammer","WristBlade"],"picked":"Ring of the Serpent"}],"items_purged_floors":[19],"is_endless":false,"potions_floor_spawned":[7,10,14,18,20,23,31],"killed_by":"Champ","ascension_level":20}