{"path_per_floor":["M","M","M","?","M","R","E","R","T","E","R","?","M","M","R","B",null,"M","?","M","?","$","R","M","R","T","E","M","?","?","$","R","B",null,"M","M","?","$","M","E","R","?","T","$","M","R","M","$","R","B"],"character_chosen":"DEFECT","items_purchased":["Coolheaded","Prime","Capacitor","Double Energy","Turbo"],"gold_per_floor":[117,134,148,148,162,162,193,193,218,252,252,252,268,283,283,388,388,400,400,417,417,317,317,332,332,332,359,377,377,377,125,125,220,220,234,251,251,100,115,143,143,143,143,62,76,76,91,66,66,66],"floor_reached":51,"campfire_rested":1,"playtime":2496,"current_hp_per_floor":[62,62,57,45,42,42,33,33,33,3,25,25,21,21,21,21,62,50,75,72,58,58,58,49,49,49,11,8,90,74,74,74,45,79,62,62,62,62,57,26,26,26,26,26,29,29,33,33,33,21],"items_purged":["Strike_B","Defend_B","Strike_B"],"gold":66,"score":956,"play_id":"cad676c0-80f8-4e8b-84aa-35e0863edb79","local_time":"20180506164336","is_prod":false,"is_daily":false,"chose_seed":false,"is_ascension_mode":true,"campfire_upgraded":9,"timestamp":1525617816,"path_taken":["M","M","M","?","M","R","E","R","T","E","R","?","M","M","R","BOSS","M","?","M","?","$","R","M","R","T","E","?","?","?","$","R","BOSS","M","M","?","$","M","E","R","?","T","?","M","R","M","$","R","BOSS"],"build_version":"2018-05-03","seed_source_timestamp":117935953742947,"purchased_purges":3,"victory":true,"master_deck":["Defend_B","Defend_B","Zap+1","Dualcast","Coolheaded+1","Cold Snap","Ball Lightning","Sunder+1","Capacitor+1","Barrage","Redo+1","Fusion+1","Genetic Algorithm+1","Auto Shields+1","Impulse+1","Coolheaded+1","Glacier","Skim+1","Necronomicurse","Prime+1","Darkness+1","Capacitor","Bandage Up","Double Energy+1","Reboot","Defragment+1","Turbo+1"],"max_hp_per_floor":[75,75,75,75,75,75,75,75,75,75,75,75,75,75,75,75,75,75,75,75,80,80,80,80,80,80,80,80,90,90,90,90,90,90,90,90,90,90,90,90,90,90,90,90,90,90,90,90,90,90],"relics":["Cracked Core","Prayer Wheel","Vajra","Lantern","Orichalcum","Astrolabe","Ginger","DataDisk","Necronomicon","War Paint","Ice Cream"],"card_choices":[{"not_picked":["Leap","Skim"],"picked":"Coolheaded","floor":0.0},{"not_picked":["Hello World","Melter"],"picked":"Cold Snap","floor":1.0},{"not_picked":["Beam Cell","Static Discharge"],"picked":"Ball Lightning","floor":3.0},{"not_picked":["Barrage","Rebound"],"picked":"Sunder","floor":5.0},{"not_picked":["Leap","Hyperbeam"],"picked":"Capacitor","floor":7.0},{"not_picked":["Go for the Eyes","Axe Kick"],"picked":"Barrage","floor":9.0},{"not_picked":["Beam Cell","Barrage"],"picked":"Redo","floor":14.0},{"not_picked":["Creative AI","Thunder Strike"],"picked":"Fusion","floor":16.0},{"not_picked":["Hello World","Static Discharge"],"picked":"Impulse","floor":18.0},{"not_picked":["Leap","Hologram"],"picked":"Glacier","floor":26.0},{"not_picked":["Streamline","Heatsinks"],"picked":"Skim","floor":27.0},{"not_picked":["Rebound","Impulse"],"picked":"Darkness","floor":35.0},{"not_picked":["Enlightenment","Good Instincts"],"picked":"Bandage Up","floor":42},{"not_picked":["Stack","Coolheaded"],"picked":"Reboot","floor":45},{"not_picked":["Undo","Cold Snap"],"picked":"Defragment","floor":47}],"player_experience":620626,"potions_floor_usage":[40,45,45],"damage_taken":[{"damage":13.0,"enemies":"Small Slimes","floor":1.0,"turns":3.0},{"damage":0.0,"enemies":"2 Louse","floor":2.0,"turns":2.0},{"damage":5.0,"enemies":"Jaw Worm","floor":3.0,"turns":3.0},{"damage":3.0,"enemies":"3 Louse","floor":5.0,"turns":5.0},{"damage":9.0,"enemies":"3 Sentries","floor":7.0,"turns":5.0},{"damage":30.0,"enemies":"Lagavulin","floor":10.0,"turns":5.0},{"damage":4.0,"enemies":"Looter","floor":13.0,"turns":2.0},{"damage":0.0,"enemies":"2 Fungi Beasts","floor":14.0,"turns":3.0},{"damage":0.0,"enemies":"Slime Boss","floor":16.0,"turns":5.0},{"damage":12.0,"enemies":"Spheric Guardian","floor":18.0,"turns":4.0},{"damage":3.0,"enemies":"3 Byrds","floor":20.0,"turns":4.0},{"damage":9.0,"enemies":"Centurion and Healer","floor":24.0,"turns":4.0},{"damage":47.0,"enemies":"Slavers","floor":27.0,"turns":7.0},{"damage":3.0,"enemies":"Snake Plant","floor":28.0,"turns":4.0},{"damage":29.0,"enemies":"Automaton","floor":33.0,"turns":8.0},{"damage":17.0,"enemies":"3 Shapes","floor":35.0,"turns":4.0},{"damage":0.0,"enemies":"3 Darklings","floor":36.0,"turns":6.0},{"damage":5.0,"enemies":"Sphere and 2 Shapes","floor":39.0,"turns":4.0},{"damage":31,"enemies":"Giant Head","floor":40,"turns":9},{"damage":1,"enemies":"4 Shapes","floor":45,"turns":4},{"damage":0,"enemies":"Spire Growth","floor":47,"turns":3},{"damage":16,"enemies":"Donu and Deca","floor":50,"turns":6}],"event_choices":[{"event_name":"Scrap Ooze","player_choice":"success","floor":4.0,"damage_taken":12.0},{"event_name":"Liars Game","player_choice":"disagreed","floor":12.0,"damage_taken":0.0},{"event_name":"The Library","player_choice":"Heal","floor":19.0,"damage_taken":0.0},{"event_name":"Forgotten Altar","player_choice":"Shed Blood","floor":21.0,"damage_taken":0.0},{"event_name":"Bonfire Elementals","player_choice":"RARE","floor":29.0,"damage_taken":0.0},{"event_name":"Cursed Tome","player_choice":"Obtained Book","floor":30.0,"damage_taken":0.0},{"event_name":"Tomb of Lord Red Mask","player_choice":"Ignored","floor":37.0,"damage_taken":0.0},{"event_name":"SensoryStone","player_choice":"Memory 1","floor":42,"damage_taken":0}],"boss_relics":[],"potions_floor_spawned":[1,3,7,13,16,18,27,36,39],"seed_played":"6670251459490857095","ascension_level":5,"is_trial":false}