{"gold_per_floor":[119,119,137,147,162,181,181,106,184,184,359,373,373,388,388,388],"floor_reached":16,"playtime":551,"items_purged":["Bash"],"score":94,"play_id":"3dbb1ab8-9c49-4114-bfd9-d4c7e5451a6e","local_time":"20190730233736","is_ascension_mode":false,"campfire_choices":[{"data":"Immolate","floor":7,"key":"SMITH"},{"data":"Spot Weakness","floor":13,"key":"SMITH"},{"data":"Spot Weakness","floor":15,"key":"SMITH"}],"neow_cost":"NONE","seed_source_timestamp":1660346460082485,"circlet_count":0,"master_deck":["Strike_R","Strike_R","Strike_R","Strike_R","Strike_R","Defend_R","Defend_R","Defend_R","Spot Weakness+1","Whirlwind","Immolate+1","Spot Weakness+1","Doubt"],"relics":["Burning Blood"],"potions_floor_usage":[16,16],"damage_taken":[{"damage":8,"enemies":"Jaw Worm","floor":1,"turns":3},{"damage":6,"enemies":"Cultist","floor":3,"turns":3},{"damage":0,"enemies":"Small Slimes","floor":4,"turns":3},{"damage":9,"enemies":"Exordium Thugs","floor":5,"turns":3},{"damage":16,"enemies":"Blue Slaver","floor":6,"turns":4},{"damage":26,"enemies":"Large Slime","floor":12,"turns":5},{"damage":21,"enemies":"Exordium Thugs","floor":14,"turns":3},{"damage":41,"enemies":"The Guardian","floor":16,"turns":7}],"seed_played":"-1763522627112212727","potions_obtained":[{"floor":5,"key":"Explosive Potion"},{"floor":6,"key":"Fire Potion"},{"floor":14,"key":"Explosive Potion"}],"is_trial":false,"path_per_floor":["M","?","M","M","M","M","R","$","T","?","?","M","R","M","R","B"],"character_chosen":"IRONCLAD","items_purchased":[],"campfire_rested":0,"item_purchase_floors":[],"current_hp_per_floor":[86,86,86,88,85,75,75,75,75,75,75,55,55,40,40,0],"gold":388,"neow_bonus":"TEN_PERCENT_HP_BONUS","is_prod":false,"is_daily":false,"chose_seed":false,"campfire_upgraded":3,"win_rate":0,"timestamp":1564544256,"path_taken":["M","?","M","?","M","M","R","$","T","?","?","M","R","M","R","BOSS"],"build_version":"2019-07-17","purchased_purges":1,"victory":false,"max_hp_per_floor":[88,88,88,88,88,88,88,88,88,88,88,88,88,88,88,88],"card_choices":[{"not_picked":["Wild Strike","Warcry"],"picked":"Spot Weakness","floor":1},{"not_picked":["Hemokinesis","Warcry"],"picked":"Whirlwind","floor":3},{"not_picked":["Headbutt","Pommel Strike"],"picked":"Immolate","floor":4},{"not_picked":["Ghostly Armor","Sword Boomerang"],"picked":"Spot Weakness","floor":5},{"not_picked":["Infernal Blade","Pummel","Reckless Charge"],"picked":"SKIP","floor":6},{"not_picked":["Shockwave","Havoc","Bloodletting"],"picked":"SKIP","floor":12},{"not_picked":["Wild Strike","Clothesline","Power Through"],"picked":"SKIP","floor":14}],"player_experience":249411,"relics_obtained":[],"event_choices":[{"cards_removed":["Defend_R"],"damage_healed":0,"gold_gain":0,"player_choice":"Offered Basic","damage_taken":0,"max_hp_gain":0,"max_hp_loss":0,"event_name":"Bonfire Elementals","floor":2,"gold_loss":0},{"damage_healed":0,"gold_gain":0,"player_choice":"Fled","damage_taken":0,"max_hp_gain":0,"max_hp_loss":0,"event_name":"Scrap Ooze","floor":10,"gold_loss":0},{"damage_healed":0,"gold_gain":175,"player_choice":"AGREE","damage_taken":0,"max_hp_gain":0,"max_hp_loss":0,"event_name":"Liars Game","floor":11,"gold_loss":0,"cards_obtained":["Doubt"]}],"is_beta":false,"boss_relics":[],"items_purged_floors":[8],"is_endless":false,"potions_floor_spawned":[5,6,14],"killed_by":"The Guardian","ascension_level":0}