{"gold_per_floor":[119,294,244,263,283,283,283,283,283,283,33,62,72,83,83,181,181,193,204,204,218,245,275,275,275],"floor_reached":25,"playtime":851,"items_purged":["Doubt"],"score":243,"play_id":"d5572590-749a-4f98-bbca-db5f9f4035df","local_time":"20190717002951","is_ascension_mode":true,"campfire_choices":[{"data":"Beam Cell","floor":6,"key":"SMITH"},{"floor":8,"key":"RECALL"},{"data":"Sweeping Beam","floor":10,"key":"SMITH"},{"floor":15,"key":"REST"},{"floor":24,"key":"REST"}],"neow_cost":"CURSE","seed_source_timestamp":453570637638460,"circlet_count":0,"master_deck":["Strike_B","Strike_B","Strike_B","Defend_B","Defend_B+1","Defend_B","Defend_B","Beam Cell+1","Sweeping Beam+1","Flash of Steel","FTL","Go for the Eyes","Steam+1","Core Surge","Gash","Gash","Gash","Core Surge"],"relics":["Cracked Core","The Courier","Regal Pillow","Oddly Smooth Stone","Empty Cage","War Paint","Lantern"],"potions_floor_usage":[19,23,25],"damage_taken":[{"damage":3,"enemies":"Small Slimes","floor":1,"turns":2},{"damage":6,"enemies":"2 Louse","floor":4,"turns":2},{"damage":9,"enemies":"Jaw Worm","floor":5,"turns":3},{"damage":20,"enemies":"3 Sentries","floor":12,"turns":7},{"damage":12,"enemies":"Exordium Wildlife","floor":13,"turns":2},{"damage":0,"enemies":"Lots of Slimes","floor":14,"turns":1},{"damage":37,"enemies":"Slime Boss","floor":16,"turns":8},{"damage":8,"enemies":"Shell Parasite","floor":18,"turns":3},{"damage":3,"enemies":"3 Byrds","floor":19,"turns":4},{"damage":31,"enemies":"Snake Plant","floor":21,"turns":6},{"damage":25,"enemies":"Slavers","floor":23,"turns":4},{"damage":65,"enemies":"Gremlin Leader","floor":25,"turns":4}],"seed_played":"9130150329849896889","potions_obtained":[{"floor":1,"key":"Strength Potion"},{"floor":13,"key":"Dexterity Potion"},{"floor":14,"key":"GamblersBrew"},{"floor":21,"key":"FocusPotion"}],"is_trial":false,"path_per_floor":["M","?","?","M","M","R","?","R","T","R","$","E","M","M","R","B",null,"M","M","?","M","T","E","R","E"],"character_chosen":"DEFECT","items_purchased":["Flash of Steel","Regal Pillow"],"campfire_rested":2,"item_purchase_floors":[11,11],"current_hp_per_floor":[86,86,86,80,71,71,64,64,64,64,64,44,32,32,73,36,89,81,78,78,47,47,22,63,0],"gold":275,"neow_bonus":"TWENTY_PERCENT_HP_BONUS","is_prod":false,"is_daily":false,"chose_seed":false,"campfire_upgraded":2,"win_rate":0,"timestamp":1563337791,"path_taken":["M","?","?","M","M","R","?","R","T","R","$","E","M","M","R","BOSS","M","M","?","?","?","E","R","E"],"build_version":"2019-07-05","purchased_purges":1,"victory":false,"max_hp_per_floor":[89,89,89,89,89,89,89,89,89,89,89,89,89,89,89,89,89,89,89,89,89,89,89,89,89],"card_choices":[{"not_picked":["Conserve Battery","Heatsinks"],"picked":"Beam Cell","floor":1},{"not_picked":["Redo","Stack"],"picked":"Sweeping Beam","floor":4},{"not_picked":["Ball Lightning","Recycle","Stack"],"picked":"SKIP","floor":5},{"not_picked":["Rebound","Static Discharge"],"picked":"FTL","floor":12},{"not_picked":["Steam Power","Conserve Battery"],"picked":"Go for the Eyes","floor":13},{"not_picked":["Tempest","Defragment"],"picked":"Steam","floor":14},{"not_picked":["Thunder Strike","Fission"],"picked":"Core Surge","floor":16},{"not_picked":["Compile Driver+1","Conserve Battery"],"picked":"Gash","floor":18},{"not_picked":["Chaos+1","FTL"],"picked":"Gash","floor":19},{"not_picked":["Blizzard","Force Field+1"],"picked":"Core Surge","floor":21},{"not_picked":["Darkness+1","Coolheaded","Loop"],"picked":"SKIP","floor":23}],"player_experience":187755,"relics_obtained":[{"floor":9,"key":"The Courier"},{"floor":12,"key":"Oddly Smooth Stone"},{"floor":22,"key":"War Paint"},{"floor":23,"key":"Lantern"}],"event_choices":[{"damage_healed":0,"gold_gain":175,"player_choice":"AGREE","damage_taken":0,"max_hp_gain":0,"max_hp_loss":0,"event_name":"Liars Game","floor":2,"gold_loss":0,"cards_obtained":["Doubt"]},{"cards_removed":["Pain"],"damage_healed":0,"gold_gain":0,"player_choice":"Card Removal","damage_taken":0,"max_hp_gain":0,"max_hp_loss":0,"event_name":"The Cleric","floor":3,"gold_loss":50},{"cards_removed":["Strike_B"],"damage_healed":0,"gold_gain":0,"player_choice":"Card Removal","damage_taken":7,"max_hp_gain":0,"max_hp_loss":0,"event_name":"Golden Wing","floor":7,"gold_loss":0},{"damage_healed":0,"gold_gain":0,"player_choice":"Copied","damage_taken":0,"max_hp_gain":0,"max_hp_loss":0,"event_name":"Duplicator","floor":20,"gold_loss":0,"cards_obtained":["Gash"]}],"is_beta":false,"boss_relics":[{"not_picked":["Cursed Key","Orrery"],"picked":"Empty Cage"}],"items_purged_floors":[11],"is_endless":false,"potions_floor_spawned":[1,13,14,21],"killed_by":"Gremlin Leader","ascension_level":2}