{"gold_per_floor":[119,119,119,131,144,144,179,179,232,246,263,263,290,310,310,411,411,429,443,353,366,376,376,556,335,381,381,381,381,434,449,449,547,547,567,585,597,997,1008,1008,1027,1027,1027,290,290,308,323,339,339,339],"floor_reached":51,"playtime":3817,"items_purged":["Inflame","Cleave"],"score":713,"play_id":"8c65ae9a-4cec-499d-bf06-4e9763252b76","local_time":"20190722010321","daily_mods":["SealedDeck"],"is_ascension_mode":false,"campfire_choices":[{"data":"Heavy Blade","floor":6,"key":"SMITH"},{"data":"Heavy Blade","floor":8,"key":"SMITH"},{"data":"Armaments","floor":12,"key":"SMITH"},{"data":"Armaments","floor":15,"key":"SMITH"},{"data":"Barricade","floor":23,"key":"SMITH"},{"data":"Limit Break","floor":28,"key":"SMITH"},{"data":"Second Wind","floor":32,"key":"SMITH"},{"data":"Body Slam","floor":40,"key":"SMITH"},{"data":"Impervious","floor":45,"key":"SMITH"},{"floor":49,"key":"REST"}],"neow_cost":"","seed_source_timestamp":359926097601340,"circlet_count":0,"master_deck":["Pommel Strike","Iron Wave","Armaments+1","Flex+1","Shrug It Off","Ghostly Armor","Heavy Blade+1","Inflame","Heavy Blade+1","Armaments+1","Body Slam+1","Warcry","Power Through","Barricade+1","Parasite","Parasite","Body Slam+1","Second Wind+1","Limit Break+1","Impervious+1","Shrug It Off+1","Metallicize","Feel No Pain+1","Impervious","True Grit+1"],"relics":["Burning Blood","PreservedInsect","Bronze Scales","Centennial Puzzle","Calling Bell","Blood Vial","Kunai","Du-Vu Doll","Ancient Tea Set","Self Forming Clay","Bag of Marbles","Snecko Eye","Old Coin","The Courier","Pear","Happy Flower","Anchor","Regal Pillow"],"potions_floor_usage":[18,21,33,36,36,39,39,50],"damage_taken":[{"damage":0,"enemies":"2 Louse","floor":1,"turns":2},{"damage":5,"enemies":"Small Slimes","floor":4,"turns":2},{"damage":6,"enemies":"Cultist","floor":5,"turns":3},{"damage":6,"enemies":"Gremlin Nob","floor":7,"turns":3},{"damage":9,"enemies":"Blue Slaver","floor":10,"turns":2},{"damage":4,"enemies":"Exordium Thugs","floor":11,"turns":3},{"damage":8,"enemies":"Lagavulin","floor":13,"turns":5},{"damage":0,"enemies":"2 Fungi Beasts","floor":14,"turns":2},{"damage":11,"enemies":"Slime Boss","floor":16,"turns":7},{"damage":10,"enemies":"3 Byrds","floor":18,"turns":3},{"damage":5,"enemies":"Spheric Guardian","floor":19,"turns":3},{"damage":9,"enemies":"Snake Plant","floor":21,"turns":3},{"damage":13,"enemies":"Snecko","floor":22,"turns":4},{"damage":12,"enemies":"Centurion and Healer","floor":31,"turns":3},{"damage":30,"enemies":"Automaton","floor":33,"turns":6},{"damage":1,"enemies":"3 Shapes","floor":35,"turns":3},{"damage":8,"enemies":"3 Darklings","floor":36,"turns":6},{"damage":3,"enemies":"Writhing Mass","floor":37,"turns":5},{"damage":0,"enemies":"Mind Bloom Boss Battle","floor":38,"turns":6},{"damage":8,"enemies":"Transient","floor":39,"turns":5},{"damage":0,"enemies":"Maw","floor":41,"turns":7},{"damage":0,"enemies":"4 Shapes","floor":46,"turns":4},{"damage":0,"enemies":"3 Darklings","floor":47,"turns":7},{"damage":30,"enemies":"Transient","floor":48,"turns":5},{"damage":0,"enemies":"Donu and Deca","floor":50,"turns":7}],"seed_played":"-6023781168205502464","potions_obtained":[{"floor":1,"key":"Weak Potion"},{"floor":4,"key":"SpeedPotion"},{"floor":5,"key":"Swift Potion"},{"floor":14,"key":"EssenceOfSteel"},{"floor":16,"key":"Block Potion"},{"floor":19,"key":"EssenceOfSteel"},{"floor":22,"key":"LiquidBronze"},{"floor":35,"key":"Weak Potion"},{"floor":36,"key":"EssenceOfSteel"},{"floor":38,"key":"Block Potion"}],"is_trial":true,"path_per_floor":["M","?","$","M","M","R","E","R","T","M","M","R","E","M","R","B",null,"M","M","?","M","M","R","?","$","T","?","R","?","T","M","R","B",null,"M","M","M","?","M","R","M","?","T","$","R","M","M","M","R","B",null],"character_chosen":"IRONCLAD","items_purchased":["Limit Break","Pear","Happy Flower","Anchor","BloodPotion","Regal Pillow","Dexterity Potion"],"campfire_rested":1,"item_purchase_floors":[25,44,44,44,44,44,44],"current_hp_per_floor":[80,80,80,80,80,80,80,80,80,77,79,79,77,80,80,75,80,76,79,79,77,72,72,48,48,48,74,74,74,74,70,70,48,80,80,78,80,80,78,78,80,80,80,90,90,90,90,66,90,90],"gold":339,"neow_bonus":"","is_prod":false,"is_daily":false,"chose_seed":false,"campfire_upgraded":9,"win_rate":0,"timestamp":1563782601,"path_taken":["M","?","$","M","M","R","E","R","T","M","M","R","E","M","R","BOSS","M","M","?","M","?","R","?","?","T","?","R","?","?","M","R","BOSS","M","?","M","?","M","R","M","?","T","$","R","?","M","M","R","BOSS"],"build_version":"2019-07-05","purchased_purges":2,"victory":true,"max_hp_per_floor":[80,80,80,80,80,80,80,80,80,80,80,80,80,80,80,80,80,80,80,80,80,80,80,80,80,80,80,80,80,80,80,80,80,80,80,80,80,80,80,80,80,80,80,90,90,90,90,90,90,90],"card_choices":[{"not_picked":["Infernal Blade","Anger"],"picked":"Heavy Blade","floor":1},{"not_picked":["Pommel Strike","Evolve","Metallicize"],"picked":"SKIP","floor":4},{"not_picked":["Sever Soul","Rampage"],"picked":"Armaments","floor":5},{"not_picked":["Heavy Blade","Armaments","Sword Boomerang"],"picked":"SKIP","floor":7},{"not_picked":["Wild Strike","Pommel Strike","Armaments"],"picked":"SKIP","floor":10},{"not_picked":["Rage","Iron Wave"],"picked":"Body Slam","floor":11},{"not_picked":["Pommel Strike","Feel No Pain"],"picked":"Warcry","floor":13},{"not_picked":["Pommel Strike","Rage"],"picked":"Power Through","floor":14},{"not_picked":["Double Tap","Immolate"],"picked":"Barricade","floor":16},{"not_picked":["Cleave","Anger","Clash"],"picked":"SKIP","floor":18},{"not_picked":["Dark Embrace","Blood for Blood","Sword Boomerang+1"],"picked":"SKIP","floor":19},{"not_picked":["Inflame","Pummel+1"],"picked":"Body Slam+1","floor":21},{"not_picked":["Cleave","Clothesline"],"picked":"Second Wind","floor":22},{"not_picked":["Corruption+1","Power Through","Cleave"],"picked":"SKIP","floor":31},{"not_picked":["Feed","Immolate"],"picked":"Impervious","floor":33},{"not_picked":["Havoc+1","Evolve","Perfected Strike+1"],"picked":"SKIP","floor":35},{"not_picked":["Pummel+1","Havoc+1"],"picked":"Shrug It Off+1","floor":36},{"not_picked":["Shrug It Off","Flex+1"],"picked":"Metallicize","floor":37},{"not_picked":["Sentinel","Flex","Fire Breathing+1"],"picked":"SKIP","floor":39},{"not_picked":["Fiend Fire","True Grit+1"],"picked":"Feel No Pain+1","floor":41},{"not_picked":["Dual Wield","Headbutt+1","Infernal Blade"],"picked":"SKIP","floor":46},{"not_picked":["Cleave+1","Intimidate"],"picked":"True Grit+1","floor":47},{"not_picked":["Dropkick+1","Rupture","Infernal Blade"],"picked":"SKIP","floor":48}],"player_experience":100446,"relics_obtained":[{"floor":7,"key":"PreservedInsect"},{"floor":9,"key":"Bronze Scales"},{"floor":13,"key":"Centennial Puzzle"},{"floor":17,"key":"Blood Vial"},{"floor":17,"key":"Kunai"},{"floor":17,"key":"Du-Vu Doll"},{"floor":26,"key":"Ancient Tea Set"},{"floor":30,"key":"Bag of Marbles"},{"floor":38,"key":"Old Coin"},{"floor":43,"key":"The Courier"}],"event_choices":[{"damage_healed":0,"gold_gain":0,"player_choice":"Leave","damage_taken":0,"max_hp_gain":0,"max_hp_loss":0,"event_name":"The Cleric","floor":2,"gold_loss":0},{"cards_removed":["Decay"],"damage_healed":0,"gold_gain":0,"player_choice":"Upgrade and Remove","damage_taken":0,"max_hp_gain":0,"max_hp_loss":0,"event_name":"Designer","floor":20,"gold_loss":90,"cards_upgraded":["Flex"]},{"damage_healed":0,"gold_gain":180,"player_choice":"GOLD GOLD ","damage_taken":24,"max_hp_gain":0,"max_hp_loss":0,"event_name":"Knowing Skull","floor":24,"potions_obtained":[],"gold_loss":0,"cards_obtained":[]},{"damage_healed":26,"gold_gain":0,"player_choice":"Heal","damage_taken":0,"max_hp_gain":0,"max_hp_loss":0,"event_name":"The Library","floor":27,"gold_loss":0},{"damage_healed":0,"gold_gain":0,"player_choice":"Opened","damage_taken":0,"relics_obtained":["Self Forming Clay"],"max_hp_gain":0,"max_hp_loss":0,"event_name":"The Mausoleum","floor":29,"gold_loss":0},{"damage_healed":0,"gold_gain":0,"player_choice":"Fight","damage_taken":0,"max_hp_gain":0,"max_hp_loss":0,"event_name":"MindBloom","floor":38,"gold_loss":0},{"damage_healed":0,"gold_gain":0,"player_choice":"Copied","damage_taken":0,"max_hp_gain":0,"max_hp_loss":0,"event_name":"Duplicator","floor":42,"gold_loss":0,"cards_obtained":["Impervious"]}],"is_beta":false,"boss_relics":[{"not_picked":["Lizard Tail","Astrolabe"],"picked":"Calling Bell"},{"not_picked":["Velvet Choker","Mark of Pain"],"picked":"Snecko Eye"}],"items_purged_floors":[25,44],"is_endless":false,"potions_floor_spawned":[1,4,5,14,16,19,22,35,36,38,46],"ascension_level":0}