{"path_per_floor":["M","$","?","?","M","E","?","M","T","R","E","R","$","E","R","B",null,"M","?","?","?","M","R","M","R","T","M"],"character_chosen":"THE_SILENT","items_purchased":["Noxious Fumes","Acrobatics"],"gold_per_floor":[110,35,35,35,55,89,89,102,155,155,186,186,3,46,46,140,140,158,158,158,158,172,172,191,191,217,237,237],"floor_reached":28,"campfire_rested":3,"playtime":1296,"current_hp_per_floor":[59,59,43,36,36,36,23,23,23,57,34,66,66,53,53,39,59,46,46,30,30,19,53,24,24,24,14,0],"items_purged":["Strike_G","Strike_G"],"gold":237,"score":440,"play_id":"0cdbad86-4244-4523-9376-9a97e609d560","local_time":"20180401131120","is_prod":false,"is_daily":false,"is_ascension_mode":true,"campfire_upgraded":1,"timestamp":1522581080,"path_taken":["M","$","?","?","M","E","?","M","T","R","E","R","$","E","R","BOSS","M","?","?","?","?","R","?","R","T","M","M"],"build_version":"2018-03-29v2","purchased_purges":2,"victory":false,"master_deck":["Defend_G","Defend_G+1","Defend_G","Defend_G","Strike_G","Strike_G","Strike_G","Survivor","Neutralize+1","AscendersBane","Deflect","Dagger Throw","Slice","PiercingWail","Noxious Fumes+1","Acrobatics","Tools of the Trade","Backflip","Acrobatics","Concentrate"],"max_hp_per_floor":[66,66,66,66,66,66,66,66,66,66,66,66,66,66,66,66,66,66,66,66,66,66,66,66,66,66,66,66],"relics":["Ring of the Snake","NeowsBlessing","Golden Idol","Regal Pillow","Bag of Marbles","Letter Opener","Shovel","Ancient Tea Set","The Specimen","Enchiridion","Omamori"],"card_choices":[{"not_picked":["Poisoned Stab","Cloak And Dagger"],"picked":"Deflect","floor":5.0},{"not_picked":["Tactician","Deadly Poison"],"picked":"Dagger Throw","floor":6.0},{"not_picked":["Cloak And Dagger","Bane"],"picked":"Slice","floor":8.0},{"not_picked":["Dagger Throw","Quick Slash"],"picked":"PiercingWail","floor":11.0},{"not_picked":["Unload","Wraith Form"],"picked":"Tools of the Trade","floor":16.0},{"not_picked":["Slice","Flying Knee"],"picked":"Backflip","floor":18.0},{"not_picked":["Sucker Punch","Outmaneuver"],"picked":"Concentrate","floor":24.0}],"player_experience":494250,"potions_floor_usage":[],"damage_taken":[{"damage":0.0,"enemies":"Small Slimes","floor":1.0,"turns":1.0},{"damage":0.0,"enemies":"Jaw Worm","floor":5.0,"turns":1.0},{"damage":0.0,"enemies":"3 Sentries","floor":6.0,"turns":1.0},{"damage":0.0,"enemies":"2 Louse","floor":8.0,"turns":3.0},{"damage":23.0,"enemies":"Lagavulin","floor":11.0,"turns":7.0},{"damage":13.0,"enemies":"3 Sentries","floor":14.0,"turns":7.0},{"damage":14.0,"enemies":"The Guardian","floor":16.0,"turns":14.0},{"damage":13.0,"enemies":"3 Byrds","floor":18.0,"turns":5.0},{"damage":11.0,"enemies":"Spheric Guardian","floor":22.0,"turns":6.0},{"damage":41.0,"enemies":"Snecko","floor":24.0,"turns":8.0},{"damage":22.0,"enemies":"Centurion and Healer","floor":27.0,"turns":7.0},{"damage":15,"enemies":"Snake Plant","floor":28,"turns":2}],"event_choices":[{"event_name":"Golden Idol","player_choice":"Take Damage","floor":3.0,"damage_taken":0.0},{"event_name":"Golden Wing","player_choice":"Card Removal","floor":4.0,"damage_taken":0.0},{"event_name":"Shining Light","player_choice":"Entered Light","floor":7.0,"damage_taken":0.0},{"event_name":"Match and Keep!","player_choice":"1 cards matched","floor":19.0,"damage_taken":0.0},{"event_name":"Cursed Tome","player_choice":"Obtained Book","floor":20.0,"damage_taken":0.0},{"event_name":"Vampires","player_choice":"Ignored","floor":21.0,"damage_taken":0.0}],"boss_relics":[],"potions_floor_spawned":[5,11,14,22,24],"seed_played":"-439940570845349398","killed_by":"Snake Plant","ascension_level":14,"is_trial":false}