{"gold_per_floor":[11,11,11,28,44,44,44,44,68,93,18,49,49,75,87,170,182,210,222,4,4,4,4,30,43,43,72,82,114,114,129,129,207,207,222,53,153,164,182,182,194,194,194,206,240,240,240,257,257,257],"floor_reached":51,"playtime":2158,"items_purged":["Strike_B","Bite"],"score":1352,"play_id":"e956cfbc-180f-4831-92cc-c4bfc138e2cf","local_time":"20190112085849","is_ascension_mode":true,"campfire_choices":[{"data":"Zap","floor":6.0,"key":"SMITH"},{"data":"Enlightenment","floor":8.0,"key":"SMITH"},{"data":"Dualcast","floor":15.0,"key":"SMITH"},{"data":"Darkness","floor":23.0,"key":"SMITH"},{"data":"Amplify","floor":32.0,"key":"SMITH"},{"data":"Fusion","floor":40.0,"key":"SMITH"},{"data":"Glacier","floor":42.0,"key":"SMITH"},{"data":"Bite","floor":49,"key":"SMITH"}],"neow_cost":"NO_GOLD","seed_source_timestamp":427988111334481,"circlet_count":0,"master_deck":["AscendersBane","Defend_B","Defend_B","Defend_B","Zap+1","Dualcast+1","Electrodynamics","Enlightenment+1","Chill","Ball Lightning","Sweeping Beam","Buffer+1","Compile Driver","Amplify+1","Static Discharge+1","Glacier+1","Genetic Algorithm","Redo+1","Darkness+1","BootSequence","Loop+1","Bite","Bite","Bite+1","Coolheaded+1","Conserve Battery","Buffer+1","Defragment+1","Fusion+1","Recycle+1","Amplify"],"special_seed":0,"relics":["Cracked Core","Potion Belt","Frozen Egg 2","MawBank","Orrery","PreservedInsect","Thread and Needle","Turnip","Strawberry","Bag of Preparation","Sozu","Bird Faced Urn","Dodecahedron","Letter Opener"],"potions_floor_usage":[],"damage_taken":[{"damage":8.0,"enemies":"2 Louse","floor":1.0,"turns":2.0},{"damage":5.0,"enemies":"Small Slimes","floor":4.0,"turns":2.0},{"damage":0.0,"enemies":"Cultist","floor":5.0,"turns":3.0},{"damage":20.0,"enemies":"Lagavulin","floor":10.0,"turns":5.0},{"damage":18.0,"enemies":"Gremlin Nob","floor":12.0,"turns":4.0},{"damage":0.0,"enemies":"Slime Boss","floor":16.0,"turns":8.0},{"damage":14.0,"enemies":"Shell Parasite","floor":18.0,"turns":8.0},{"damage":39.0,"enemies":"Gremlin Leader","floor":24.0,"turns":5.0},{"damage":0.0,"enemies":"3 Byrds","floor":25.0,"turns":3.0},{"damage":14.0,"enemies":"Book of Stabbing","floor":27.0,"turns":4.0},{"damage":7.0,"enemies":"Snecko","floor":28.0,"turns":7.0},{"damage":2.0,"enemies":"Gremlin Leader","floor":29.0,"turns":7.0},{"damage":2.0,"enemies":"3 Cultists","floor":31.0,"turns":3.0},{"damage":48.0,"enemies":"Champ","floor":33.0,"turns":14.0},{"damage":0.0,"enemies":"Orb Walker","floor":35.0,"turns":4.0},{"damage":0.0,"enemies":"Mind Bloom Boss Battle","floor":37.0,"turns":6.0},{"damage":9.0,"enemies":"3 Darklings","floor":38.0,"turns":4.0},{"damage":0.0,"enemies":"Spire Growth","floor":39.0,"turns":5.0},{"damage":0.0,"enemies":"Sphere and 2 Shapes","floor":41.0,"turns":7.0},{"damage":0,"enemies":"3 Darklings","floor":44,"turns":6},{"damage":0,"enemies":"Nemesis","floor":45,"turns":7},{"damage":18,"enemies":"Jaw Worm Horde","floor":48,"turns":6},{"damage":78,"enemies":"Time Eater","floor":50,"turns":12}],"seed_played":"4587726382012838986","potions_obtained":[{"floor":10.0,"key":"Block Potion"},{"floor":12.0,"key":"Regen Potion"},{"floor":18.0,"key":"SteroidPotion"},{"floor":24.0,"key":"Block Potion"},{"floor":28.0,"key":"Fire Potion"}],"is_trial":false,"path_per_floor":["M","?","?","M","M","R","$","R","T","E","$","E","?","T","R","B",null,"M","?","$","?","?","R","E","M","T","E","M","E","?","M","R","B",null,"M","$","?","M","M","R","M","R","T","M","E","?","?","M","R","B",null],"character_chosen":"DEFECT","items_purchased":["Loop+1","PreservedInsect","Defragment+1"],"campfire_rested":0,"item_purchase_floors":[20,20,36],"current_hp_per_floor":[56,56,56,51,51,51,51,51,51,31,31,13,18,18,18,20,62,50,50,50,36,36,36,7,13,13,10,34,44,44,46,46,22,72,78,78,86,85,88,88,88,88,88,88,88,88,88,84,84,20],"gold":257,"neow_bonus":"THREE_RARE_CARDS","is_prod":false,"is_daily":false,"chose_seed":false,"campfire_upgraded":8,"win_rate":0,"timestamp":1547279929,"path_taken":["M","?","?","?","M","R","?","R","T","E","$","E","?","?","R","BOSS","M","?","$","?","?","R","E","?","T","E","M","E","?","M","R","BOSS","M","$","?","M","M","R","M","R","T","M","E","?","?","M","R","BOSS"],"build_version":"2019-01-10","purchased_purges":2,"victory":true,"max_hp_per_floor":[71,71,71,71,71,71,71,71,71,71,71,71,76,76,76,76,76,76,76,76,81,81,81,81,81,81,88,88,88,88,88,88,88,88,88,88,88,88,88,88,88,88,88,88,88,88,88,88,88,88],"card_choices":[{"not_picked":["Fission","Reboot"],"picked":"Electrodynamics","floor":0.0},{"not_picked":["Rebound","Beam Cell","Steam Power"],"picked":"SKIP","floor":1.0},{"not_picked":["Rebound","Cold Snap"],"picked":"Sweeping Beam","floor":4.0},{"not_picked":["Barrage","Hologram","Doom and Gloom"],"picked":"SKIP","floor":5.0},{"not_picked":["Double Energy","Stack"],"picked":"Buffer","floor":10.0},{"not_picked":["Stack","Steam"],"picked":"Compile Driver","floor":12.0},{"not_picked":["Fission","Thunder Strike"],"picked":"Amplify","floor":16.0},{"not_picked":["Auto Shields","Stack"],"picked":"Static Discharge+1","floor":17.0},{"not_picked":["Rebound","Consume"],"picked":"Glacier","floor":17.0},{"not_picked":["Gash","Go for the Eyes"],"picked":"Genetic Algorithm","floor":17.0},{"not_picked":["Rebound","Steam"],"picked":"Redo+1","floor":18.0},{"not_picked":["Sweeping Beam","Cold Snap","Melter"],"picked":"SKIP","floor":24.0},{"not_picked":["Barrage","BootSequence","Leap"],"picked":"SKIP","floor":25.0},{"not_picked":["Fusion","Chaos"],"picked":"Coolheaded+1","floor":27.0},{"not_picked":["Stack","Ball Lightning","Gash"],"picked":"SKIP","floor":28.0},{"not_picked":["FTL","BootSequence"],"picked":"Conserve Battery","floor":29.0},{"not_picked":["Lockon","Redo","All For One"],"picked":"SKIP","floor":31.0},{"not_picked":["All For One","Amplify"],"picked":"Buffer+1","floor":33.0},{"not_picked":["Recycle","Redo","Glacier"],"picked":"SKIP","floor":35.0},{"not_picked":["Steam Power","Streamline"],"picked":"Fusion","floor":37.0},{"not_picked":["Lockon","Streamline+1"],"picked":"Recycle+1","floor":38.0},{"not_picked":["Ball Lightning+1","Barrage","Redo+1"],"picked":"SKIP","floor":39.0},{"not_picked":["Melter","Conserve Battery","Static Discharge+1"],"picked":"SKIP","floor":41.0},{"not_picked":["Rebound","Redo+1"],"picked":"Amplify","floor":44},{"not_picked":["Lockon","Melter","Turbo"],"picked":"SKIP","floor":45},{"not_picked":["Ball Lightning","Steam","Hologram"],"picked":"SKIP","floor":48}],"player_experience":705441,"relics_obtained":[{"floor":9.0,"key":"Potion Belt"},{"floor":10.0,"key":"Frozen Egg 2"},{"floor":12.0,"key":"Blood Vial"},{"floor":14.0,"key":"MawBank"},{"floor":24.0,"key":"Thread and Needle"},{"floor":26.0,"key":"Turnip"},{"floor":27.0,"key":"Strawberry"},{"floor":29.0,"key":"Bag of Preparation"},{"floor":37.0,"key":"Bird Faced Urn"},{"floor":43.0,"key":"Dodecahedron"},{"floor":45,"key":"Letter Opener"}],"event_choices":[{"damage_healed":0.0,"max_hp_gain":0.0,"max_hp_loss":0.0,"gold_gain":0.0,"event_name":"The Cleric","player_choice":"Leave","floor":2.0,"gold_loss":0.0,"damage_taken":0.0},{"damage_healed":0.0,"max_hp_gain":0.0,"max_hp_loss":0.0,"gold_gain":0.0,"event_name":"Match and Keep!","player_choice":"3 cards matched","floor":3.0,"gold_loss":0.0,"damage_taken":0.0,"cards_obtained":["Enlightenment","Chill","Ball Lightning"]},{"damage_healed":0.0,"max_hp_gain":0.0,"max_hp_loss":0.0,"gold_gain":0.0,"event_name":"Match and Keep!","player_choice":"3 cards matched","floor":3.0,"gold_loss":0.0,"damage_taken":0.0,"cards_obtained":["Enlightenment","Chill","Ball Lightning"]},{"damage_healed":0.0,"max_hp_gain":0.0,"max_hp_loss":0.0,"gold_gain":0.0,"event_name":"Match and Keep!","player_choice":"3 cards matched","floor":3.0,"gold_loss":0.0,"damage_taken":0.0,"cards_obtained":["Enlightenment","Chill","Ball Lightning"]},{"damage_healed":0.0,"max_hp_gain":5.0,"max_hp_loss":0.0,"gold_gain":0.0,"event_name":"Big Fish","player_choice":"Donut","floor":13.0,"gold_loss":0.0,"damage_taken":0.0},{"damage_healed":0.0,"max_hp_gain":0.0,"max_hp_loss":0.0,"gold_gain":0.0,"cards_transformed":["Strike_B","Defend_B"],"event_name":"Drug Dealer","player_choice":"Became Test Subject","floor":19.0,"gold_loss":0.0,"damage_taken":0.0,"cards_obtained":["Darkness","BootSequence"]},{"damage_healed":0.0,"max_hp_gain":5.0,"max_hp_loss":0.0,"gold_gain":0.0,"event_name":"Forgotten Altar","player_choice":"Shed Blood","floor":21.0,"gold_loss":0.0,"damage_taken":19.0},{"damage_healed":0.0,"max_hp_gain":0.0,"max_hp_loss":0.0,"gold_gain":0.0,"event_name":"Vampires","player_choice":"Became a vampire (Vial)","floor":22.0,"relics_lost":["Blood Vial"],"gold_loss":0.0,"damage_taken":0.0,"cards_obtained":["Bite","Bite","Bite","Bite","Bite"]},{"damage_healed":0.0,"max_hp_gain":0.0,"max_hp_loss":0.0,"gold_gain":0.0,"event_name":"The Woman in Blue","player_choice":"Bought 0 Potions","floor":30.0,"gold_loss":0.0,"damage_taken":0.0},{"damage_healed":0.0,"max_hp_gain":0.0,"max_hp_loss":0.0,"gold_gain":0.0,"event_name":"MindBloom","player_choice":"Fight","floor":37.0,"gold_loss":0.0,"damage_taken":0.0},{"damage_healed":0,"gold_gain":0,"player_choice":"Ignored","damage_taken":0,"max_hp_gain":0,"max_hp_loss":0,"event_name":"Tomb of Lord Red Mask","floor":46,"gold_loss":0},{"cards_removed":["Bite"],"damage_healed":0,"gold_gain":0,"player_choice":"Removed Attack","damage_taken":0,"max_hp_gain":0,"max_hp_loss":0,"event_name":"Falling","floor":47,"gold_loss":0}],"is_beta":false,"boss_relics":[{"not_picked":["Pandora\u0027s Box","Nuclear Battery"],"picked":"Orrery"},{"not_picked":["Cursed Key","Inserter"],"picked":"Sozu"}],"items_purged_floors":[11,36],"is_endless":false,"potions_floor_spawned":[10,12,18,24,28,35,37,41,44],"ascension_level":14}