{"gold_per_floor":[116,116,133,153,153,153,181,181,207,207,207,87,37,70,70,172,172,187,201,201,218,237,237,187,187,212,212,232,308,308,323,323,424,424,434,305,322,333,349,349,349],"floor_reached":41,"playtime":3765,"items_purged":["Strike_R","Strike_R","Strike_R","Defend_R"],"score":581,"play_id":"c604554e-c2e9-45b3-b0ea-4dc01b9dce31","local_time":"20190724054130","is_ascension_mode":true,"campfire_choices":[{"data":"Bash","floor":6.0,"key":"SMITH"},{"floor":10.0,"key":"REST"},{"floor":15.0,"key":"REST"},{"data":"Offering","floor":23.0,"key":"SMITH"},{"data":"Shockwave","floor":27.0,"key":"SMITH"},{"floor":30.0,"key":"REST"},{"data":"Flame Barrier","floor":32.0,"key":"SMITH"},{"floor":40,"key":"REST"}],"neow_cost":"NONE","seed_source_timestamp":1131318039993300,"circlet_count":0,"master_deck":["Strike_R","Defend_R","Defend_R","Bash+1","Dark Embrace","Shockwave+1","Shrug It Off+1","Forethought","True Grit+1","Twin Strike","Flame Barrier+1","Whirlwind+1","Clothesline+1","Offering","Inflame","Bloodletting+1","Offering+1","True Grit+1","Spot Weakness","Sentinel+1","Impervious","Seeing Red","Shrug It Off+1"],"special_seed":0,"relics":["Burning Blood","NeowsBlessing","Smiling Mask","Happy Flower","Molten Egg 2","Bronze Scales","Sozu","Anchor","Mummified Hand","Philosopher\u0027s Stone"],"potions_floor_usage":[],"damage_taken":[{"damage":0.0,"enemies":"Jaw Worm","floor":1.0,"turns":1.0},{"damage":0.0,"enemies":"Cultist","floor":3.0,"turns":1.0},{"damage":0.0,"enemies":"Small Slimes","floor":4.0,"turns":2.0},{"damage":45.0,"enemies":"3 Sentries","floor":7.0,"turns":10.0},{"damage":19.0,"enemies":"Gremlin Nob","floor":14.0,"turns":4.0},{"damage":26.0,"enemies":"Slime Boss","floor":16.0,"turns":11.0},{"damage":0.0,"enemies":"Chosen","floor":18.0,"turns":3.0},{"damage":0.0,"enemies":"3 Byrds","floor":19.0,"turns":3.0},{"damage":22.0,"enemies":"Snake Plant","floor":21.0,"turns":3.0},{"damage":13.0,"enemies":"Shelled Parasite and Fungi","floor":22.0,"turns":2.0},{"damage":13.0,"enemies":"Snecko","floor":28.0,"turns":5.0},{"damage":12.0,"enemies":"Cultist and Chosen","floor":31.0,"turns":5.0},{"damage":32.0,"enemies":"Collector","floor":33.0,"turns":5.0},{"damage":9.0,"enemies":"3 Darklings","floor":35.0,"turns":1.0},{"damage":13.0,"enemies":"3 Shapes","floor":37.0,"turns":2.0},{"damage":23.0,"enemies":"Writhing Mass","floor":38.0,"turns":4.0},{"damage":36,"enemies":"4 Shapes","floor":39,"turns":1},{"damage":47,"enemies":"Transient","floor":41,"turns":4}],"seed_played":"6208147183605269688","potions_obtained":[{"floor":14.0,"key":"Energy Potion"},{"floor":16.0,"key":"Ancient Potion"}],"is_trial":false,"path_per_floor":["M","?","M","M","?","R","E","?","T","R","T","$","$","E","R","B",null,"M","M","?","M","M","R","$","?","T","R","M","T","R","M","R","B",null,"M","$","M","M","M","R","M"],"character_chosen":"IRONCLAD","items_purchased":["Whirlwind+1","Seeing Red"],"campfire_rested":4,"item_purchase_floors":[12,36],"current_hp_per_floor":[78,78,80,80,64,64,25,18,18,42,42,42,42,29,53,33,68,74,80,80,64,57,57,57,57,57,57,50,50,74,68,68,42,71,68,68,61,44,14,38,0],"gold":349,"neow_bonus":"THREE_ENEMY_KILL","is_prod":false,"is_daily":false,"chose_seed":false,"campfire_upgraded":4,"win_rate":0,"timestamp":1563972090,"path_taken":["M","?","M","?","?","R","E","?","T","R","?","?","$","E","R","BOSS","M","M","?","M","?","R","$","?","T","R","M","?","R","M","R","BOSS","M","$","M","M","M","R","M"],"build_version":"2019-07-18","purchased_purges":4,"victory":false,"max_hp_per_floor":[80,80,80,80,80,80,80,80,80,80,80,80,80,80,80,80,80,80,80,80,80,80,80,80,80,80,80,80,80,80,80,80,80,80,80,80,80,80,80,80,80],"card_choices":[{"not_picked":["Flex","Wild Strike","Havoc"],"picked":"SKIP","floor":1.0},{"not_picked":["Power Through","Body Slam"],"picked":"True Grit","floor":3.0},{"not_picked":["Metallicize","Clash"],"picked":"Twin Strike","floor":4.0},{"not_picked":["Havoc","Headbutt"],"picked":"Flame Barrier","floor":7.0},{"not_picked":["Reckless Charge+1","Rupture"],"picked":"Clothesline+1","floor":14.0},{"not_picked":["Juggernaut","Double Tap"],"picked":"Offering","floor":16.0},{"not_picked":["Evolve","Warcry"],"picked":"Inflame","floor":18.0},{"not_picked":["Clothesline+1","Headbutt+1"],"picked":"Bloodletting+1","floor":19.0},{"not_picked":["Body Slam+1","Armaments","Anger+1"],"picked":"SKIP","floor":21.0},{"not_picked":["Pommel Strike+1","Fire Breathing+1"],"picked":"True Grit+1","floor":22.0},{"not_picked":["Bludgeon+1","Dual Wield"],"picked":"Spot Weakness","floor":28.0},{"not_picked":["Havoc","Twin Strike+1"],"picked":"Sentinel+1","floor":31.0},{"not_picked":["Fiend Fire+1","Exhume"],"picked":"Impervious","floor":33.0},{"not_picked":["Hemokinesis+1","Heavy Blade+1","True Grit+1"],"picked":"SKIP","floor":35.0},{"not_picked":["Anger+1","Heavy Blade+1","Fiend Fire+1"],"picked":"SKIP","floor":37.0},{"not_picked":["Cleave+1","Intimidate"],"picked":"Shrug It Off+1","floor":38.0},{"not_picked":["Warcry","Pummel+1","Burning Pact+1"],"picked":"SKIP","floor":39}],"player_experience":169844,"relics_obtained":[{"floor":7.0,"key":"Smiling Mask"},{"floor":9.0,"key":"Happy Flower"},{"floor":11.0,"key":"Molten Egg 2"},{"floor":14.0,"key":"Bronze Scales"},{"floor":26.0,"key":"Anchor"},{"floor":29.0,"key":"Mummified Hand"}],"event_choices":[{"damage_healed":0.0,"max_hp_gain":0.0,"max_hp_loss":0.0,"gold_gain":0.0,"event_name":"Match and Keep!","player_choice":"4 cards matched","floor":2.0,"gold_loss":0.0,"damage_taken":0.0,"cards_obtained":["Dark Embrace","Shockwave","Shrug It Off","Forethought"]},{"damage_healed":0.0,"max_hp_gain":0.0,"max_hp_loss":0.0,"gold_gain":0.0,"event_name":"Shining Light","player_choice":"Entered Light","floor":5.0,"gold_loss":0.0,"damage_taken":16.0,"cards_upgraded":["True Grit","Shrug It Off"]},{"cards_removed":["Strike_R"],"damage_healed":0.0,"max_hp_gain":0.0,"max_hp_loss":0.0,"gold_gain":0.0,"event_name":"Golden Wing","player_choice":"Card Removal","floor":8.0,"gold_loss":0.0,"damage_taken":7.0},{"damage_healed":0.0,"max_hp_gain":0.0,"max_hp_loss":0.0,"gold_gain":0.0,"event_name":"Match and Keep!","player_choice":"1 cards matched","floor":20.0,"gold_loss":0.0,"damage_taken":0.0,"cards_obtained":["Offering"]},{"cards_removed":["Defend_R"],"damage_healed":0.0,"max_hp_gain":0.0,"max_hp_loss":0.0,"gold_gain":0.0,"event_name":"Back to Basics","player_choice":"Elegance","floor":25.0,"gold_loss":0.0,"damage_taken":0.0}],"is_beta":true,"boss_relics":[{"not_picked":["Calling Bell","Mark of Pain"],"picked":"Sozu"},{"not_picked":["Orrery","Coffee Dripper"],"picked":"Philosopher\u0027s Stone"}],"items_purged_floors":[12,13,24,36],"is_endless":false,"potions_floor_spawned":[14,16,21,22,28,33,35,38,39],"killed_by":"Transient","ascension_level":9}