{"gold_per_floor":[112,32,32,43,61,61,94,94,94,94,107,120,45,74,74,148,148,130,130,145,155,82,110,130,130,154,184,200,229,229,245,245,317,317,331,344,359,359,371,371,396,396,475,490,536,562,562,578,578,578],"floor_reached":51,"playtime":3439,"items_purged":["Strike_R"],"score":1501,"play_id":"296c33e2-7ca7-41d7-85a7-065668f5c9cf","local_time":"20180811013542","is_ascension_mode":true,"campfire_choices":[{"data":"Body Slam","floor":6.0,"key":"SMITH"},{"data":"Inflame","floor":8.0,"key":"SMITH"},{"floor":10.0,"key":"REST"},{"floor":15.0,"key":"REST"},{"data":"Corruption","floor":25.0,"key":"SMITH"},{"floor":30.0,"key":"REST"},{"data":"Warcry","floor":32.0,"key":"SMITH"},{"data":"Iron Wave","floor":40.0,"key":"SMITH"},{"data":"Dark Embrace","floor":42.0,"key":"SMITH"},{"data":"Impervious","floor":49.0,"key":"SMITH"}],"neow_cost":"NONE","seed_source_timestamp":563703447696560,"circlet_count":0,"master_deck":["Strike_R","Strike_R","Strike_R","Strike_R","Defend_R","Defend_R","Defend_R","Defend_R","Bash+1","AscendersBane","Body Slam+1","Ghostly Armor","Inflame+1","Iron Wave+1","Warcry+1","Spot Weakness","Impervious+1","Shrug It Off","RitualDagger","Sentinel+1","Corruption+1","Flex","Seeing Red+1","Warcry+1","Shrug It Off","Reaper","Dark Embrace+1"],"special_seed":0,"relics":["Burning Blood","Dead Branch","Champion Belt","Regal Pillow","Sozu","Strawberry","Bag of Preparation","The Courier","Black Star","Juzu Bracelet","Lantern","Molten Egg 2","Du-Vu Doll","Omamori","Bag of Marbles","Mango"],"potions_floor_usage":[],"damage_taken":[{"damage":6.0,"enemies":"Jaw Worm","floor":1.0,"turns":4.0},{"damage":8.0,"enemies":"Small Slimes","floor":4.0,"turns":5.0},{"damage":11.0,"enemies":"Cultist","floor":5.0,"turns":4.0},{"damage":30.0,"enemies":"3 Sentries","floor":7.0,"turns":10.0},{"damage":32.0,"enemies":"Large Slime","floor":11.0,"turns":8.0},{"damage":3.0,"enemies":"Exordium Wildlife","floor":12.0,"turns":4.0},{"damage":13.0,"enemies":"Gremlin Nob","floor":14.0,"turns":4.0},{"damage":36.0,"enemies":"Hexaghost","floor":16.0,"turns":9.0},{"damage":10.0,"enemies":"2 Thieves","floor":18.0,"turns":4.0},{"damage":15.0,"enemies":"Chosen","floor":20.0,"turns":5.0},{"damage":15.0,"enemies":"Snecko","floor":21.0,"turns":5.0},{"damage":6.0,"enemies":"Book of Stabbing","floor":23.0,"turns":4.0},{"damage":6.0,"enemies":"Snake Plant","floor":24.0,"turns":3.0},{"damage":19.0,"enemies":"Gremlin Leader","floor":27.0,"turns":4.0},{"damage":24.0,"enemies":"Chosen and Byrds","floor":28.0,"turns":5.0},{"damage":0.0,"enemies":"Slavers","floor":29.0,"turns":2.0},{"damage":9.0,"enemies":"3 Cultists","floor":31.0,"turns":4.0},{"damage":2.0,"enemies":"Collector","floor":33.0,"turns":3.0},{"damage":14.0,"enemies":"3 Darklings","floor":35.0,"turns":4.0},{"damage":0.0,"enemies":"3 Shapes","floor":36.0,"turns":4.0},{"damage":24.0,"enemies":"3 Darklings","floor":37.0,"turns":6.0},{"damage":14.0,"enemies":"4 Shapes","floor":39.0,"turns":4.0},{"damage":26.0,"enemies":"Nemesis","floor":41.0,"turns":5.0},{"damage":0.0,"enemies":"Flame Bruiser 2 Orb","floor":44.0,"turns":4.0},{"damage":20.0,"floor":45.0,"turns":3.0},{"damage":0.0,"enemies":"Giant Head","floor":46.0,"turns":1.0},{"damage":0.0,"floor":47.0,"turns":3.0},{"damage":0.0,"enemies":"Transient","floor":48.0,"turns":5.0},{"damage":61,"enemies":"Awakened One","floor":50,"turns":11}],"seed_played":"2639087945130935573","potions_obtained":[{"floor":5.0,"key":"Weak Potion"},{"floor":7.0,"key":"Block Potion"},{"floor":14.0,"key":"SteroidPotion"}],"is_trial":false,"path_per_floor":["M","$","?","M","M","R","E","R","T","R","M","M","$","E","R","B",null,"M","?","M","M","$","E","M","R","T","E","M","E","R","M","R","B",null,"M","M","M","?","M","R","E","R","T","M","?","E","?","M","R","B"],"character_chosen":"IRONCLAD","items_purchased":["Ghostly Armor","Corruption"],"campfire_rested":3,"item_purchase_floors":[2,22],"current_hp_per_floor":[68,68,68,66,61,61,37,37,37,59,38,41,41,34,71,41,67,63,57,48,39,39,39,39,39,46,33,15,21,60,60,60,64,80,80,85,85,85,77,77,57,57,57,80,85,85,99,99,99,53],"gold":578,"neow_bonus":"UPGRADE_CARD","is_prod":false,"is_daily":false,"chose_seed":false,"campfire_upgraded":7,"win_rate":0,"timestamp":1533944142,"path_taken":["M","$","?","?","M","R","E","R","T","R","M","M","$","E","R","BOSS","M","?","?","?","$","E","M","R","T","E","M","E","R","M","R","BOSS","M","M","M","?","M","R","E","R","T","M","?","E","?","M","R","BOSS"],"build_version":"2018-08-09","purchased_purges":1,"victory":true,"max_hp_per_floor":[75,75,75,75,75,75,75,75,75,75,75,75,75,75,75,75,75,75,75,75,75,75,75,75,75,82,82,82,82,82,85,85,85,85,85,85,85,85,85,85,85,85,85,85,85,85,99,99,99,99],"card_choices":[{"not_picked":["Sword Boomerang","True Grit"],"picked":"Body Slam","floor":1.0},{"not_picked":["Thunderclap","Dual Wield"],"picked":"Inflame","floor":4.0},{"not_picked":["Twin Strike","Sword Boomerang"],"picked":"Iron Wave","floor":5.0},{"not_picked":["Havoc","Iron Wave","Juggernaut"],"picked":"SKIP","floor":7.0},{"not_picked":["Clothesline","Body Slam"],"picked":"Warcry","floor":11.0},{"not_picked":["Heavy Blade","Hemokinesis","Shockwave"],"picked":"SKIP","floor":12.0},{"not_picked":["Sentinel","Body Slam"],"picked":"Spot Weakness","floor":14.0},{"not_picked":["Exhume","Barricade"],"picked":"Impervious","floor":16.0},{"not_picked":["Dual Wield+1","Iron Wave"],"picked":"Shrug It Off","floor":18.0},{"not_picked":["Iron Wave","Wild Strike+1","Havoc"],"picked":"SKIP","floor":20.0},{"not_picked":["Dropkick","Shockwave"],"picked":"Sentinel+1","floor":21.0},{"not_picked":["Clash","Sword Boomerang"],"picked":"Flex","floor":23.0},{"not_picked":["Metallicize","Armaments"],"picked":"Seeing Red+1","floor":24.0},{"not_picked":["Reckless Charge","Havoc","Clothesline"],"picked":"SKIP","floor":27.0},{"not_picked":["Anger","Infernal Blade"],"picked":"Warcry+1","floor":28.0},{"not_picked":["Sever Soul","Immolate"],"picked":"Shrug It Off","floor":29.0},{"not_picked":["Headbutt","Thunderclap","Havoc+1"],"picked":"SKIP","floor":31.0},{"not_picked":["Feed","Bludgeon"],"picked":"Reaper","floor":33.0},{"not_picked":["Flex","Pommel Strike","Sword Boomerang"],"picked":"SKIP","floor":35.0},{"not_picked":["Flex","Pommel Strike","Sword Boomerang"],"picked":"SKIP","floor":35.0},{"not_picked":["Wild Strike","Cleave+1","Headbutt"],"picked":"SKIP","floor":36.0},{"not_picked":["Pommel Strike","Fire Breathing","Armaments"],"picked":"SKIP","floor":37.0},{"not_picked":["Thunderclap+1","Anger","Perfected Strike+1"],"picked":"SKIP","floor":39.0},{"not_picked":["Blood for Blood","Wild Strike"],"picked":"Dark Embrace","floor":41.0},{"not_picked":["Anger+1","Flex","Body Slam+1"],"picked":"SKIP","floor":44.0},{"not_picked":["Spot Weakness","Berserk","Power Through"],"picked":"SKIP","floor":46.0},{"not_picked":["Shrug It Off","Sword Boomerang+1","Carnage+1"],"picked":"SKIP","floor":48.0}],"player_experience":615974,"relics_obtained":[{"floor":7.0,"key":"Dead Branch"},{"floor":9.0,"key":"Champion Belt"},{"floor":14.0,"key":"Regal Pillow"},{"floor":26.0,"key":"Strawberry"},{"floor":27.0,"key":"Bag of Preparation"},{"floor":29.0,"key":"The Courier"},{"floor":41.0,"key":"Juzu Bracelet"},{"floor":41.0,"key":"Lantern"},{"floor":43.0,"key":"Molten Egg 2"},{"floor":45.0,"key":"Du-Vu Doll"},{"floor":46.0,"key":"Omamori"},{"floor":46.0,"key":"Bag of Marbles"},{"floor":47.0,"key":"Mango"}],"event_choices":[{"event_name":"The Cleric","player_choice":"Leave","floor":3.0,"damage_taken":0.0},{"event_name":"Nest","player_choice":"Joined the Cult","floor":19.0,"damage_taken":0.0},{"event_name":"SensoryStone","player_choice":"Memory 1","floor":38.0,"damage_taken":0.0},{"event_name":"Mysterious Sphere","player_choice":"Fight","floor":45.0,"damage_taken":0.0},{"event_name":"MindBloom","player_choice":"Fight","floor":47.0,"damage_taken":0.0}],"is_beta":false,"boss_relics":[{"not_picked":["Coffee Dripper","Runic Pyramid"],"picked":"Sozu"},{"not_picked":["Snecko Eye","Runic Cube"],"picked":"Black Star"}],"items_purged_floors":[13],"is_endless":false,"potions_floor_spawned":[5,7,12,14,18,20,28,31,33,36,37,41,44,46],"ascension_level":15}