{"gold_per_floor":[109,109,123,38,55,55,73,106,106,106,17,17,17,30,30,107,107,80,96,21,41,41,41,57,57,80,80,80,100,100,116,116,187,187,203,42,42,52,52,52,82,100,123,123,142,142,142,7,7,7],"floor_reached":51,"playtime":2205,"items_purged":[],"score":1265,"play_id":"cf54e0dc-6b1c-408d-9aed-108f6b88a137","local_time":"20190215190847","is_ascension_mode":true,"campfire_choices":[{"data":"Neutralize","floor":6.0,"key":"SMITH"},{"data":"Deadly Poison","floor":12.0,"key":"SMITH"},{"data":"Burst","floor":15.0,"key":"SMITH"},{"data":"Acrobatics","floor":23.0,"key":"SMITH"},{"data":"After Image","floor":25.0,"key":"SMITH"},{"data":"Leg Sweep","floor":27.0,"key":"SMITH"},{"data":"Catalyst","floor":32.0,"key":"SMITH"},{"data":"Noxious Fumes","floor":40,"key":"SMITH"},{"data":"Cloak And Dagger","floor":44,"key":"SMITH"},{"data":"Footwork","floor":46,"key":"SMITH"},{"data":"Catalyst","floor":49,"key":"SMITH"}],"neow_cost":"NONE","seed_source_timestamp":922585450650980,"circlet_count":0,"master_deck":["AscendersBane","Defend_G","Defend_G","Defend_G+1","Defend_G","Survivor","Neutralize+1","Infinite Blades","Leg Sweep+1","Footwork+1","Deadly Poison+1","After Image+1","Burst+1","Adrenaline+1","Backflip","Acrobatics+1","Acrobatics+1","Catalyst+1","Cloak And Dagger+1","Noxious Fumes+1","Die Die Die","After Image+1","Heel Hook+1","Dodge and Roll+1","Deadly Poison+1","Catalyst+1","Backflip"],"special_seed":0,"relics":["Ring of the Snake","Vajra","Bag of Preparation","Bag of Marbles","Pantograph","Coffee Dripper","Ancient Tea Set","Mummified Hand","Astrolabe","War Paint","Singing Bowl","PreservedInsect"],"potions_floor_usage":[],"damage_taken":[{"damage":0.0,"enemies":"Small Slimes","floor":1.0,"turns":4.0},{"damage":0.0,"enemies":"Jaw Worm","floor":3.0,"turns":5.0},{"damage":0.0,"enemies":"2 Louse","floor":5.0,"turns":5.0},{"damage":6.0,"enemies":"Gremlin Gang","floor":7.0,"turns":7.0},{"damage":20.0,"enemies":"3 Sentries","floor":8.0,"turns":7.0},{"damage":1.0,"enemies":"Blue Slaver","floor":14.0,"turns":5.0},{"damage":9.0,"enemies":"The Guardian","floor":16.0,"turns":10.0},{"damage":5.0,"enemies":"2 Thieves","floor":18.0,"turns":5.0},{"damage":1.0,"enemies":"3 Byrds","floor":19.0,"turns":5.0},{"damage":17.0,"enemies":"Snecko","floor":21.0,"turns":6.0},{"damage":5.0,"enemies":"Centurion and Healer","floor":24.0,"turns":7.0},{"damage":0.0,"enemies":"Shelled Parasite and Fungi","floor":29.0,"turns":3.0},{"damage":2.0,"enemies":"Snake Plant","floor":31.0,"turns":3.0},{"damage":52.0,"enemies":"Collector","floor":33.0,"turns":9.0},{"damage":0.0,"enemies":"Orb Walker","floor":35.0,"turns":3.0},{"damage":0,"enemies":"3 Shapes","floor":38,"turns":4},{"damage":0,"enemies":"Nemesis","floor":41,"turns":3},{"damage":0,"enemies":"3 Darklings","floor":42,"turns":4},{"damage":0,"enemies":"Maw","floor":45,"turns":3},{"damage":8,"enemies":"Donu and Deca","floor":50,"turns":5}],"seed_played":"-5363153005991561872","potions_obtained":[{"floor":1.0,"key":"EssenceOfSteel"},{"floor":5.0,"key":"Dexterity Potion"},{"floor":7.0,"key":"AttackPotion"},{"floor":14.0,"key":"GhostInAJar"},{"floor":38,"key":"Weak Potion"},{"floor":42,"key":"Explosive Potion"}],"is_trial":false,"path_per_floor":["M","?","M","$","M","R","M","E","T","?","$","R","?","M","R","B",null,"M","M","?","M","?","R","M","R","T","R","?","M","T","M","R","B",null,"M","$","?","M","?","R","E","M","T","R","M","R","?","$","R","B",null],"character_chosen":"THE_SILENT","items_purchased":["Footwork","After Image","War Paint","Catalyst","Backflip"],"campfire_rested":0,"item_purchase_floors":[4,11,36,48,48],"current_hp_per_floor":[59,59,59,59,59,59,53,33,33,28,28,28,33,32,32,48,65,60,59,59,42,42,42,37,37,37,37,37,37,37,35,35,8,55,55,55,71,71,67,67,69,71,71,71,73,73,75,75,75,67],"gold":7,"neow_bonus":"RANDOM_COMMON_RELIC","is_prod":false,"is_daily":false,"chose_seed":false,"campfire_upgraded":11,"win_rate":0,"timestamp":1550254127,"path_taken":["M","?","M","$","M","R","M","E","T","?","$","R","?","M","R","BOSS","M","M","?","M","?","R","?","R","T","R","?","M","?","M","R","BOSS","M","$","?","?","?","R","E","M","T","R","M","R","?","$","R","BOSS"],"build_version":"2019-01-23","purchased_purges":0,"victory":true,"max_hp_per_floor":[66,66,66,66,66,66,66,66,66,66,66,66,71,71,71,71,71,71,71,71,71,71,71,71,71,71,71,71,71,71,71,71,71,71,71,71,71,71,67,67,69,71,71,71,73,73,75,75,75,75],"card_choices":[{"not_picked":["Well Laid Plans","Poisoned Stab"],"picked":"Infinite Blades","floor":1.0},{"not_picked":["Dagger Spray","Prepared"],"picked":"Leg Sweep","floor":3.0},{"not_picked":["Dodge and Roll","All Out Attack"],"picked":"Heel Hook","floor":5.0},{"not_picked":["Riddle With Holes","Underhanded Strike","Prepared"],"picked":"SKIP","floor":7.0},{"not_picked":["Flying Knee","Slice"],"picked":"Deadly Poison","floor":8.0},{"not_picked":["Deflect","Crippling Poison"],"picked":"Burst","floor":14.0},{"not_picked":["Phantasmal Killer","Envenom"],"picked":"Adrenaline","floor":16.0},{"not_picked":["Cloak And Dagger","Dagger Throw"],"picked":"Backflip","floor":18.0},{"not_picked":["Deflect","Escape Plan"],"picked":"Acrobatics","floor":19.0},{"not_picked":["Burst","Quick Slash","Acrobatics"],"picked":"SKIP","floor":21.0},{"not_picked":["Quick Slash","Masterful Stab+1"],"picked":"Acrobatics+1","floor":24.0},{"not_picked":["Bane","Skewer"],"picked":"Cloak And Dagger","floor":29.0},{"not_picked":["Escape Plan","Dagger Spray"],"picked":"Noxious Fumes","floor":31.0},{"not_picked":["Phantasmal Killer","Wraith Form v2"],"picked":"Die Die Die","floor":33.0},{"not_picked":["Terror+1","Predator","Dodge and Roll+1"],"picked":"SKIP","floor":35.0},{"not_picked":["Dagger Throw","Distraction+1"],"picked":"Deadly Poison+1","floor":38},{"not_picked":["Deadly Poison","Predator","Caltrops"],"picked":"Singing Bowl","floor":41},{"not_picked":["Finisher","Deadly Poison","Dodge and Roll"],"picked":"Singing Bowl","floor":42},{"not_picked":["Concentrate","Dagger Spray","Predator"],"picked":"Singing Bowl","floor":45},{"not_picked":["Panacea","Secret Technique","Flash of Steel"],"picked":"Singing Bowl","floor":47}],"player_experience":802165,"relics_obtained":[{"floor":8.0,"key":"Bag of Preparation"},{"floor":9.0,"key":"Bag of Marbles"},{"floor":26.0,"key":"Ancient Tea Set"},{"floor":30.0,"key":"Mummified Hand"},{"floor":41,"key":"Singing Bowl"},{"floor":43,"key":"PreservedInsect"}],"event_choices":[{"cards_removed":["Strike_G"],"damage_healed":0.0,"max_hp_gain":0.0,"max_hp_loss":0.0,"gold_gain":0.0,"event_name":"Living Wall","player_choice":"Forget","floor":2.0,"gold_loss":0.0,"damage_taken":0.0},{"damage_healed":0.0,"max_hp_gain":0.0,"max_hp_loss":0.0,"gold_gain":0.0,"event_name":"Scrap Ooze","player_choice":"Success","floor":10.0,"gold_loss":0.0,"damage_taken":5.0,"relics_obtained":["Pantograph"]},{"damage_healed":0.0,"max_hp_gain":5.0,"max_hp_loss":0.0,"gold_gain":0.0,"event_name":"Big Fish","player_choice":"Donut","floor":13.0,"gold_loss":0.0,"damage_taken":0.0},{"cards_removed":["Strike_G"],"damage_healed":0.0,"max_hp_gain":0.0,"max_hp_loss":0.0,"gold_gain":0.0,"event_name":"Beggar","player_choice":"Gave Gold","floor":20.0,"gold_loss":75.0,"damage_taken":0.0},{"cards_removed":["Strike_G"],"damage_healed":0.0,"max_hp_gain":0.0,"max_hp_loss":0.0,"gold_gain":0.0,"event_name":"Purifier","player_choice":"Purged","floor":22.0,"gold_loss":0.0,"damage_taken":0.0},{"damage_healed":0.0,"max_hp_gain":0.0,"max_hp_loss":0.0,"gold_gain":0.0,"event_name":"The Library","player_choice":"Read","floor":28.0,"gold_loss":0.0,"damage_taken":0.0,"cards_obtained":["Catalyst"]},{"cards_removed":["Heel Hook"],"damage_healed":16,"gold_gain":0,"player_choice":"Offered Uncommon","damage_taken":0,"max_hp_gain":0,"max_hp_loss":0,"event_name":"Bonfire Elementals","floor":37,"gold_loss":0},{"damage_healed":0,"gold_gain":0,"player_choice":"Max HP","damage_taken":0,"max_hp_gain":0,"max_hp_loss":4,"event_name":"Winding Halls","floor":39,"gold_loss":0},{"damage_healed":0,"gold_gain":0,"player_choice":"Memory 1","damage_taken":0,"max_hp_gain":0,"max_hp_loss":0,"event_name":"SensoryStone","floor":47,"gold_loss":0}],"is_beta":false,"boss_relics":[{"not_picked":["Pandora\u0027s Box","Runic Pyramid"],"picked":"Coffee Dripper"},{"not_picked":["Calling Bell","Velvet Choker"],"picked":"Astrolabe"}],"items_purged_floors":[],"is_endless":false,"potions_floor_spawned":[1,5,7,14,18,38,42],"ascension_level":16}