{"gold_per_floor":[369,5,5,5,5,5,24,24,24,44,70,70,100,126,126,126],"floor_reached":16,"playtime":455,"items_purged":[],"score":196,"play_id":"691fd240-6b96-4540-9aeb-96a2be4d65ae","local_time":"20190206114652","is_ascension_mode":true,"campfire_choices":[{"data":"Consume","floor":6,"key":"SMITH"},{"data":"Zap","floor":8,"key":"SMITH"},{"data":"Capacitor","floor":15,"key":"SMITH"}],"neow_cost":"PERCENT_DAMAGE","seed_source_timestamp":396848418547942,"circlet_count":0,"master_deck":["AscendersBane","Strike_B","Strike_B","Strike_B","Strike_B","Defend_B","Defend_B","Defend_B","Defend_B","Zap+1","Dualcast","Consume+1","Capacitor+1","Conserve Battery","Coolheaded","Loop","Compile Driver"],"relics":["Cracked Core","Meat on the Bone","Bag of Preparation","Nunchaku","Letter Opener","Boot","Odd Mushroom"],"potions_floor_usage":[11],"damage_taken":[{"damage":4,"enemies":"Small Slimes","floor":1,"turns":4},{"damage":12,"enemies":"2 Louse","floor":7,"turns":3},{"damage":7,"enemies":"Jaw Worm","floor":10,"turns":3},{"damage":11,"enemies":"3 Sentries","floor":11,"turns":6},{"damage":15,"enemies":"Gremlin Nob","floor":13,"turns":4},{"damage":10,"enemies":"The Mushroom Lair","floor":14,"turns":4},{"damage":52,"enemies":"Slime Boss","floor":16,"turns":7}],"seed_played":"5382106172421429135","potions_obtained":[{"floor":7,"key":"Energy Potion"},{"floor":10,"key":"FocusPotion"},{"floor":11,"key":"LiquidBronze"}],"is_trial":false,"path_per_floor":["M","$","?","$","?","R","M","R","T","M","E","?","E","?","R","B"],"character_chosen":"DEFECT","items_purchased":["Meat on the Bone","Capacitor"],"campfire_rested":0,"item_purchase_floors":[2,2],"current_hp_per_floor":[42,42,47,47,42,42,42,42,42,47,48,48,45,47,47,0],"gold":126,"neow_bonus":"TWO_FIFTY_GOLD","is_prod":false,"is_daily":false,"chose_seed":false,"campfire_upgraded":3,"win_rate":0,"timestamp":1549450012,"path_taken":["M","$","?","$","?","R","M","R","T","M","E","?","E","?","R","BOSS"],"build_version":"2019-01-23","purchased_purges":0,"victory":false,"max_hp_per_floor":[71,71,76,76,76,76,76,76,76,76,76,76,76,76,76,76],"card_choices":[{"not_picked":["Cold Snap","Streamline"],"picked":"Consume","floor":1},{"not_picked":["Genetic Algorithm","Redo"],"picked":"Conserve Battery","floor":7},{"not_picked":["Recycle","Steam"],"picked":"Coolheaded","floor":10},{"not_picked":["Leap","Compile Driver","Redo"],"picked":"SKIP","floor":11},{"not_picked":["Beam Cell","Streamline"],"picked":"Loop","floor":13},{"not_picked":["Hello World","Reinforced Body"],"picked":"Compile Driver","floor":14}],"player_experience":788446,"relics_obtained":[{"floor":9,"key":"Nunchaku"},{"floor":11,"key":"Letter Opener"},{"floor":13,"key":"Boot"},{"floor":14,"key":"Odd Mushroom"}],"event_choices":[{"damage_healed":0,"gold_gain":0,"player_choice":"Donut","damage_taken":0,"max_hp_gain":5,"max_hp_loss":0,"event_name":"Big Fish","floor":3,"gold_loss":0},{"damage_healed":0,"gold_gain":0,"player_choice":"Success","damage_taken":5,"relics_obtained":["Bag of Preparation"],"max_hp_gain":0,"max_hp_loss":0,"event_name":"Scrap Ooze","floor":5,"gold_loss":0},{"damage_healed":0,"gold_gain":0,"player_choice":"Ignored","damage_taken":0,"max_hp_gain":0,"max_hp_loss":0,"event_name":"Golden Idol","floor":12,"gold_loss":0},{"damage_healed":0,"gold_gain":0,"player_choice":"Fought Mushrooms","damage_taken":0,"max_hp_gain":0,"max_hp_loss":0,"event_name":"Mushrooms","floor":14,"gold_loss":0}],"is_beta":false,"boss_relics":[],"items_purged_floors":[],"is_endless":false,"potions_floor_spawned":[7,10,11],"killed_by":"Slime Boss","ascension_level":17}