{"path_per_floor":["M","?","$","M","M","R","M","?","T","M","E","R","E","?","R","B",null,"M","$","?","?","M","R","M","R","T","M","T","M","M","M","R","B",null,"M","M","?","$","M","R","E","R","T","R","M","?"],"character_chosen":"IRONCLAD","items_purchased":["Juzu Bracelet","Offering","Tiny Chest","Trip"],"gold_per_floor":[209,209,64,74,84,84,102,102,102,122,147,147,181,181,181,283,283,298,74,74,74,87,87,101,101,128,144,144,160,174,188,188,286,286,300,312,312,93,111,111,136,136,136,136,154,154],"floor_reached":47,"campfire_rested":5,"playtime":3759,"current_hp_per_floor":[80,73,73,72,78,78,74,74,74,78,60,60,38,38,62,28,82,60,60,44,44,26,52,41,68,75,77,77,32,23,36,66,28,100,100,86,73,73,102,102,62,93,93,93,104,104],"items_purged":["Defend_R"],"gold":154,"score":525,"play_id":"de7473ee-c2a1-4b97-a3a9-f9a70f1b560d","is_prod":false,"is_daily":false,"is_ascension_mode":true,"campfire_upgraded":2,"path_taken":["M","?","$","M","M","R","M","?","T","M","E","R","E","?","R","BOSS","M","$","?","?","M","R","M","R","T","M","?","M","M","M","R","BOSS","M","M","?","$","M","R","E","R","T","R","M","?","E"],"build_version":"2018-02-08-PROD1","purchased_purges":1,"victory":false,"master_deck":["Strike_R","Strike_R","Defend_R","Defend_R","Bash+1","Flame Barrier+1","Seeing Red","Dropkick","Spot Weakness+1","Disarm+1","Limit Break+1","True Grit+1","Offering+1","Shrug It Off+1","Infernal Blade+1","Exhume+1","Reaper","Warcry+1","Madness+1","Madness+1","Trip+1","Shrug It Off+1"],"max_hp_per_floor":[80,80,80,80,80,80,80,80,80,82,82,82,82,82,82,82,82,82,82,87,87,89,89,91,91,98,98,98,98,98,100,100,100,100,100,102,102,102,104,104,104,104,104,104,104,104],"relics":["Burning Blood","Juzu Bracelet","Singing Bowl","Toxic Egg 2","Peace Pipe","Question Card","Strawberry","Art of War","Runic Cube","Tiny Chest","Torii","Ice Cream"],"card_choices":[{"not_picked":["Carnage","Feel No Pain"],"picked":"Flame Barrier"},{"not_picked":["Entrench","Carnage"],"picked":"Seeing Red"},{"not_picked":["Twin Strike","Warcry"],"picked":"Dropkick"},{"not_picked":["Warcry","Twin Strike"],"picked":"Spot Weakness"},{"not_picked":["Cleave","Whirlwind"],"picked":"Disarm"},{"not_picked":["Impervious","Dark Embrace"],"picked":"Limit Break"},{"not_picked":["Dropkick","Sword Boomerang","Perfected Strike"],"picked":"True Grit"},{"not_picked":["Sentinel","Pummel","Thunderclap"],"picked":"Shrug It Off"},{"not_picked":["Whirlwind","Corruption","Inflame"],"picked":"Infernal Blade"},{"not_picked":["True Grit","Body Slam","Second Wind"],"picked":"Exhume"},{"not_picked":["Brutality","Exhume","Berserk"],"picked":"Reaper"},{"not_picked":["Sentinel","Burning Pact","Inflame"],"picked":"Warcry"},{"not_picked":["Corruption","Searing Blow","Warcry"],"picked":"Shrug It Off"},{"not_picked":["Shrug It Off","Reckless Charge","Perfected Strike"],"picked":"Brutality"}],"player_experience":206711,"potions_floor_usage":[7,16,18,27,30,31,31,39,41],"damage_taken":[{"damage":6,"enemies":"Cultist","floor":1,"turns":3},{"damage":7,"enemies":"Jaw Worm","floor":4,"turns":5},{"damage":0,"enemies":"Small Slimes","floor":5,"turns":4},{"damage":10,"enemies":"Gremlin Gang","floor":7,"turns":5},{"damage":4,"enemies":"Large Slime","floor":10,"turns":7},{"damage":24,"enemies":"Gremlin Nob","floor":11,"turns":4},{"damage":28,"enemies":"3 Sentries","floor":13,"turns":7},{"damage":40,"enemies":"Hexaghost","floor":16,"turns":9},{"damage":28,"enemies":"Shell Parasite","floor":18,"turns":6},{"damage":26,"enemies":"2 Thieves","floor":22,"turns":4},{"damage":19,"enemies":"Snake Plant","floor":24,"turns":4},{"damage":4,"enemies":"Chosen and Byrds","floor":27,"turns":3},{"damage":51,"enemies":"Slaver and Parasite","floor":29,"turns":7},{"damage":15,"enemies":"Cultist and Chosen","floor":30,"turns":5},{"damage":4,"enemies":"Snake Plant","floor":31,"turns":4},{"damage":44,"enemies":"Champ","floor":33,"turns":11},{"damage":27,"enemies":"3 Darklings","floor":35,"turns":5},{"damage":22,"enemies":"Orb Walker","floor":36,"turns":4},{"damage":19,"enemies":"3 Darklings","floor":39,"turns":4},{"damage":65,"enemies":"2 Orb Walkers","floor":41,"turns":3},{"damage":20,"enemies":"Sphere and 2 Shapes","floor":45,"turns":4},{"damage":119,"enemies":"Nemesis","floor":47,"turns":15}],"event_choices":[{"event_name":"Golden Wing","player_choice":"Card Removal","floor":2,"damage_taken":0},{"event_name":"The Woman in Blue","player_choice":"Bought 0 Potions","floor":8,"damage_taken":0},{"event_name":"Bonfire Elementals","player_choice":"BASIC","floor":14,"damage_taken":0},{"event_name":"Forgotten Altar","player_choice":"Shed Blood","floor":20,"damage_taken":0},{"event_name":"Drug Dealer","player_choice":"Ignored","floor":21,"damage_taken":0},{"event_name":"Winding Halls","player_choice":"Embrace Madness","floor":37,"damage_taken":0}],"boss_relics":[{"not_picked":["Eternal Feather","Snecko Eye"],"picked":"Question Card"},{"not_picked":["Philosopher\u0027s Stone","Calling Bell"],"picked":"Runic Cube"}],"potions_floor_spawned":[1,11,13,16,24,27,30,33,35],"seed_played":"-7352477783898264059","killed_by":"Nemesis","ascension_level":4,"is_trial":false}