{"gold_per_floor":[109,125,125,125,137,137,147,159,214,229,154,154,183,108,108,184,234,249,249,268,60,0,0,0],"floor_reached":24,"playtime":582,"items_purged":["Strike_R"],"score":343,"play_id":"3b0dbdc8-fb5a-4c64-9ada-c33d76be8a1a","local_time":"20190113221230","is_ascension_mode":true,"campfire_choices":[{"data":"Bash","floor":6.0,"key":"SMITH"},{"data":"Rampage","floor":15.0,"key":"SMITH"},{"data":"Pommel Strike","floor":23,"key":"SMITH"}],"neow_cost":"NONE","seed_source_timestamp":539420534810626,"circlet_count":0,"master_deck":["AscendersBane","Strike_R","Strike_R","Defend_R","Defend_R","Defend_R","Defend_R","Bash+1","Thunderclap","Iron Wave","Rampage+1","Headbutt+1","Impervious","Pommel Strike+1","Headbutt","Dropkick"],"special_seed":0,"relics":["Burning Blood","NeowsBlessing","Ancient Tea Set","Ornamental Fan","Tiny House","Enchiridion","HandDrill"],"potions_floor_usage":[],"damage_taken":[{"damage":0.0,"enemies":"Jaw Worm","floor":1.0,"turns":1.0},{"damage":0.0,"enemies":"2 Louse","floor":2.0,"turns":1.0},{"damage":0.0,"enemies":"Cultist","floor":5.0,"turns":1.0},{"damage":0.0,"enemies":"Large Slime","floor":7.0,"turns":6.0},{"damage":12.0,"enemies":"Looter","floor":8.0,"turns":3.0},{"damage":14.0,"enemies":"Blue Slaver","floor":10.0,"turns":4.0},{"damage":30.0,"enemies":"Lagavulin","floor":13.0,"turns":6.0},{"damage":18.0,"enemies":"Slime Boss","floor":16.0,"turns":8.0},{"damage":31,"enemies":"Shell Parasite","floor":18,"turns":6},{"damage":0,"enemies":"3 Byrds","floor":20,"turns":5},{"damage":31,"enemies":"Book of Stabbing","floor":24,"turns":4}],"seed_played":"703543187296583217","potions_obtained":[{"floor":2.0,"key":"Swift Potion"},{"floor":7.0,"key":"Dexterity Potion"},{"floor":17.0,"key":"SneckoOil"},{"floor":20,"key":"SkillPotion"}],"is_trial":false,"path_per_floor":["M","M","?","?","M","R","M","M","T","M","?","?","E","$","R","B",null,"M","?","M","$","?","R","E"],"character_chosen":"IRONCLAD","items_purchased":["HandDrill"],"campfire_rested":0,"item_purchase_floors":[21],"current_hp_per_floor":[74,75,80,76,80,80,80,74,74,66,66,59,35,35,35,23,71,46,25,31,31,31,31,0],"gold":0,"neow_bonus":"THREE_ENEMY_KILL","is_prod":false,"is_daily":false,"chose_seed":false,"campfire_upgraded":3,"win_rate":0,"timestamp":1547413950,"path_taken":["M","M","?","?","M","R","?","M","T","M","?","?","E","$","R","BOSS","M","?","M","$","?","R","E"],"build_version":"2019-01-10","purchased_purges":1,"victory":false,"max_hp_per_floor":[75,75,80,80,80,80,80,80,80,80,80,80,80,80,80,80,85,85,85,85,85,85,85,85],"card_choices":[{"not_picked":["Clash","Sword Boomerang","Uppercut"],"picked":"SKIP","floor":1.0},{"not_picked":["Heavy Blade","Armaments"],"picked":"Thunderclap","floor":2.0},{"not_picked":["Feel No Pain","Anger"],"picked":"Iron Wave","floor":5.0},{"not_picked":["Clash","Heavy Blade"],"picked":"Rampage","floor":7.0},{"not_picked":["Entrench","Perfected Strike"],"picked":"Headbutt","floor":8.0},{"not_picked":["Clash","Wild Strike","Reckless Charge"],"picked":"SKIP","floor":10.0},{"not_picked":["Rupture","Barricade","Anger"],"picked":"SKIP","floor":13.0},{"not_picked":["Limit Break","Exhume"],"picked":"Impervious","floor":16.0},{"not_picked":["Thunderclap","Second Wind"],"picked":"Pommel Strike","floor":17.0},{"not_picked":["Clash","Disarm"],"picked":"Headbutt","floor":18},{"not_picked":["Burning Pact","Thunderclap"],"picked":"Dropkick","floor":20}],"player_experience":732857,"relics_obtained":[{"floor":9.0,"key":"Ancient Tea Set"},{"floor":13.0,"key":"Ornamental Fan"},{"floor":19,"key":"Enchiridion"}],"event_choices":[{"damage_healed":0.0,"max_hp_gain":5.0,"max_hp_loss":0.0,"gold_gain":0.0,"event_name":"Big Fish","player_choice":"Donut","floor":3.0,"gold_loss":0.0,"damage_taken":0.0},{"damage_healed":0.0,"max_hp_gain":0.0,"max_hp_loss":0.0,"gold_gain":0.0,"event_name":"The Woman in Blue","player_choice":"Bought 0 Potions","floor":4.0,"gold_loss":0.0,"damage_taken":0.0},{"cards_removed":["Strike_R"],"damage_healed":0.0,"max_hp_gain":0.0,"max_hp_loss":0.0,"gold_gain":0.0,"event_name":"The Cleric","player_choice":"Card Removal","floor":11.0,"gold_loss":75.0,"damage_taken":0.0},{"cards_removed":["Strike_R"],"damage_healed":0.0,"max_hp_gain":0.0,"max_hp_loss":0.0,"gold_gain":0.0,"event_name":"Golden Wing","player_choice":"Card Removal","floor":12.0,"gold_loss":0.0,"damage_taken":7.0},{"damage_healed":0,"gold_gain":0,"player_choice":"Obtained Book","damage_taken":21,"max_hp_gain":0,"max_hp_loss":0,"event_name":"Cursed Tome","floor":19,"gold_loss":0},{"damage_healed":0,"gold_gain":0,"player_choice":"Paid Fearfully","damage_taken":0,"max_hp_gain":0,"max_hp_loss":0,"event_name":"Masked Bandits","floor":22,"gold_loss":60}],"is_beta":false,"boss_relics":[{"not_picked":["Runic Cube","Calling Bell"],"picked":"Tiny House"}],"items_purged_floors":[14],"is_endless":false,"potions_floor_spawned":[2,7,13,20],"killed_by":"Book of Stabbing","ascension_level":15}