{"gold_per_floor":[110,110,70,86,36,68,68,97,97,97],"floor_reached":10,"playtime":371,"items_purged":[],"score":78,"play_id":"dc3b98ec-dabd-4399-a37c-b721fc8428b5","local_time":"20190716161715","is_ascension_mode":true,"campfire_choices":[{"floor":7,"key":"REST"}],"neow_cost":"NONE","seed_source_timestamp":424494732543731,"circlet_count":0,"master_deck":["Strike_B","Strike_B","Strike_B","Defend_B+1","Defend_B","Defend_B+1","Defend_B+1","Zap+1","Dualcast","Genetic Algorithm","Genetic Algorithm","Glacier","Buffer"],"relics":["Cracked Core","Shuriken","Regal Pillow","War Paint"],"potions_floor_usage":[6,8],"damage_taken":[{"damage":0,"enemies":"Small Slimes","floor":1,"turns":4},{"damage":0,"enemies":"2 Louse","floor":4,"turns":3},{"damage":61,"enemies":"Gremlin Nob","floor":6,"turns":5},{"damage":7,"enemies":"3 Sentries","floor":8,"turns":13},{"damage":31,"enemies":"Gremlin Nob","floor":10,"turns":5}],"seed_played":"-5283231369876417759","potions_obtained":[{"floor":3,"key":"SmokeBomb"},{"floor":3,"key":"Dexterity Potion"},{"floor":3,"key":"PowerPotion"}],"is_trial":false,"path_per_floor":["M","?","?","M","?","E","R","E","T","E"],"character_chosen":"DEFECT","items_purchased":[],"campfire_rested":1,"item_purchase_floors":[],"current_hp_per_floor":[82,66,66,66,66,5,29,22,22,0],"gold":97,"neow_bonus":"TEN_PERCENT_HP_BONUS","is_prod":false,"is_daily":false,"chose_seed":false,"campfire_upgraded":0,"win_rate":0,"timestamp":1563308235,"path_taken":["M","?","?","?","?","E","R","E","T","E"],"build_version":"2019-07-05","purchased_purges":0,"victory":false,"max_hp_per_floor":[82,82,82,82,82,82,82,82,82,82],"card_choices":[{"not_picked":["Stack","Barrage"],"picked":"Genetic Algorithm","floor":1},{"not_picked":["Compile Driver","Coolheaded"],"picked":"Genetic Algorithm","floor":4},{"not_picked":["Recycle","Self Repair"],"picked":"Glacier","floor":6},{"not_picked":["Compile Driver","Steam"],"picked":"Buffer","floor":8}],"player_experience":160280,"relics_obtained":[{"floor":6,"key":"Shuriken"},{"floor":8,"key":"Regal Pillow"},{"floor":9,"key":"War Paint"}],"event_choices":[{"damage_healed":0,"gold_gain":0,"player_choice":"Entered Light","damage_taken":16,"max_hp_gain":0,"max_hp_loss":0,"event_name":"Shining Light","floor":2,"gold_loss":0,"cards_upgraded":["Zap","Defend_B"]},{"damage_healed":0,"gold_gain":0,"player_choice":"Bought 3 Potions","damage_taken":0,"max_hp_gain":0,"max_hp_loss":0,"event_name":"The Woman in Blue","floor":3,"gold_loss":0},{"cards_removed":["Strike_B"],"damage_healed":0,"gold_gain":0,"player_choice":"Card Removal","damage_taken":0,"max_hp_gain":0,"max_hp_loss":0,"event_name":"The Cleric","floor":5,"gold_loss":50}],"is_beta":false,"boss_relics":[],"items_purged_floors":[],"is_endless":false,"potions_floor_spawned":[4],"killed_by":"Gremlin Nob","ascension_level":1}