{"gold_per_floor":[109,124,3,17,95,95,65,65,65,98,98,48,48,76,76,153,153,169,119,138,138,157,157,157],"floor_reached":24,"playtime":1043,"items_purged":["Decay","Clumsy"],"score":441,"play_id":"695f2f24-1031-4e3d-9bae-0c4aeea2047d","local_time":"20190116223152","is_ascension_mode":true,"campfire_choices":[{"data":"Neutralize","floor":6.0,"key":"SMITH"},{"data":"Footwork","floor":13.0,"key":"SMITH"},{"data":"Blade Dance","floor":15.0,"key":"SMITH"},{"data":"Acrobatics","floor":23,"key":"SMITH"}],"neow_cost":"NONE","seed_source_timestamp":696186611081407,"circlet_count":0,"master_deck":["AscendersBane","Defend_G","Defend_G","Defend_G","Defend_G","Defend_G","Strike_G","Strike_G","Survivor","Neutralize+1","Leg Sweep","Backflip","Footwork+1","Caltrops","Deflect","Dagger Throw","Blade Dance+1","Envenom","Quick Slash+1","Terror+1","Concentrate+1","Acrobatics+1"],"special_seed":0,"relics":["Cursed Key","Blue Candle","Paper Crane","Smiling Mask","Happy Flower","Astrolabe"],"potions_floor_usage":[22,24],"damage_taken":[{"damage":1.0,"enemies":"Cultist","floor":1.0,"turns":5.0},{"damage":0.0,"enemies":"2 Louse","floor":2.0,"turns":4.0},{"damage":2.0,"enemies":"Small Slimes","floor":4.0,"turns":6.0},{"damage":0.0,"enemies":"Looter","floor":7.0,"turns":4.0},{"damage":27.0,"enemies":"Gremlin Nob","floor":10.0,"turns":7.0},{"damage":6.0,"enemies":"3 Sentries","floor":14.0,"turns":12.0},{"damage":0.0,"enemies":"The Guardian","floor":16.0,"turns":17.0},{"damage":7.0,"enemies":"3 Byrds","floor":18.0,"turns":5.0},{"damage":12.0,"enemies":"Shell Parasite","floor":20.0,"turns":5.0},{"damage":6,"enemies":"Snecko","floor":22,"turns":9},{"damage":28,"enemies":"3 Cultists","floor":24,"turns":7}],"seed_played":"-8379778912412516663","potions_obtained":[{"floor":10.0,"key":"Strength Potion"},{"floor":14.0,"key":"Block Potion"},{"floor":16.0,"key":"PowerPotion"}],"is_trial":false,"path_per_floor":["M","M","$","M","T","R","M","?","T","E","?","$","R","E","R","B",null,"M","$","M","?","M","R","M"],"character_chosen":"THE_SILENT","items_purchased":["Backflip","Footwork"],"campfire_rested":0,"item_purchase_floors":[3,3],"current_hp_per_floor":[58,58,58,56,56,56,56,56,56,29,29,29,29,23,23,23,55,48,48,36,36,30,30,2],"gold":157,"neow_bonus":"BOSS_RELIC","is_prod":false,"is_daily":false,"chose_seed":false,"campfire_upgraded":4,"win_rate":0,"timestamp":1547674312,"path_taken":["M","?","?","?","?","R","M","?","T","E","?","$","R","E","R","BOSS","M","$","M","?","?","R","M"],"build_version":"2019-01-10","purchased_purges":2,"victory":false,"max_hp_per_floor":[66,66,66,66,66,66,66,66,66,66,66,66,66,66,66,66,66,66,66,66,66,66,66,66],"card_choices":[{"not_picked":["Acrobatics","Tactician"],"picked":"Leg Sweep","floor":1.0},{"not_picked":["Prepared","Poisoned Stab","Underhanded Strike"],"picked":"SKIP","floor":2.0},{"not_picked":["Underhanded Strike","Prepared"],"picked":"Caltrops","floor":4.0},{"not_picked":["Calculated Gamble","Crippling Poison"],"picked":"Deflect","floor":7.0},{"not_picked":["Quick Slash","PiercingWail"],"picked":"Dagger Throw","floor":10.0},{"not_picked":["Dagger Throw","Concentrate"],"picked":"Blade Dance","floor":14.0},{"not_picked":["Night Terror","Venomology"],"picked":"Envenom","floor":16.0},{"not_picked":["Quick Slash","Outmaneuver","Slice"],"picked":"SKIP","floor":18.0},{"not_picked":["Distraction","Eviscerate","Well Laid Plans"],"picked":"SKIP","floor":20.0},{"not_picked":["Choke","Dash"],"picked":"Acrobatics","floor":22}],"player_experience":759186,"relics_obtained":[{"floor":5.0,"key":"Blue Candle"},{"floor":9.0,"key":"Paper Crane"},{"floor":10.0,"key":"Smiling Mask"},{"floor":14.0,"key":"Happy Flower"}],"event_choices":[{"damage_healed":0.0,"max_hp_gain":0.0,"max_hp_loss":0.0,"gold_gain":0.0,"event_name":"The Cleric","player_choice":"Leave","floor":8.0,"gold_loss":0.0,"damage_taken":0.0},{"damage_healed":0.0,"max_hp_gain":0.0,"max_hp_loss":0.0,"gold_gain":0.0,"event_name":"Liars Game","player_choice":"Ignored","floor":11.0,"gold_loss":0.0,"damage_taken":0.0},{"damage_healed":0,"gold_gain":0,"player_choice":"Leave","damage_taken":0,"max_hp_gain":0,"max_hp_loss":0,"event_name":"FaceTrader","floor":21,"gold_loss":0}],"is_beta":false,"boss_relics":[{"not_picked":["Lizard Tail","Orrery"],"picked":"Astrolabe"}],"items_purged_floors":[12,19],"is_endless":false,"potions_floor_spawned":[10,14,16,20],"killed_by":"3 Cultists","ascension_level":15}