{"gold_per_floor":[115,125,139,159,84,109,109,143,143,143,21,21,31,31],"floor_reached":14,"playtime":499,"items_purged":["Strike_R","Strike_R"],"score":100,"play_id":"27d1894a-6a97-4e34-85b9-7b3b937b5ef6","local_time":"20190319214351","is_ascension_mode":false,"campfire_choices":[{"floor":7,"key":"RECALL"}],"neow_cost":"NONE","seed_source_timestamp":476477510580483,"circlet_count":0,"master_deck":["Strike_R","Strike_R+1","Strike_R","Defend_R","Defend_R","Defend_R+1","Defend_R","Bash","Thunderclap","Armaments","Heavy Blade","Demon Form","Whirlwind","Offering","Parasite","Feel No Pain"],"relics":["Lizard Tail","Question Card","The Courier"],"potions_floor_usage":[6,14,14],"damage_taken":[{"damage":6,"enemies":"Cultist","floor":1,"turns":3},{"damage":19,"enemies":"Jaw Worm","floor":2,"turns":4},{"damage":6,"enemies":"Small Slimes","floor":3,"turns":3},{"damage":21,"enemies":"Exordium Wildlife","floor":4,"turns":4},{"damage":32,"enemies":"3 Sentries","floor":6,"turns":9},{"damage":17,"enemies":"Lagavulin","floor":8,"turns":7},{"damage":6,"enemies":"Large Slime","floor":13,"turns":4},{"damage":25,"enemies":"3 Sentries","floor":14,"turns":2}],"seed_played":"8905053896928508029","potions_obtained":[{"floor":2,"key":"Weak Potion"},{"floor":13,"key":"SteroidPotion"}],"is_trial":false,"path_per_floor":["M","M","M","M","$","E","R","E","T","?","$","?","M","E"],"character_chosen":"IRONCLAD","items_purchased":["PowerPotion"],"campfire_rested":0,"item_purchase_floors":[11],"current_hp_per_floor":[74,55,49,28,28,36,36,19,19,3,3,23,17,0],"gold":31,"neow_bonus":"BOSS_RELIC","is_prod":false,"is_daily":false,"chose_seed":false,"campfire_upgraded":0,"win_rate":0,"timestamp":1553049831,"path_taken":["M","M","?","M","$","E","R","E","T","?","?","?","?","E"],"build_version":"2019-01-23","purchased_purges":2,"victory":false,"max_hp_per_floor":[80,80,80,80,80,80,80,80,80,80,80,80,80,80],"card_choices":[{"not_picked":["Armaments","Clash"],"picked":"Thunderclap","floor":1},{"not_picked":["Ghostly Armor","Evolve"],"picked":"Armaments","floor":2},{"not_picked":["Pommel Strike","Twin Strike"],"picked":"Heavy Blade","floor":3},{"not_picked":["Thunderclap","Warcry"],"picked":"Demon Form","floor":4},{"not_picked":["Thunderclap","Shrug It Off"],"picked":"Whirlwind","floor":6},{"not_picked":["Warcry","Whirlwind","Feel No Pain"],"picked":"Offering","floor":8},{"not_picked":["Carnage","Disarm","Cleave"],"picked":"Feel No Pain","floor":13}],"player_experience":740310,"relics_obtained":[{"floor":6,"key":"Question Card"},{"floor":8,"key":"The Courier"}],"event_choices":[{"damage_healed":0,"gold_gain":0,"player_choice":"Entered Light","damage_taken":16,"max_hp_gain":0,"max_hp_loss":0,"event_name":"Shining Light","floor":10,"gold_loss":0,"cards_upgraded":["Strike_R","Defend_R"]},{"damage_healed":20,"gold_gain":0,"player_choice":"Healed and dodged fight","damage_taken":0,"max_hp_gain":0,"max_hp_loss":0,"event_name":"Mushrooms","floor":12,"gold_loss":0,"cards_obtained":["Parasite"]}],"is_beta":false,"boss_relics":[],"items_purged_floors":[5,11],"is_endless":false,"potions_floor_spawned":[2,13],"killed_by":"3 Sentries","ascension_level":0}