{"gold_per_floor":[110,128,128,139,151,151,161,86,86,86,106,106,56,73,73,170,170,182,182,37,52,52,52,52,52],"floor_reached":25,"playtime":1115,"items_purged":["Strike_B","Strike_B"],"score":299,"play_id":"f533eba9-155c-4989-82dc-39c492aa16a5","local_time":"20180809230001","is_ascension_mode":true,"campfire_choices":[{"data":"Fusion","floor":6.0,"key":"SMITH"},{"data":"Zap","floor":12,"key":"SMITH"},{"data":"Dualcast","floor":15,"key":"SMITH"},{"data":"Coolheaded","floor":23,"key":"SMITH"}],"neow_cost":"NONE","seed_source_timestamp":507290914309810,"circlet_count":0,"master_deck":["Strike_B","Strike_B","Defend_B","Defend_B","Defend_B","Zap+1","Dualcast+1","AscendersBane","Fusion+1","Glacier","Barrage","FTL","Electrodynamics","Loop","Steam","Redo","Loop","Skim","Coolheaded+1","Coolheaded"],"special_seed":0,"relics":["Cracked Core","Incense Burner","Orrery"],"potions_floor_usage":[11,18],"damage_taken":[{"damage":9.0,"enemies":"Small Slimes","floor":1.0,"turns":4.0},{"damage":0.0,"enemies":"2 Louse","floor":2.0,"turns":3.0},{"damage":6.0,"enemies":"Cultist","floor":4.0,"turns":4.0},{"damage":24.0,"enemies":"Gremlin Gang","floor":5.0,"turns":8.0},{"damage":0.0,"enemies":"2 Fungi Beasts","floor":7.0,"turns":4.0},{"damage":16,"enemies":"Exordium Thugs","floor":11,"turns":5},{"damage":0,"enemies":"3 Louse","floor":14,"turns":3},{"damage":29,"enemies":"The Guardian","floor":16,"turns":15},{"damage":1,"enemies":"Spheric Guardian","floor":18,"turns":3},{"damage":12,"enemies":"Shell Parasite","floor":21,"turns":7},{"damage":76,"enemies":"Gremlin Leader","floor":25,"turns":9}],"seed_played":"-3032352737737066443","potions_obtained":[{"floor":1.0,"key":"SpeedPotion"},{"floor":4.0,"key":"Regen Potion"},{"floor":14,"key":"FairyPotion"},{"floor":16,"key":"Fire Potion"},{"floor":21,"key":"Poison Potion"}],"is_trial":false,"path_per_floor":["M","M","?","M","M","R","M","$","T","?","M","R","?","M","R","B",null,"M","?","$","M","?","R","?"],"character_chosen":"DEFECT","items_purchased":["Coolheaded"],"campfire_rested":0,"item_purchase_floors":[20],"current_hp_per_floor":[59,59,64,58,34,34,34,34,34,34,32,32,32,32,32,3,61,60,60,60,48,48,48,48,0],"gold":52,"neow_bonus":"THREE_CARDS","is_prod":false,"is_daily":false,"chose_seed":false,"campfire_upgraded":4,"win_rate":0,"timestamp":1533848401,"path_taken":["M","M","?","?","M","R","M","$","T","?","M","R","?","M","R","BOSS","M","?","$","M","?","R","?","E"],"build_version":"2018-08-02","purchased_purges":2,"victory":false,"max_hp_per_floor":[75,75,80,80,80,80,80,80,80,80,80,80,80,80,80,80,80,80,80,80,80,80,80,80,80],"card_choices":[{"not_picked":["Blizzard","Ball Lightning"],"picked":"Fusion","floor":0.0},{"not_picked":["Undo","Coolheaded"],"picked":"Glacier","floor":1.0},{"not_picked":["Rebound","Sunder","Cold Snap"],"picked":"SKIP","floor":2.0},{"not_picked":["Ball Lightning","Reprogram","Rebound"],"picked":"SKIP","floor":4.0},{"not_picked":["Lockon","Hologram"],"picked":"Barrage","floor":5.0},{"not_picked":["Stack","Genetic Algorithm"],"picked":"FTL","floor":7.0},{"not_picked":["Darkness","Ball Lightning","Rebound"],"picked":"SKIP","floor":11},{"not_picked":["Gash","Rip and Tear","Double Energy"],"picked":"SKIP","floor":14},{"not_picked":["Multi-Cast","Machine Learning"],"picked":"Electrodynamics","floor":16},{"not_picked":["Leap","Genetic Algorithm"],"picked":"Loop","floor":17},{"not_picked":["Undo","Rebound"],"picked":"Steam","floor":17},{"not_picked":["Leap","Amplify"],"picked":"Redo","floor":17},{"not_picked":["Redo","Sweeping Beam"],"picked":"Loop","floor":17},{"not_picked":["Undo","Go for the Eyes"],"picked":"Skim","floor":17},{"not_picked":["Sweeping Beam","Beam Cell","Redo"],"picked":"SKIP","floor":18},{"not_picked":["Hologram+1","Genetic Algorithm+1"],"picked":"Coolheaded","floor":21}],"player_experience":609773,"relics_obtained":[{"floor":9.0,"key":"Incense Burner"}],"event_choices":[{"event_name":"Big Fish","player_choice":"Donut","floor":3.0,"damage_taken":0.0},{"event_name":"Shining Light","player_choice":"Ignored","floor":10.0,"damage_taken":0.0},{"event_name":"The Cleric","player_choice":"Card Removal","floor":13,"damage_taken":0},{"event_name":"Drug Dealer","player_choice":"Ignored","floor":19,"damage_taken":0},{"event_name":"Vampires","player_choice":"Ignored","floor":22,"damage_taken":0},{"event_name":"Ghosts","player_choice":"Ignored","floor":24,"damage_taken":0}],"is_beta":false,"boss_relics":[{"not_picked":["FrozenCore","Coffee Dripper"],"picked":"Orrery"}],"items_purged_floors":[8,20],"is_endless":false,"potions_floor_spawned":[1,4,14,16,21],"killed_by":"Gremlin Leader","ascension_level":11}