{"gold_per_floor":[116,116,41,41,61,95,113,146,146,146,108,108,166,180,180,251,251,263,263,278,178,158,158,158],"floor_reached":24,"playtime":704,"items_purged":["Strike_B","Strike_B"],"score":474,"play_id":"560de0d1-643c-4b1c-a819-254eb646c287","local_time":"20190714142142","is_ascension_mode":true,"campfire_choices":[{"data":"Beam Cell","floor":10,"key":"SMITH"},{"data":"Streamline","floor":12,"key":"SMITH"},{"data":"Coolheaded","floor":15,"key":"SMITH"},{"data":"Dualcast","floor":23,"key":"SMITH"}],"neow_cost":"NONE","seed_source_timestamp":475157007414101,"circlet_count":0,"master_deck":["AscendersBane","Strike_B","Defend_B","Defend_B","Defend_B","Zap","Dualcast+1","Beam Cell+1","Melter","Streamline+1","Sweeping Beam","Glacier","Coolheaded+1","Rip and Tear","Seek"],"relics":["Cracked Core","NeowsBlessing","Darkstone Periapt","Dodecahedron","Tiny Chest","Runic Pyramid"],"potions_floor_usage":[8,13,16],"damage_taken":[{"damage":0,"enemies":"Cultist","floor":1,"turns":1},{"damage":0,"enemies":"2 Louse","floor":5,"turns":1},{"damage":0,"enemies":"3 Sentries","floor":6,"turns":1},{"damage":3,"enemies":"Small Slimes","floor":7,"turns":3},{"damage":20,"enemies":"Lagavulin","floor":8,"turns":5},{"damage":5,"enemies":"3 Sentries","floor":13,"turns":6},{"damage":12,"enemies":"Looter","floor":14,"turns":3},{"damage":6,"enemies":"Slime Boss","floor":16,"turns":8},{"damage":24,"enemies":"Shell Parasite","floor":18,"turns":5},{"damage":9,"enemies":"3 Byrds","floor":20,"turns":6},{"damage":40,"enemies":"Cultist and Chosen","floor":24,"turns":5}],"seed_played":"8877267410744637090","potions_obtained":[{"floor":1,"key":"SteroidPotion"},{"floor":7,"key":"AttackPotion"},{"floor":8,"key":"Block Potion"},{"floor":13,"key":"SteroidPotion"},{"floor":20,"key":"Poison Potion"},{"floor":22,"key":"Explosive Potion"}],"is_trial":false,"path_per_floor":["M","$","$","?","M","E","M","E","T","R","?","R","E","M","R","B",null,"M","?","M","$","?","R","M"],"character_chosen":"DEFECT","items_purchased":[],"campfire_rested":0,"item_purchase_floors":[],"current_hp_per_floor":[64,64,64,64,64,64,61,41,41,41,41,41,36,24,24,18,58,34,34,25,25,25,25,0],"gold":158,"neow_bonus":"THREE_ENEMY_KILL","is_prod":false,"is_daily":false,"chose_seed":false,"campfire_upgraded":4,"win_rate":0,"timestamp":1563081702,"path_taken":["M","?","$","?","M","E","M","E","T","R","?","R","E","M","R","BOSS","M","?","M","?","?","R","?"],"build_version":"2019-07-05","purchased_purges":2,"victory":false,"max_hp_per_floor":[71,71,71,71,71,71,71,71,71,71,71,71,71,71,71,71,71,71,71,71,71,71,71,71],"card_choices":[{"not_picked":["White Noise","Capacitor"],"picked":"Beam Cell","floor":1},{"not_picked":["Compile Driver","Cold Snap"],"picked":"Melter","floor":5},{"not_picked":["Steam Power","Steam"],"picked":"Streamline","floor":6},{"not_picked":["Go for the Eyes","Conserve Battery"],"picked":"Sweeping Beam","floor":7},{"not_picked":["Aggregate","Cold Snap"],"picked":"Glacier","floor":8},{"not_picked":["Multi-Cast","Rebound"],"picked":"Coolheaded","floor":13},{"not_picked":["Redo","Beam Cell"],"picked":"Rip and Tear","floor":14},{"not_picked":["Meteor Strike","All For One"],"picked":"Seek","floor":16},{"not_picked":["Leap","Sweeping Beam","Cold Snap"],"picked":"SKIP","floor":18},{"not_picked":["Leap","Sweeping Beam+1","Lockon+1"],"picked":"SKIP","floor":20}],"player_experience":986881,"relics_obtained":[{"floor":6,"key":"Darkstone Periapt"},{"floor":8,"key":"Dodecahedron"},{"floor":13,"key":"Tiny Chest"}],"event_choices":[{"cards_removed":["Defend_B"],"damage_healed":0,"gold_gain":0,"player_choice":"Forget","damage_taken":0,"max_hp_gain":0,"max_hp_loss":0,"event_name":"Living Wall","floor":4,"gold_loss":0},{"damage_healed":0,"gold_gain":0,"player_choice":"Left Gold","damage_taken":0,"max_hp_gain":0,"max_hp_loss":0,"event_name":"World of Goop","floor":11,"gold_loss":38},{"cards_removed":["Strike_B"],"damage_healed":0,"gold_gain":0,"player_choice":"Purged","damage_taken":0,"max_hp_gain":0,"max_hp_loss":0,"event_name":"Purifier","floor":19,"gold_loss":0},{"damage_healed":0,"gold_gain":0,"player_choice":"Bought 1 Potion","damage_taken":0,"max_hp_gain":0,"max_hp_loss":0,"event_name":"The Woman in Blue","floor":22,"gold_loss":0}],"is_beta":false,"boss_relics":[{"not_picked":["Tiny House","Coffee Dripper"],"picked":"Runic Pyramid"}],"items_purged_floors":[3,21],"is_endless":false,"potions_floor_spawned":[1,7,8,13,20],"killed_by":"Cultist and Chosen","ascension_level":20}