{"gold_per_floor":[111,123,123,143,143,143,34,34,34,63,81,108,189,85,85,162,162,174,14,31,50,69,69,69],"floor_reached":24,"playtime":761,"items_purged":["Strike_B"],"score":462,"play_id":"9b2a2ef0-d908-4812-96e7-ea71f0691713","local_time":"20190727125232","is_ascension_mode":true,"campfire_choices":[{"data":"Streamline","floor":6.0,"key":"SMITH"},{"data":"Beam Cell","floor":8.0,"key":"SMITH"},{"data":"Coolheaded","floor":15.0,"key":"SMITH"},{"floor":23,"key":"REST"}],"neow_cost":"TEN_PERCENT_HP_LOSS","seed_source_timestamp":493083818680393,"circlet_count":0,"master_deck":["AscendersBane","Strike_B","Defend_B","Defend_B","Defend_B","Zap","Dualcast","Conserve Battery","Streamline+1","Rebound","Beam Cell+1","Coolheaded+1","Turbo","Echo Form","Double Energy","Coolheaded","Electrodynamics","Rainbow"],"special_seed":0,"relics":["Cracked Core","Matryoshka","Sundial","Mango","Cables","Snecko Eye"],"potions_floor_usage":[],"damage_taken":[{"damage":5.0,"enemies":"Small Slimes","floor":1.0,"turns":3.0},{"damage":4.0,"enemies":"2 Louse","floor":2.0,"turns":3.0},{"damage":7.0,"enemies":"Jaw Worm","floor":4.0,"turns":4.0},{"damage":25.0,"enemies":"Gremlin Nob","floor":10.0,"turns":4.0},{"damage":8.0,"enemies":"Blue Slaver","floor":11.0,"turns":2.0},{"damage":0.0,"enemies":"Lagavulin","floor":12.0,"turns":5.0},{"damage":2.0,"enemies":"The Guardian","floor":16.0,"turns":10.0},{"damage":24,"enemies":"2 Thieves","floor":18,"turns":4},{"damage":0,"enemies":"Chosen","floor":20,"turns":3},{"damage":8,"enemies":"Snecko","floor":21,"turns":4},{"damage":31,"enemies":"Snake Plant","floor":22,"turns":4},{"damage":30,"enemies":"Book of Stabbing","floor":24,"turns":5}],"seed_played":"-3002659708589647451","potions_obtained":[{"floor":2.0,"key":"SpeedPotion"},{"floor":11.0,"key":"Ancient Potion"},{"floor":18,"key":"EssenceOfSteel"},{"floor":21,"key":"Fire Potion"}],"is_trial":false,"path_per_floor":["M","M","?","M","?","R","$","R","T","E","M","E","T","$","R","B",null,"M","$","M","M","M","R","E"],"character_chosen":"DEFECT","items_purchased":["Beam Cell","Coolheaded","Coolheaded","Rainbow"],"campfire_rested":1,"item_purchase_floors":[7,7,14,19],"current_hp_per_floor":[59,55,48,41,46,46,46,46,46,21,13,27,27,27,27,25,69,45,45,45,37,6,30,0],"gold":69,"neow_bonus":"REMOVE_TWO","is_prod":false,"is_daily":false,"chose_seed":false,"campfire_upgraded":3,"win_rate":0,"timestamp":1564199552,"path_taken":["M","M","?","M","?","R","?","R","T","E","M","E","?","$","R","BOSS","M","$","M","M","M","R","E"],"build_version":"2019-07-17","purchased_purges":1,"victory":false,"max_hp_per_floor":[64,64,64,64,69,69,69,69,69,69,69,83,83,83,83,83,83,83,83,83,83,83,83,83],"card_choices":[{"not_picked":["Hologram","Storm"],"picked":"Conserve Battery","floor":1.0},{"not_picked":["Sunder","Beam Cell"],"picked":"Streamline","floor":2.0},{"not_picked":["Redo","Stack"],"picked":"Rebound","floor":4.0},{"not_picked":["Conserve Battery","Steam"],"picked":"Turbo","floor":10.0},{"not_picked":["Genetic Algorithm","Ball Lightning"],"picked":"Echo Form","floor":11.0},{"not_picked":["Stack","Redo"],"picked":"Double Energy","floor":12.0},{"not_picked":["Amplify","All For One"],"picked":"Electrodynamics","floor":16.0},{"not_picked":["Leap","Conserve Battery","Sweeping Beam"],"picked":"SKIP","floor":18},{"not_picked":["Cold Snap","Beam Cell","Steam"],"picked":"SKIP","floor":20},{"not_picked":["Cold Snap","Beam Cell","Steam"],"picked":"SKIP","floor":20},{"not_picked":["Ball Lightning","Sweeping Beam","Chill"],"picked":"SKIP","floor":21},{"not_picked":["Coolheaded","Go for the Eyes","Steam"],"picked":"SKIP","floor":22}],"player_experience":1025884,"relics_obtained":[{"floor":9.0,"key":"Matryoshka"},{"floor":10.0,"key":"Sundial"},{"floor":12.0,"key":"Mango"},{"floor":13.0,"key":"Cables"}],"event_choices":[{"cards_removed":["Strike_B"],"damage_healed":0.0,"max_hp_gain":0.0,"max_hp_loss":0.0,"gold_gain":0.0,"event_name":"Golden Wing","player_choice":"Card Removal","floor":3.0,"gold_loss":0.0,"damage_taken":7.0},{"damage_healed":0.0,"max_hp_gain":5.0,"max_hp_loss":0.0,"gold_gain":0.0,"event_name":"Big Fish","player_choice":"Donut","floor":5.0,"gold_loss":0.0,"damage_taken":0.0}],"is_beta":false,"boss_relics":[{"not_picked":["Busted Crown","Tiny House"],"picked":"Snecko Eye"}],"items_purged_floors":[14],"is_endless":false,"potions_floor_spawned":[2,11,18,21,22],"killed_by":"Book of Stabbing","ascension_level":20}