{"gold_per_floor":[118,136,154,79,79,108,108,108,133,167,167,178,178,196,196,196],"floor_reached":16,"playtime":581,"items_purged":["Strike_R"],"score":220,"play_id":"27f1cfb8-a035-4d20-b4d7-653f1e606ba5","local_time":"20190225234831","is_ascension_mode":true,"campfire_choices":[{"data":"Bash","floor":7,"key":"SMITH"},{"floor":11,"key":"REST"},{"data":"Battle Trance","floor":13,"key":"SMITH"},{"data":"Cleave","floor":15,"key":"SMITH"}],"neow_cost":"NONE","seed_source_timestamp":1534128610174210,"circlet_count":0,"master_deck":["AscendersBane","Strike_R","Strike_R","Strike_R","Strike_R","Defend_R","Defend_R+1","Defend_R","Bash+1","Cleave+1","Ghostly Armor","Rage+1","Battle Trance+1"],"relics":["Burning Blood","War Paint","Oddly Smooth Stone","Potion Belt"],"potions_floor_usage":[],"damage_taken":[{"damage":6,"enemies":"Cultist","floor":1,"turns":3},{"damage":0,"enemies":"2 Louse","floor":2,"turns":4},{"damage":6,"enemies":"Small Slimes","floor":3,"turns":5},{"damage":51,"enemies":"Lagavulin","floor":6,"turns":7},{"damage":32,"enemies":"3 Sentries","floor":10,"turns":11},{"damage":5,"enemies":"3 Louse","floor":12,"turns":3},{"damage":4,"enemies":"Blue Slaver","floor":14,"turns":4},{"damage":50,"enemies":"Slime Boss","floor":16,"turns":8}],"seed_played":"-3944373342838700326","potions_obtained":[{"floor":1,"key":"FairyPotion"},{"floor":3,"key":"Ancient Potion"},{"floor":12,"key":"Strength Potion"}],"is_trial":false,"path_per_floor":["M","M","M","$","?","E","R","?","T","E","R","M","R","M","R","B"],"character_chosen":"IRONCLAD","items_purchased":[],"campfire_rested":1,"item_purchase_floors":[],"current_hp_per_floor":[68,74,74,74,74,29,29,29,29,13,35,36,36,38,38,0],"gold":196,"neow_bonus":"THREE_CARDS","is_prod":false,"is_daily":false,"chose_seed":false,"campfire_upgraded":3,"win_rate":0,"timestamp":1551134911,"path_taken":["M","M","M","$","?","E","R","?","T","E","R","M","R","M","R","BOSS"],"build_version":"2019-01-23","purchased_purges":1,"victory":false,"max_hp_per_floor":[75,75,75,75,75,75,75,75,75,75,75,75,75,75,75,75],"card_choices":[{"not_picked":["Clothesline","Perfected Strike"],"picked":"Cleave","floor":0},{"not_picked":["Power Through","Flex"],"picked":"Ghostly Armor","floor":1},{"not_picked":["Heavy Blade","Warcry"],"picked":"Rage","floor":2},{"not_picked":["Thunderclap","Sentinel"],"picked":"Battle Trance","floor":3},{"not_picked":["Feel No Pain","Twin Strike","Dual Wield"],"picked":"SKIP","floor":6},{"not_picked":["Perfected Strike","Flex","Wild Strike"],"picked":"SKIP","floor":10},{"not_picked":["Body Slam","Uppercut","Ghostly Armor"],"picked":"SKIP","floor":12},{"not_picked":["Body Slam","Ghostly Armor","Uppercut"],"picked":"SKIP","floor":14}],"player_experience":903635,"relics_obtained":[{"floor":6,"key":"War Paint"},{"floor":9,"key":"Oddly Smooth Stone"},{"floor":10,"key":"Potion Belt"}],"event_choices":[{"cards_removed":["Defend_R"],"damage_healed":0,"gold_gain":0,"player_choice":"Forget","damage_taken":0,"max_hp_gain":0,"max_hp_loss":0,"event_name":"Living Wall","floor":5,"gold_loss":0},{"damage_healed":0,"gold_gain":0,"player_choice":"Ignored","damage_taken":0,"max_hp_gain":0,"max_hp_loss":0,"event_name":"Shining Light","floor":8,"gold_loss":0}],"is_beta":false,"boss_relics":[],"items_purged_floors":[4],"is_endless":false,"potions_floor_spawned":[1,3,12],"killed_by":"Slime Boss","ascension_level":20}