{"gold_per_floor":[113,127,127,127,137,137,147,177,177,177,177,177,191,219,219,320,320,332,343,343,343,355,355],"floor_reached":23,"playtime":894,"items_purged":[],"score":201,"play_id":"6e2f7bb9-be96-48fe-91c8-7bb8bae1a77e","local_time":"20190413173631","is_ascension_mode":false,"campfire_choices":[{"floor":6.0,"key":"RECALL"},{"floor":11.0,"key":"REST"},{"floor":15.0,"key":"REST"}],"neow_cost":"CURSE","seed_source_timestamp":0,"circlet_count":0,"master_deck":["Strike_R","Strike_R","Strike_R","Strike_R","Defend_R","Defend_R","Defend_R","Defend_R+1","Bash","Clumsy","Flex","Inflame+1","Carnage","Flex","Shrug It Off","Heavy Blade","Feed","Dropkick","Carnage","Cleave","Whirlwind","Writhe","Whirlwind"],"special_seed":0,"relics":["Burning Blood","Incense Burner","Self Forming Clay","Torii","FossilizedHelix","Pocketwatch","Orrery","Paper Frog"],"potions_floor_usage":[19,23],"damage_taken":[{"damage":1.0,"enemies":"Cultist","floor":1.0,"turns":4.0},{"damage":1.0,"enemies":"Jaw Worm","floor":2.0,"turns":3.0},{"damage":13.0,"enemies":"2 Louse","floor":5.0,"turns":2.0},{"damage":21.0,"enemies":"Exordium Thugs","floor":7.0,"turns":6.0},{"damage":19.0,"enemies":"Gremlin Nob","floor":8.0,"turns":5.0},{"damage":10.0,"enemies":"Exordium Wildlife","floor":13.0,"turns":3.0},{"damage":17.0,"enemies":"3 Sentries","floor":14.0,"turns":8.0},{"damage":19.0,"enemies":"The Guardian","floor":16.0,"turns":11.0},{"damage":11,"enemies":"Spheric Guardian","floor":18,"turns":4},{"damage":14,"enemies":"3 Byrds","floor":19,"turns":4},{"damage":28,"enemies":"Snake Plant","floor":22,"turns":4},{"damage":56,"enemies":"Gremlin Leader","floor":23,"turns":7}],"seed_played":"-6189168759439452141","potions_obtained":[{"floor":5.0,"key":"SkillPotion"},{"floor":14.0,"key":"Block Potion"},{"floor":16.0,"key":"Explosive Potion"},{"floor":22,"key":"EssenceOfSteel"}],"is_trial":false,"path_per_floor":["M","M","?","?","M","R","M","E","T","T","R","?","M","E","R","B",null,"M","M","?","?","M","E"],"character_chosen":"IRONCLAD","items_purchased":[],"campfire_rested":2,"item_purchase_floors":[],"current_hp_per_floor":[80,80,80,64,57,57,42,29,29,29,53,41,37,26,50,37,80,75,67,67,67,45,0],"gold":355,"neow_bonus":"ONE_RARE_RELIC","is_prod":false,"is_daily":false,"chose_seed":false,"campfire_upgraded":0,"win_rate":0,"timestamp":1555194991,"path_taken":["M","?","?","?","M","R","?","E","T","?","R","?","M","E","R","BOSS","M","M","?","?","M","E"],"build_version":"2019-01-23","purchased_purges":0,"victory":false,"max_hp_per_floor":[80,80,80,80,80,80,80,80,80,80,80,80,80,80,80,80,80,80,80,80,80,80,80],"card_choices":[{"not_picked":["Perfected Strike","Body Slam"],"picked":"Flex","floor":1.0},{"not_picked":["Second Wind","Clothesline","Metallicize"],"picked":"SKIP","floor":2.0},{"not_picked":["Fire Breathing","Reckless Charge"],"picked":"Carnage","floor":5.0},{"not_picked":["Pommel Strike","Wild Strike"],"picked":"Flex","floor":7.0},{"not_picked":["True Grit","Clash","Anger"],"picked":"SKIP","floor":8.0},{"not_picked":["Body Slam","Pommel Strike"],"picked":"Shrug It Off","floor":13.0},{"not_picked":["Warcry","Blood for Blood"],"picked":"Heavy Blade","floor":14.0},{"not_picked":["Brutality","Fiend Fire"],"picked":"Feed","floor":16.0},{"not_picked":["True Grit","Body Slam"],"picked":"Dropkick","floor":17},{"not_picked":["Headbutt","Warcry"],"picked":"Carnage","floor":17},{"not_picked":["Clothesline","Body Slam"],"picked":"Cleave","floor":17},{"not_picked":["Thunderclap+1","Wild Strike"],"picked":"Whirlwind","floor":18},{"not_picked":["Flame Barrier","Twin Strike","Heavy Blade"],"picked":"SKIP","floor":19},{"not_picked":["Heavy Blade+1","Perfected Strike"],"picked":"Whirlwind","floor":22}],"player_experience":755390,"relics_obtained":[{"floor":8.0,"key":"Self Forming Clay"},{"floor":10.0,"key":"Torii"},{"floor":14.0,"key":"Pocketwatch"}],"event_choices":[{"damage_healed":0.0,"max_hp_gain":0.0,"max_hp_loss":0.0,"gold_gain":0.0,"cards_transformed":["Strike_R"],"event_name":"Living Wall","player_choice":"Change","floor":3.0,"gold_loss":0.0,"damage_taken":0.0,"cards_obtained":["Inflame"]},{"damage_healed":0.0,"max_hp_gain":0.0,"max_hp_loss":0.0,"gold_gain":0.0,"event_name":"Shining Light","player_choice":"Entered Light","floor":4.0,"gold_loss":0.0,"damage_taken":16.0,"cards_upgraded":["Defend_R","Inflame"]},{"damage_healed":0.0,"max_hp_gain":0.0,"max_hp_loss":0.0,"gold_gain":0.0,"event_name":"Scrap Ooze","player_choice":"Success","floor":12.0,"gold_loss":0.0,"damage_taken":12.0,"relics_obtained":["FossilizedHelix"]},{"damage_healed":0,"gold_gain":0,"player_choice":"Opened","damage_taken":0,"relics_obtained":["Paper Frog"],"max_hp_gain":0,"max_hp_loss":0,"event_name":"The Mausoleum","floor":20,"gold_loss":0,"cards_obtained":["Writhe"]},{"damage_healed":0,"gold_gain":0,"player_choice":"Ignored","damage_taken":0,"max_hp_gain":0,"max_hp_loss":0,"event_name":"Vampires","floor":21,"gold_loss":0}],"is_beta":false,"boss_relics":[{"not_picked":["Mark of Pain","Runic Dome"],"picked":"Orrery"}],"items_purged_floors":[],"is_endless":false,"potions_floor_spawned":[5,14,16,22],"killed_by":"Gremlin Leader","ascension_level":0}