{"path_per_floor":["M","?","M","M","?","R","$","?","T","R","$","E","M","?","R","B",null,"M","?","M","$","?","R","M","$","T","$","R","M","?","$","R","B",null,"M","?","M"],"character_chosen":"THE_SILENT","items_purchased":["Infinite Blades","Strength Potion"],"gold_per_floor":[109,109,119,139,89,89,14,14,41,41,2,32,43,43,43,143,143,160,160,172,172,172,172,189,89,114,65,65,83,83,83,83,187,187,205,0,19],"floor_reached":38,"campfire_rested":2,"playtime":1816,"current_hp_per_floor":[57,57,57,51,51,51,51,51,51,51,51,46,46,46,46,21,58,37,37,16,16,16,37,16,16,16,16,37,34,34,34,34,1,53,34,34,8],"items_purged":["Defend_G","Defend_G"],"gold":19,"score":464,"play_id":"12c0d296-70d8-4f59-9e9b-fb9cf4a9eebb","is_prod":false,"is_daily":false,"is_ascension_mode":true,"campfire_upgraded":4,"path_taken":["M","?","?","M","?","R","$","?","T","R","$","E","M","?","R","BOSS","M","?","?","$","?","R","M","$","T","?","R","M","?","?","R","BOSS","M","?","?","M"],"build_version":"2018-02-15-PROD1","purchased_purges":3,"victory":false,"master_deck":["Defend_G","Strike_G","Strike_G","Survivor+1","Neutralize+1","Cloak And Dagger+1","Cloak And Dagger+1","Infinite Blades","Dagger Throw","A Thousand Cuts+1","Blade Dance+1","Infinite Blades","Burst","Concentrate+1","Dodge and Roll+1","Slice+1","Backflip+1"],"max_hp_per_floor":[70,70,70,70,70,70,70,70,70,70,70,70,70,70,70,70,70,70,70,70,70,70,70,70,70,70,70,70,70,70,70,70,70,70,70,70,70],"relics":["Ring of the Snake","Anchor","Paper Crane","White Beast Statue","Happy Flower","War Paint","Astrolabe","Red Mask"],"card_choices":[{"not_picked":["Predator","Terror"],"picked":"Cloak And Dagger"},{"not_picked":["Malaise","Bane"],"picked":"Cloak And Dagger"},{"not_picked":["Eviscerate","Cloak And Dagger"],"picked":"Dagger Throw"},{"not_picked":["After Image","Doppelganger"],"picked":"A Thousand Cuts"},{"not_picked":["All Out Attack","Well Laid Plans"],"picked":"Blade Dance"},{"not_picked":["Noxious Fumes","Flechettes"],"picked":"Infinite Blades"},{"not_picked":["Venomology","A Thousand Cuts"],"picked":"Burst"},{"not_picked":["Choke","Infinite Blades"],"picked":"Backflip"}],"player_experience":343164,"potions_floor_usage":[33,35],"damage_taken":[{"damage":6.0,"enemies":"Small Slimes","floor":1.0,"turns":4.0},{"damage":0.0,"enemies":"Cultist","floor":3.0,"turns":4.0},{"damage":6.0,"enemies":"Jaw Worm","floor":4.0,"turns":4.0},{"damage":5.0,"enemies":"3 Sentries","floor":12.0,"turns":7.0},{"damage":0.0,"enemies":"Large Slime","floor":13.0,"turns":5.0},{"damage":25.0,"enemies":"Slime Boss","floor":16.0,"turns":12.0},{"damage":21.0,"enemies":"Spheric Guardian","floor":18.0,"turns":5.0},{"damage":21.0,"enemies":"3 Byrds","floor":20.0,"turns":5.0},{"damage":21.0,"enemies":"Snake Plant","floor":24.0,"turns":5.0},{"damage":3.0,"enemies":"Centurion and Healer","floor":29.0,"turns":5.0},{"damage":33,"enemies":"Collector","floor":33,"turns":8},{"damage":19,"enemies":"Orb Walker","floor":35,"turns":4},{"damage":26,"enemies":"3 Darklings","floor":37,"turns":4},{"damage":14,"enemies":"4 Shapes","floor":38,"turns":2}],"event_choices":[{"event_name":"Liars Game","player_choice":"disagreed","floor":2.0,"damage_taken":0.0},{"event_name":"The Cleric","player_choice":"Card Removal","floor":5.0,"damage_taken":0.0},{"event_name":"Living Wall","player_choice":"Forget","floor":8.0,"damage_taken":0.0},{"event_name":"Golden Idol","player_choice":"Ignored","floor":14.0,"damage_taken":0.0},{"event_name":"Vampires","player_choice":"Ignored","floor":19.0,"damage_taken":0.0},{"event_name":"The Mausoleum","player_choice":"Yes","floor":22.0,"damage_taken":0.0},{"event_name":"Addict","player_choice":"Ignored","floor":30.0,"damage_taken":0.0},{"event_name":"Tomb of Lord Red Mask","player_choice":"Paid","floor":36,"damage_taken":0}],"boss_relics":[{"not_picked":["Tiny House","Snecko Eye"],"picked":"Astrolabe"}],"potions_floor_spawned":[1,4,12,16,18,20,24,29,33,35,37],"seed_played":"6027453495711739178","killed_by":"4 Shapes","ascension_level":9,"is_trial":false}