{"gold_per_floor":[147,147,166,186,206,206,216,216,216,11,23,38,38,63,63,63],"floor_reached":16,"playtime":496,"items_purged":[],"score":192,"play_id":"768c7fb2-9bb6-4300-8753-0d35195ad0eb","local_time":"20190711210847","is_ascension_mode":true,"campfire_choices":[{"data":"Bash","floor":6.0,"key":"SMITH"},{"data":"Armaments","floor":8.0,"key":"SMITH"},{"data":"True Grit","floor":15.0,"key":"SMITH"}],"neow_cost":"NONE","seed_source_timestamp":345945863132907,"circlet_count":0,"master_deck":["AscendersBane","Strike_R","Strike_R","Strike_R","Strike_R","Strike_R","Defend_R","Defend_R","Defend_R","Defend_R","Bash+1","Cleave","Armaments+1","Inflame","Heavy Blade","True Grit+1","Reaper"],"special_seed":0,"relics":["Burning Blood","Tiny Chest","MawBank","Vajra","Golden Idol"],"potions_floor_usage":[16],"damage_taken":[{"damage":9.0,"enemies":"Jaw Worm","floor":1.0,"turns":3.0},{"damage":6.0,"enemies":"Cultist","floor":3.0,"turns":3.0},{"damage":0.0,"enemies":"2 Louse","floor":4.0,"turns":2.0},{"damage":14.0,"enemies":"Exordium Thugs","floor":5.0,"turns":5.0},{"damage":11.0,"enemies":"Blue Slaver","floor":7.0,"turns":5.0},{"damage":19.0,"enemies":"Gremlin Gang","floor":11.0,"turns":3.0},{"damage":23.0,"enemies":"Red Slaver","floor":12.0,"turns":5.0},{"damage":9.0,"enemies":"Blue Slaver","floor":14.0,"turns":3.0},{"damage":30,"enemies":"The Guardian","floor":16,"turns":7}],"seed_played":"-1072082728690841236","potions_obtained":[{"floor":3.0,"key":"Poison Potion"},{"floor":4.0,"key":"Weak Potion"},{"floor":5.0,"key":"PowerPotion"},{"floor":14.0,"key":"AttackPotion"}],"is_trial":false,"path_per_floor":["M","?","M","M","M","R","M","R","T","$","M","M","?","M","R","B"],"character_chosen":"IRONCLAD","items_purchased":["Vajra","Heavy Blade"],"campfire_rested":0,"item_purchase_floors":[10,10],"current_hp_per_floor":[65,65,65,71,63,63,58,58,58,58,45,28,28,25,25,0],"gold":63,"neow_bonus":"RANDOM_COMMON_RELIC","is_prod":false,"is_daily":false,"chose_seed":false,"campfire_upgraded":3,"win_rate":0,"timestamp":1562846927,"path_taken":["M","?","M","?","?","R","M","R","T","?","M","M","?","M","R","BOSS"],"build_version":"2019-07-05","purchased_purges":0,"victory":false,"max_hp_per_floor":[75,75,75,75,75,75,75,75,75,75,75,75,68,68,68,68],"card_choices":[{"not_picked":["True Grit","Shrug It Off"],"picked":"Cleave","floor":1.0},{"not_picked":["True Grit","Heavy Blade"],"picked":"Armaments","floor":3.0},{"not_picked":["Havoc","Sword Boomerang","Armaments"],"picked":"SKIP","floor":4.0},{"not_picked":["Sword Boomerang","Pommel Strike"],"picked":"Inflame","floor":5.0},{"not_picked":["Pommel Strike","Cleave","Heavy Blade"],"picked":"SKIP","floor":7.0},{"not_picked":["Seeing Red","Combust"],"picked":"True Grit","floor":11.0},{"not_picked":["Sword Boomerang","Inflame"],"picked":"Reaper","floor":12.0},{"not_picked":["Bloodletting","Shrug It Off","Body Slam"],"picked":"SKIP","floor":14.0},{"not_picked":["Bloodletting","Shrug It Off","Body Slam"],"picked":"SKIP","floor":14.0}],"player_experience":973744,"relics_obtained":[{"floor":9.0,"key":"MawBank"}],"event_choices":[{"damage_healed":0.0,"max_hp_gain":0.0,"max_hp_loss":0.0,"gold_gain":0.0,"event_name":"Match and Keep!","player_choice":"0 cards matched","floor":2.0,"gold_loss":0.0,"damage_taken":0.0,"cards_obtained":[]},{"damage_healed":0.0,"max_hp_gain":0.0,"max_hp_loss":7.0,"gold_gain":0.0,"event_name":"Golden Idol","player_choice":"Lose Max HP","floor":13.0,"gold_loss":0.0,"damage_taken":0.0,"relics_obtained":["Golden Idol"]}],"is_beta":false,"boss_relics":[],"items_purged_floors":[],"is_endless":false,"potions_floor_spawned":[3,4,5,14],"killed_by":"The Guardian","ascension_level":20}