{"path_per_floor":["M","M","M","?","?","R","?","E","T","M","M","M","E","$","R","B",null,"M","T","?","M","M","R","T","R","T","R","?","M","E","M","R"],"character_chosen":"IRONCLAD","items_purchased":["Lee\u0027s Waffle"],"gold_per_floor":[119,135,150,225,190,190,190,246,246,256,274,293,320,37,37,139,139,153,153,153,171,187,187,214,214,240,240,240,255,281,292,292],"floor_reached":33,"campfire_rested":3,"playtime":2102,"current_hp_per_floor":[77,73,73,62,80,80,80,59,59,57,49,30,19,87,87,21,87,61,61,61,33,16,42,42,42,42,68,68,51,30,25,51],"items_purged":["Strike_R"],"gold":292,"play_id":"858b068e-54e6-4456-8a8a-3b6a8f30cfd1","is_prod":false,"is_daily":false,"is_ascension_mode":true,"campfire_upgraded":3,"path_taken":["M","M","M","?","?","R","?","E","T","?","M","M","E","?","R","BOSS","M","?","?","M","M","R","?","R","T","R","?","M","E","M","R","BOSS"],"build_version":"2018-02-01-PROD3","purchased_purges":1,"victory":false,"master_deck":["Strike_R","Strike_R","Defend_R","Defend_R","Defend_R","Bash+1","Seeing Red","Flame Barrier","Warcry","Inflame+1","Offering","Heavy Blade+1","Immolate+1","Blood for Blood+1","Spot Weakness+1","Decay","Flex+1"],"max_hp_per_floor":[80,80,80,80,80,80,80,80,80,80,80,80,80,87,87,87,87,87,87,87,87,87,87,87,87,87,87,87,87,87,87,87],"relics":["Burning Blood","Tiny Chest","Bottled Lightning","Bag of Marbles","Lee\u0027s Waffle","Astrolabe","Unceasing Top","Omamori","Juzu Bracelet","Happy Flower"],"card_choices":[{"not_picked":["Perfected Strike","Intimidate"],"picked":"Seeing Red"},{"not_picked":["Clothesline","Body Slam"],"picked":"Flame Barrier"},{"not_picked":["Infernal Blade","Cleave"],"picked":"Warcry"},{"not_picked":["Clash","Cleave"],"picked":"Inflame"},{"not_picked":["Havoc","Wild Strike"],"picked":"Offering"},{"not_picked":["Burning Pact","Thunderclap"],"picked":"Heavy Blade"},{"not_picked":["Thunderclap","Rupture"],"picked":"Flex"}],"player_experience":112513,"potions_floor_usage":[8,13,13,30,31],"damage_taken":[{"damage":9,"enemies":"Jaw Worm","floor":1,"turns":4},{"damage":10,"enemies":"Small Slimes","floor":2,"turns":3},{"damage":6,"enemies":"Cultist","floor":3,"turns":3},{"damage":27,"enemies":"3 Sentries","floor":8,"turns":9},{"damage":8,"enemies":"Large Slime","floor":10,"turns":6},{"damage":14,"enemies":"Red Slaver","floor":11,"turns":3},{"damage":25,"enemies":"2 Fungi Beasts","floor":12,"turns":3},{"damage":32,"enemies":"Lagavulin","floor":13,"turns":7},{"damage":72,"enemies":"Hexaghost","floor":16,"turns":8},{"damage":32,"enemies":"Spheric Guardian","floor":18,"turns":4},{"damage":34,"enemies":"Chosen","floor":21,"turns":5},{"damage":23,"enemies":"Snecko","floor":22,"turns":4},{"damage":23,"enemies":"3 Cultists","floor":29,"turns":5},{"damage":27,"enemies":"Slavers","floor":30,"turns":3},{"damage":11,"enemies":"Snake Plant","floor":31,"turns":2},{"damage":84,"enemies":"Automaton","floor":33,"turns":6}],"event_choices":[{"event_name":"World of Goop","player_choice":"Gather Gold","floor":4,"damage_taken":0},{"event_name":"The Cleric","player_choice":"Healed","floor":5,"damage_taken":0},{"event_name":"Match and Keep!","player_choice":"0 cards matched","floor":7,"damage_taken":0},{"event_name":"Forgotten Altar","player_choice":"Smashed Altar","floor":20,"damage_taken":0},{"event_name":"Vampires","player_choice":"Ignored","floor":28,"damage_taken":0}],"boss_relics":[{"not_picked":["Cursed Key","Lizard Tail"],"picked":"Astrolabe"}],"potions_floor_spawned":[3,8,10,16,21,30],"seed_played":"-3629704936988347513","killed_by":"Automaton","ascension_level":3,"is_trial":false}