{"gold_per_floor":[111,127,77,252,267,294,306,316,316,316],"floor_reached":10,"playtime":317,"items_purged":[],"score":70,"play_id":"de074ef5-8dfa-4874-b933-dfc7d65a9004","local_time":"20190714191858","is_ascension_mode":false,"campfire_choices":[],"neow_cost":"NONE","seed_source_timestamp":284304204068342,"circlet_count":0,"master_deck":["Strike_B","Strike_B","Strike_B","Defend_B","Defend_B","Defend_B","Defend_B","Zap","Dualcast","Doom and Gloom","Gash","Doubt","Turbo","Darkness","Lockon","Defragment"],"relics":["Velvet Choker","Boot","Ginger"],"potions_floor_usage":[8],"damage_taken":[{"damage":5,"enemies":"Jaw Worm","floor":1,"turns":5},{"damage":5,"enemies":"Small Slimes","floor":2,"turns":2},{"damage":0,"enemies":"2 Louse","floor":5,"turns":1},{"damage":31,"enemies":"Lagavulin","floor":6,"turns":6},{"damage":16,"enemies":"Large Slime","floor":7,"turns":5},{"damage":4,"enemies":"Blue Slaver","floor":8,"turns":3},{"damage":17,"enemies":"Exordium Wildlife","floor":10,"turns":3}],"seed_played":"8715939183488790494","potions_obtained":[{"floor":5,"key":"Weak Potion"},{"floor":6,"key":"Ancient Potion"}],"is_trial":false,"path_per_floor":["M","M","?","?","M","E","M","M","T","M"],"character_chosen":"DEFECT","items_purchased":[],"campfire_rested":0,"item_purchase_floors":[],"current_hp_per_floor":[70,65,65,65,65,34,18,14,14,0],"gold":316,"neow_bonus":"BOSS_RELIC","is_prod":false,"is_daily":false,"chose_seed":false,"campfire_upgraded":0,"win_rate":0.0,"timestamp":1563149938,"path_taken":["M","M","?","?","M","E","M","M","T","M"],"build_version":"2019-07-05","purchased_purges":0,"victory":false,"max_hp_per_floor":[75,75,75,75,75,75,75,75,75,75],"card_choices":[{"not_picked":["Beam Cell","Aggregate"],"picked":"Doom and Gloom","floor":1},{"not_picked":["Turbo","Force Field"],"picked":"Gash","floor":2},{"not_picked":["Stack","Tempest"],"picked":"Turbo","floor":5},{"not_picked":["Compile Driver","Cold Snap"],"picked":"Darkness","floor":6},{"not_picked":["Streamline","Scrape"],"picked":"Lockon","floor":7},{"not_picked":["Heatsinks","Go for the Eyes"],"picked":"Defragment","floor":8}],"player_experience":84316,"relics_obtained":[{"floor":6,"key":"Boot"},{"floor":9,"key":"Ginger"}],"event_choices":[{"cards_removed":["Strike_B"],"damage_healed":0,"gold_gain":0,"player_choice":"Card Removal","damage_taken":0,"max_hp_gain":0,"max_hp_loss":0,"event_name":"The Cleric","floor":3,"gold_loss":50},{"damage_healed":0,"gold_gain":175,"player_choice":"AGREE","damage_taken":0,"max_hp_gain":0,"max_hp_loss":0,"event_name":"Liars Game","floor":4,"gold_loss":0,"cards_obtained":["Doubt"]}],"is_beta":false,"boss_relics":[],"items_purged_floors":[],"is_endless":false,"potions_floor_spawned":[5,6],"killed_by":"Exordium Wildlife","ascension_level":0}