{"gold_per_floor":[119,119,139,139,139,139,171,171,249,249,266,291,291,165,165,240,240,257,257,257,27,52,80,92,121,180,192,204],"floor_reached":28,"playtime":644,"items_purged":["Strike_B","Strike_B"],"score":594,"play_id":"dc902f68-4ac9-405d-9c5c-4d7a0a20cd2f","local_time":"20190306171308","is_ascension_mode":true,"campfire_choices":[{"data":"Zap","floor":6.0,"key":"SMITH"},{"data":"Dualcast","floor":8.0,"key":"SMITH"},{"data":"Capacitor","floor":10.0,"key":"SMITH"},{"data":"Defragment","floor":13.0,"key":"SMITH"},{"data":"Melter","floor":15.0,"key":"SMITH"},{"data":"Redo","floor":24,"key":"SMITH"},{"data":"Recycle","floor":27,"key":"SMITH"}],"neow_cost":"NONE","seed_source_timestamp":118578255150133,"circlet_count":0,"master_deck":["AscendersBane","Defend_B","Defend_B","Defend_B","Zap+1","Dualcast+1","Capacitor+1","Compile Driver","Melter+1","Defragment+1","Cold Snap","Cold Snap","Compile Driver","Recycle+1","Electrodynamics","Blizzard","Redo+1"],"special_seed":0,"relics":["Cracked Core","NeowsBlessing","Meat on the Bone","Cables","Happy Flower","Coffee Dripper","MawBank","Omamori"],"potions_floor_usage":[25,25],"damage_taken":[{"damage":0.0,"enemies":"Cultist","floor":1.0,"turns":1.0},{"damage":0.0,"enemies":"2 Louse","floor":3.0,"turns":1.0},{"damage":0.0,"enemies":"Gremlin Nob","floor":7.0,"turns":1.0},{"damage":2.0,"enemies":"Small Slimes","floor":11.0,"turns":2.0},{"damage":40.0,"enemies":"3 Sentries","floor":12.0,"turns":10.0},{"damage":0.0,"enemies":"The Guardian","floor":16.0,"turns":10.0},{"damage":3.0,"enemies":"Chosen","floor":18.0,"turns":4.0},{"damage":16,"enemies":"Shell Parasite","floor":23,"turns":3},{"damage":31,"enemies":"Snake Plant","floor":25,"turns":3},{"damage":29,"enemies":"Slavers","floor":28,"turns":3}],"seed_played":"-4457521834338470928","potions_obtained":[{"floor":7.0,"key":"Block Potion"},{"floor":12.0,"key":"SkillPotion"},{"floor":16.0,"key":"Ancient Potion"},{"floor":18.0,"key":"Dexterity Potion"},{"floor":25,"key":"Fruit Juice"}],"is_trial":false,"path_per_floor":["M","$","M","?","?","R","E","R","T","R","M","E","R","$","R","B",null,"M","?","?","$","T","M","R","M","T","R","E"],"character_chosen":"DEFECT","items_purchased":["Cold Snap","Blizzard","Redo"],"campfire_rested":0,"item_purchase_floors":[14,21,21],"current_hp_per_floor":[64,64,64,69,69,69,69,69,69,69,67,39,39,39,39,39,67,64,42,42,42,42,38,38,24,24,24,0],"gold":204,"neow_bonus":"THREE_ENEMY_KILL","is_prod":false,"is_daily":false,"chose_seed":false,"campfire_upgraded":7,"win_rate":0,"timestamp":1551888788,"path_taken":["M","?","?","?","?","R","E","R","T","R","M","E","R","$","R","BOSS","M","?","?","$","?","?","R","?","T","R","E"],"build_version":"2019-01-23","purchased_purges":2,"victory":false,"max_hp_per_floor":[71,71,71,76,76,76,76,76,76,76,76,76,76,76,76,76,76,76,81,81,81,81,81,81,86,86,86,86],"card_choices":[{"not_picked":["Beam Cell","Ball Lightning"],"picked":"Capacitor","floor":1.0},{"not_picked":["Hologram","Leap"],"picked":"Compile Driver","floor":3.0},{"not_picked":["Sweeping Beam","Double Energy"],"picked":"Melter","floor":7.0},{"not_picked":["Hologram","Barrage"],"picked":"Defragment","floor":11.0},{"not_picked":["Blizzard","Stack"],"picked":"Cold Snap","floor":12.0},{"not_picked":["Sweeping Beam","FTL"],"picked":"Compile Driver","floor":18.0},{"not_picked":["Cold Snap","Genetic Algorithm","Stack+1"],"picked":"SKIP","floor":23},{"not_picked":["Sunder","White Noise","Turbo"],"picked":"SKIP","floor":25}],"player_experience":944400,"relics_obtained":[{"floor":7.0,"key":"Meat on the Bone"},{"floor":9.0,"key":"Cables"},{"floor":12.0,"key":"Happy Flower"},{"floor":22,"key":"MawBank"},{"floor":26,"key":"Omamori"}],"event_choices":[{"damage_healed":0.0,"max_hp_gain":5.0,"max_hp_loss":0.0,"gold_gain":0.0,"event_name":"Big Fish","player_choice":"Donut","floor":4.0,"gold_loss":0.0,"damage_taken":0.0},{"cards_removed":["Strike_B"],"damage_healed":0.0,"max_hp_gain":0.0,"max_hp_loss":0.0,"gold_gain":0.0,"event_name":"Living Wall","player_choice":"Forget","floor":5.0,"gold_loss":0.0,"damage_taken":0.0},{"damage_healed":0.0,"max_hp_gain":5.0,"max_hp_loss":0.0,"gold_gain":0.0,"event_name":"Forgotten Altar","player_choice":"Shed Blood","floor":19.0,"gold_loss":0.0,"damage_taken":27.0},{"damage_healed":0.0,"max_hp_gain":0.0,"max_hp_loss":0.0,"gold_gain":0.0,"cards_transformed":["Strike_B","Defend_B"],"event_name":"Drug Dealer","player_choice":"Became Test Subject","floor":20.0,"gold_loss":0.0,"damage_taken":0.0,"cards_obtained":["Recycle","Electrodynamics"]}],"is_beta":false,"boss_relics":[{"not_picked":["Tiny House","Snecko Eye"],"picked":"Coffee Dripper"}],"items_purged_floors":[14,21],"is_endless":false,"potions_floor_spawned":[7,12,16,18,25],"killed_by":"Slavers","ascension_level":20}