{"gold_per_floor":[116,116,136,68,68,83,110,121,172,184,184,184,203,217,217,318,318,337,357,357,85,10,23,23,48,139,151],"floor_reached":27,"playtime":984,"items_purged":["Regret"],"score":235,"play_id":"594b926a-6ee0-474a-972f-1b44783df61e","local_time":"20190728174811","is_ascension_mode":false,"campfire_choices":[{"data":"Body Slam","floor":12,"key":"SMITH"},{"data":"Body Slam","floor":15,"key":"SMITH"},{"floor":24,"key":"REST"}],"neow_cost":"NONE","seed_source_timestamp":1550281417536900,"circlet_count":0,"master_deck":["Strike_R","Strike_R","Strike_R","Strike_R","Defend_R","Defend_R","Defend_R","Defend_R","Bash","Twin Strike","Ghostly Armor","Flex","Inflame+1","Body Slam+1","Body Slam+1","Whirlwind","Limit Break","Infernal Blade","Heavy Blade","Magnetism","Evolve","Juggernaut"],"relics":["Burning Blood","Paper Frog","Orichalcum","Red Skull","Philosopher\u0027s Stone","MawBank"],"potions_floor_usage":[7,16,16,16,19],"damage_taken":[{"damage":12,"enemies":"Small Slimes","floor":1,"turns":4},{"damage":2,"enemies":"Cultist","floor":3,"turns":4},{"damage":8,"enemies":"2 Louse","floor":6,"turns":3},{"damage":59,"enemies":"Lagavulin","floor":7,"turns":7},{"damage":17,"enemies":"Lots of Slimes","floor":8,"turns":6},{"damage":7,"enemies":"Exordium Thugs","floor":10,"turns":3},{"damage":4,"enemies":"Large Slime","floor":13,"turns":6},{"damage":4,"enemies":"Looter","floor":14,"turns":2},{"damage":42,"enemies":"Slime Boss","floor":16,"turns":10},{"damage":20,"enemies":"2 Thieves","floor":18,"turns":3},{"damage":17,"enemies":"Shell Parasite","floor":19,"turns":6},{"damage":33,"enemies":"Snake Plant","floor":23,"turns":3},{"damage":42,"enemies":"Book of Stabbing","floor":25,"turns":5},{"damage":16,"enemies":"Gremlin Leader","floor":27,"turns":3}],"seed_played":"-6087196633656454206","potions_obtained":[{"floor":3,"key":"Explosive Potion"},{"floor":10,"key":"Swift Potion"},{"floor":13,"key":"AttackPotion"},{"floor":14,"key":"Weak Potion"},{"floor":18,"key":"SkillPotion"}],"is_trial":false,"path_per_floor":["M","?","M","$","?","M","E","M","T","M","?","R","M","M","R","B",null,"M","M","?","$","?","M","R","E","T","E"],"character_chosen":"IRONCLAD","items_purchased":["Inflame","Magnetism"],"campfire_rested":1,"item_purchase_floors":[4,21],"current_hp_per_floor":[74,74,78,78,78,76,23,12,12,11,80,80,80,80,80,44,80,66,55,55,55,55,28,52,16,16,0],"gold":151,"neow_bonus":"THREE_CARDS","is_prod":false,"is_daily":false,"chose_seed":false,"campfire_upgraded":2,"win_rate":0,"timestamp":1564354091,"path_taken":["M","?","M","$","?","M","E","M","T","?","?","R","M","M","R","BOSS","M","?","?","$","?","M","R","E","T","E"],"build_version":"2019-07-17","purchased_purges":1,"victory":false,"max_hp_per_floor":[80,80,80,80,80,80,80,80,80,80,80,80,80,80,80,80,80,80,80,80,80,80,80,80,80,80,80],"card_choices":[{"not_picked":["Power Through","Clash"],"picked":"Twin Strike","floor":0},{"not_picked":["Twin Strike","Clothesline"],"picked":"Ghostly Armor","floor":1},{"not_picked":["Dual Wield","Intimidate"],"picked":"Flex","floor":3},{"not_picked":["Ghostly Armor","Havoc"],"picked":"Body Slam","floor":6},{"not_picked":["Cleave","Sword Boomerang"],"picked":"Body Slam","floor":7},{"not_picked":["Disarm","Second Wind"],"picked":"Whirlwind","floor":8},{"not_picked":["Heavy Blade","Clash","Rampage"],"picked":"SKIP","floor":10},{"not_picked":["Reckless Charge","Heavy Blade","Blood for Blood"],"picked":"SKIP","floor":13},{"not_picked":["Perfected Strike","Sword Boomerang","Second Wind"],"picked":"SKIP","floor":14},{"not_picked":["Immolate","Dark Embrace"],"picked":"Limit Break","floor":16},{"not_picked":["Cleave","Clothesline"],"picked":"Infernal Blade","floor":18},{"not_picked":["Sword Boomerang","Carnage"],"picked":"Heavy Blade","floor":19},{"not_picked":["Whirlwind+1","Infernal Blade"],"picked":"Evolve","floor":23},{"not_picked":["Perfected Strike","Combust"],"picked":"Juggernaut","floor":25}],"player_experience":823129,"relics_obtained":[{"floor":7,"key":"Orichalcum"},{"floor":9,"key":"Red Skull"},{"floor":25,"key":"MawBank"}],"event_choices":[{"damage_healed":0,"gold_gain":0,"player_choice":"Box","damage_taken":0,"relics_obtained":["Paper Frog"],"max_hp_gain":0,"max_hp_loss":0,"event_name":"Big Fish","floor":2,"gold_loss":0,"cards_obtained":["Regret"]},{"damage_healed":0,"gold_gain":0,"player_choice":"Upgraded","damage_taken":0,"max_hp_gain":0,"max_hp_loss":0,"event_name":"Upgrade Shrine","floor":5,"gold_loss":0,"cards_upgraded":["Inflame"]},{"damage_healed":69,"gold_gain":0,"player_choice":"Full Heal","damage_taken":0,"max_hp_gain":0,"max_hp_loss":0,"event_name":"Wheel of Change","floor":11,"gold_loss":0},{"damage_healed":0,"gold_gain":0,"player_choice":"Ignored","damage_taken":0,"max_hp_gain":0,"max_hp_loss":0,"event_name":"Vampires","floor":20,"gold_loss":0},{"cards_removed":["Strike_R"],"damage_healed":0,"gold_gain":0,"player_choice":"Gave Gold","damage_taken":0,"max_hp_gain":0,"max_hp_loss":0,"event_name":"Beggar","floor":22,"gold_loss":75}],"is_beta":false,"boss_relics":[{"not_picked":["Coffee Dripper","Empty Cage"],"picked":"Philosopher\u0027s Stone"}],"items_purged_floors":[21],"is_endless":false,"potions_floor_spawned":[3,10,13,14,18],"killed_by":"Gremlin Leader","ascension_level":0}