{"gold_per_floor":[115,115,128,140,160,160,192,192,243,243,243,273,284,315,315,315],"floor_reached":16,"playtime":568,"items_purged":[],"score":261,"play_id":"4e066fee-fd33-4c96-a3bf-57f281ab86b9","local_time":"20190214214210","is_ascension_mode":true,"campfire_choices":[{"data":"Noxious Fumes","floor":6.0,"key":"SMITH"},{"data":"Neutralize","floor":11.0,"key":"SMITH"},{"floor":15,"key":"REST"}],"neow_cost":"NONE","seed_source_timestamp":873522359385837,"circlet_count":0,"master_deck":["AscendersBane","Defend_G","Defend_G","Defend_G","Defend_G","Defend_G","Strike_G","Strike_G","Strike_G","Strike_G","Survivor","Neutralize+1","Noxious Fumes+1","Dagger Spray","Deadly Poison","Leg Sweep","Deadly Poison"],"special_seed":0,"relics":["Ring of the Snake","PreservedInsect","The Courier","Lantern","Bag of Marbles","Bag of Preparation"],"potions_floor_usage":[12,14],"damage_taken":[{"damage":0.0,"enemies":"Small Slimes","floor":1.0,"turns":3.0},{"damage":1.0,"enemies":"2 Louse","floor":3.0,"turns":5.0},{"damage":6.0,"enemies":"Jaw Worm","floor":4.0,"turns":7.0},{"damage":4.0,"enemies":"2 Fungi Beasts","floor":5.0,"turns":3.0},{"damage":32.0,"enemies":"Gremlin Nob","floor":7.0,"turns":4.0},{"damage":6,"enemies":"Lagavulin","floor":12,"turns":6},{"damage":0,"enemies":"Large Slime","floor":13,"turns":7},{"damage":0,"enemies":"3 Sentries","floor":14,"turns":5},{"damage":31,"enemies":"Slime Boss","floor":16,"turns":10}],"seed_played":"7120727112411217674","potions_obtained":[{"floor":4.0,"key":"Strength Potion"},{"floor":7.0,"key":"Dexterity Potion"},{"floor":13,"key":"Block Potion"},{"floor":14,"key":"Strength Potion"}],"is_trial":false,"path_per_floor":["M","?","M","M","M","R","E","?","T","?","R","E","M","E","R","B"],"character_chosen":"THE_SILENT","items_purchased":[],"campfire_rested":1,"item_purchase_floors":[],"current_hp_per_floor":[59,59,58,52,48,48,16,9,9,9,9,3,3,3,22,0],"gold":315,"neow_bonus":"RANDOM_COMMON_RELIC","is_prod":false,"is_daily":false,"chose_seed":false,"campfire_upgraded":2,"win_rate":0,"timestamp":1550176930,"path_taken":["M","?","M","M","M","R","E","?","T","?","R","E","M","E","R","BOSS"],"build_version":"2019-01-23","purchased_purges":0,"victory":false,"max_hp_per_floor":[66,66,66,66,66,66,66,66,66,66,66,66,66,66,66,66],"card_choices":[{"not_picked":["Cloak And Dagger","Riddle With Holes"],"picked":"Noxious Fumes","floor":1.0},{"not_picked":["Blade Dance","Flechettes","Outmaneuver"],"picked":"SKIP","floor":3.0},{"not_picked":["Cloak And Dagger","Prepared"],"picked":"Dagger Spray","floor":4.0},{"not_picked":["Infinite Blades","Acrobatics"],"picked":"Deadly Poison","floor":5.0},{"not_picked":["Tactician","Outmaneuver","Sucker Punch"],"picked":"SKIP","floor":7.0},{"not_picked":["Concentrate","PiercingWail"],"picked":"Leg Sweep","floor":12},{"not_picked":["Caltrops","Outmaneuver","Tactician"],"picked":"SKIP","floor":13},{"not_picked":["Cloak And Dagger","Glass Knife"],"picked":"Deadly Poison","floor":14}],"player_experience":800302,"relics_obtained":[{"floor":7.0,"key":"The Courier"},{"floor":9.0,"key":"Lantern"},{"floor":12,"key":"Bag of Marbles"},{"floor":14,"key":"Bag of Preparation"}],"event_choices":[{"damage_healed":0.0,"max_hp_gain":0.0,"max_hp_loss":0.0,"gold_gain":0.0,"event_name":"Liars Game","player_choice":"Ignored","floor":2.0,"gold_loss":0.0,"damage_taken":0.0},{"cards_removed":["Strike_G"],"damage_healed":0.0,"max_hp_gain":0.0,"max_hp_loss":0.0,"gold_gain":0.0,"event_name":"Golden Wing","player_choice":"Card Removal","floor":8.0,"gold_loss":0.0,"damage_taken":7.0},{"damage_healed":0.0,"max_hp_gain":0.0,"max_hp_loss":0.0,"gold_gain":0.0,"event_name":"Dead Adventurer","player_choice":"Searched \u00270\u0027 times","floor":10.0,"gold_loss":0.0,"damage_taken":0.0}],"is_beta":false,"boss_relics":[],"items_purged_floors":[],"is_endless":false,"potions_floor_spawned":[4,7,13,14],"killed_by":"Slime Boss","ascension_level":16}