{"gold_per_floor":[117,6,6,6,20,20,20,39,62,137,169,182,193,226,226,226],"floor_reached":16,"playtime":439,"items_purged":["Strike_B"],"score":121,"play_id":"e98bc069-bef9-4b37-b074-ddb8e4c50017","local_time":"20190716230152","is_ascension_mode":true,"campfire_choices":[{"data":"Scrape","floor":6,"key":"SMITH"},{"floor":15,"key":"REST"}],"neow_cost":"NONE","seed_source_timestamp":448703729492847,"circlet_count":0,"master_deck":["Strike_B","Defend_B","Defend_B","Defend_B","Zap","Dualcast","Go for the Eyes","Rip and Tear","Scrape+1","Beam Cell","Beam Cell","All For One"],"relics":["Cracked Core","PreservedInsect","Ancient Tea Set","Art of War"],"potions_floor_usage":[14],"damage_taken":[{"damage":16,"enemies":"Jaw Worm","floor":1,"turns":5},{"damage":4,"enemies":"2 Louse","floor":5,"turns":2},{"damage":0,"enemies":"Cultist","floor":8,"turns":2},{"damage":2,"enemies":"Gremlin Nob","floor":11,"turns":3},{"damage":7,"enemies":"3 Louse","floor":12,"turns":3},{"damage":5,"enemies":"Red Slaver","floor":13,"turns":2},{"damage":18,"enemies":"Lagavulin","floor":14,"turns":3},{"damage":39,"enemies":"The Guardian","floor":16,"turns":7}],"seed_played":"6115123111928689683","potions_obtained":[{"floor":5,"key":"Ancient Potion"},{"floor":11,"key":"LiquidBronze"},{"floor":12,"key":"PowerPotion"}],"is_trial":false,"path_per_floor":["M","$","?","?","M","R","?","M","T","?","E","M","M","E","R","B"],"character_chosen":"DEFECT","items_purchased":["Rip and Tear"],"campfire_rested":1,"item_purchase_floors":[2],"current_hp_per_floor":[66,66,66,59,55,55,55,55,55,47,45,38,33,15,39,0],"gold":226,"neow_bonus":"TEN_PERCENT_HP_BONUS","is_prod":false,"is_daily":false,"chose_seed":false,"campfire_upgraded":1,"win_rate":0,"timestamp":1563332512,"path_taken":["M","$","?","?","M","R","?","?","T","?","E","?","M","E","R","BOSS"],"build_version":"2019-07-05","purchased_purges":1,"victory":false,"max_hp_per_floor":[82,82,82,82,82,82,82,82,82,82,82,82,82,82,82,82],"card_choices":[{"not_picked":["Streamline","Turbo"],"picked":"Go for the Eyes","floor":1},{"not_picked":["Streamline","Beam Cell"],"picked":"Scrape","floor":5},{"not_picked":["Hologram","Conserve Battery","Loop"],"picked":"SKIP","floor":8},{"not_picked":["Loop","Recycle"],"picked":"Beam Cell","floor":11},{"not_picked":["Barrage","Fusion","Chaos"],"picked":"SKIP","floor":12},{"not_picked":["Consume","Hologram"],"picked":"Beam Cell","floor":13},{"not_picked":["Force Field","Chill"],"picked":"All For One","floor":14}],"player_experience":182948,"relics_obtained":[{"floor":9,"key":"PreservedInsect"},{"floor":11,"key":"Ancient Tea Set"},{"floor":14,"key":"Art of War"}],"event_choices":[{"cards_removed":["Strike_B"],"damage_healed":0,"gold_gain":0,"player_choice":"Forget","damage_taken":0,"max_hp_gain":0,"max_hp_loss":0,"event_name":"Living Wall","floor":3,"gold_loss":0},{"cards_removed":["Strike_B"],"damage_healed":0,"gold_gain":0,"player_choice":"Card Removal","damage_taken":7,"max_hp_gain":0,"max_hp_loss":0,"event_name":"Golden Wing","floor":4,"gold_loss":0},{"cards_removed":["Defend_B"],"damage_healed":0,"gold_gain":0,"player_choice":"Card Removal","damage_taken":0,"max_hp_gain":0,"max_hp_loss":0,"event_name":"Wheel of Change","floor":7,"gold_loss":0},{"damage_healed":0,"gold_gain":75,"player_choice":"Touch","damage_taken":8,"max_hp_gain":0,"max_hp_loss":0,"event_name":"FaceTrader","floor":10,"gold_loss":0}],"is_beta":false,"boss_relics":[],"items_purged_floors":[2],"is_endless":false,"potions_floor_spawned":[5,11,12,13],"killed_by":"The Guardian","ascension_level":2}