{"gold_per_floor":[112,37,37,112,127,167,167,205,205,217,265,277,313,349,361,467,479,516,546,581,89,89,89,107,107,107,107,107,145,163,202,202,202],"floor_reached":33,"playtime":829,"items_purged":["Strike_R","Strike_R"],"score":806,"play_id":"a806cf26-850e-472d-a9ec-a39ec4f61c3a","local_time":"20190721155021","is_ascension_mode":true,"campfire_choices":[{"data":"Armaments","floor":7.0,"key":"SMITH"},{"data":"Battle Trance","floor":12.0,"key":"SMITH"},{"data":"Bash","floor":15.0,"key":"SMITH"},{"floor":23.0,"key":"REST"},{"data":"Inflame","floor":27.0,"key":"SMITH"},{"data":"True Grit","floor":32,"key":"SMITH"}],"neow_cost":"NONE","seed_source_timestamp":239628089029786,"circlet_count":0,"master_deck":["AscendersBane","Strike_R","Strike_R","Defend_R","Defend_R","Defend_R","Bash+1","Combust","Armaments+1","Blood for Blood+1","Battle Trance+1","Carnage+1","Pummel+1","Pommel Strike+1","Sword Boomerang+1","Reaper+1","Shrug It Off+1","Power Through","Uppercut+1","Inflame+1","Evolve","Uppercut+1","Clash+1","True Grit+1"],"special_seed":0,"relics":["Burning Blood","NeowsBlessing","Golden Idol","Molten Egg 2","Smiling Mask","MawBank","Red Skull","Sozu","Incense Burner","Anchor","Darkstone Periapt","Centennial Puzzle"],"potions_floor_usage":[33],"damage_taken":[{"damage":0.0,"enemies":"Jaw Worm","floor":1.0,"turns":1.0},{"damage":0.0,"enemies":"Small Slimes","floor":5.0,"turns":1.0},{"damage":0.0,"enemies":"Gremlin Nob","floor":6.0,"turns":1.0},{"damage":29.0,"enemies":"3 Sentries","floor":8.0,"turns":6.0},{"damage":10.0,"enemies":"Gremlin Nob","floor":11.0,"turns":3.0},{"damage":0.0,"enemies":"Cultist","floor":13.0,"turns":2.0},{"damage":0.0,"enemies":"Gremlin Gang","floor":14.0,"turns":2.0},{"damage":3.0,"enemies":"Slime Boss","floor":16.0,"turns":3.0},{"damage":13.0,"enemies":"Chosen","floor":18.0,"turns":3.0},{"damage":19.0,"enemies":"Spheric Guardian","floor":19.0,"turns":4.0},{"damage":47.0,"enemies":"Cultist and Chosen","floor":20.0,"turns":5.0},{"damage":6.0,"enemies":"Snake Plant","floor":24.0,"turns":3.0},{"damage":28,"enemies":"Slavers","floor":29,"turns":5},{"damage":9,"enemies":"Snecko","floor":30,"turns":3},{"damage":3,"enemies":"Gremlin Leader","floor":31,"turns":5},{"damage":51,"enemies":"Automaton","floor":33,"turns":6}],"seed_played":"1245665041816416471","potions_obtained":[{"floor":11.0,"key":"PowerPotion"},{"floor":13.0,"key":"Explosive Potion"},{"floor":14.0,"key":"GamblersBrew"}],"is_trial":false,"path_per_floor":["M","$","?","?","M","E","R","E","T","?","E","R","M","M","R","B",null,"M","M","M","$","T","R","M","?","T","R","?","E","M","E","R","B"],"character_chosen":"IRONCLAD","items_purchased":["Uppercut+1","Inflame","Incense Burner"],"campfire_rested":1,"item_purchase_floors":[21,21,21],"current_hp_per_floor":[74,74,48,37,43,49,49,26,26,26,22,22,28,34,34,37,66,59,51,18,18,18,40,40,40,40,40,40,46,43,46,46,0],"gold":202,"neow_bonus":"THREE_ENEMY_KILL","is_prod":false,"is_daily":false,"chose_seed":false,"campfire_upgraded":5,"win_rate":0,"timestamp":1563691821,"path_taken":["M","$","?","?","M","E","R","E","T","?","E","R","?","M","R","BOSS","M","M","?","$","?","R","M","?","T","R","?","E","M","E","R","BOSS"],"build_version":"2019-07-17","purchased_purges":2,"victory":false,"max_hp_per_floor":[75,75,75,75,75,75,75,75,75,75,75,75,75,75,75,75,75,75,75,75,75,75,75,75,75,75,75,75,75,75,75,75,75],"card_choices":[{"not_picked":["Clothesline","Second Wind"],"picked":"Combust","floor":1.0},{"not_picked":["Feel No Pain","True Grit"],"picked":"Armaments","floor":5.0},{"not_picked":["Cleave","Disarm"],"picked":"Blood for Blood","floor":6.0},{"not_picked":["Headbutt+1","Pommel Strike+1"],"picked":"Battle Trance","floor":8.0},{"not_picked":["Clothesline+1","Rampage+1"],"picked":"Pummel+1","floor":11.0},{"not_picked":["Perfected Strike+1","Clash+1"],"picked":"Pommel Strike+1","floor":13.0},{"not_picked":["Burning Pact","Blood for Blood+1"],"picked":"Sword Boomerang+1","floor":14.0},{"not_picked":["Impervious","Brutality"],"picked":"Reaper+1","floor":16.0},{"not_picked":["Heavy Blade+1","Ghostly Armor"],"picked":"Shrug It Off+1","floor":18.0},{"not_picked":["Anger+1","Feel No Pain","Dual Wield"],"picked":"SKIP","floor":19.0},{"not_picked":["Heavy Blade+1","Warcry"],"picked":"Power Through","floor":20.0},{"not_picked":["Headbutt+1","Warcry"],"picked":"Evolve","floor":24.0},{"not_picked":["Twin Strike+1","Iron Wave+1"],"picked":"True Grit","floor":29},{"not_picked":["Feel No Pain","Seeing Red","Entrench+1"],"picked":"SKIP","floor":30},{"not_picked":["Pommel Strike+1","Feel No Pain","Cleave+1"],"picked":"SKIP","floor":31}],"player_experience":1005672,"relics_obtained":[{"floor":6.0,"key":"Molten Egg 2"},{"floor":8.0,"key":"Smiling Mask"},{"floor":9.0,"key":"MawBank"},{"floor":11.0,"key":"Red Skull"},{"floor":22.0,"key":"Anchor"},{"floor":29,"key":"Darkstone Periapt"},{"floor":31,"key":"Centennial Puzzle"}],"event_choices":[{"damage_healed":0.0,"max_hp_gain":0.0,"max_hp_loss":0.0,"gold_gain":0.0,"event_name":"Golden Idol","player_choice":"Take Damage","floor":3.0,"gold_loss":0.0,"damage_taken":26.0,"relics_obtained":["Golden Idol"]},{"damage_healed":0.0,"max_hp_gain":0.0,"max_hp_loss":0.0,"gold_gain":75.0,"event_name":"World of Goop","player_choice":"Gather Gold","floor":4.0,"gold_loss":0.0,"damage_taken":11.0},{"damage_healed":0.0,"max_hp_gain":0.0,"max_hp_loss":0.0,"gold_gain":0.0,"event_name":"Match and Keep!","player_choice":"1 cards matched","floor":10.0,"gold_loss":0.0,"damage_taken":0.0,"cards_obtained":["Carnage"]},{"damage_healed":0.0,"max_hp_gain":0.0,"max_hp_loss":0.0,"gold_gain":0.0,"event_name":"Match and Keep!","player_choice":"1 cards matched","floor":10.0,"gold_loss":0.0,"damage_taken":0.0,"cards_obtained":["Carnage"]},{"damage_healed":0.0,"max_hp_gain":0.0,"max_hp_loss":0.0,"gold_gain":0.0,"event_name":"The Mausoleum","player_choice":"Ignored","floor":25.0,"gold_loss":0.0,"damage_taken":0.0},{"damage_healed":0.0,"max_hp_gain":0.0,"max_hp_loss":0.0,"gold_gain":0.0,"cards_transformed":["Strike_R","Defend_R"],"event_name":"Drug Dealer","player_choice":"Became Test Subject","floor":28.0,"gold_loss":0.0,"damage_taken":0.0,"cards_obtained":["Uppercut","Clash"]}],"is_beta":false,"boss_relics":[{"not_picked":["Velvet Choker","Philosopher\u0027s Stone"],"picked":"Sozu"}],"items_purged_floors":[2,21],"is_endless":false,"potions_floor_spawned":[11,13,14,20,30,31],"killed_by":"Automaton","ascension_level":20}