{"gold_per_floor":[114,134,19,19,34,63,63,93,119,147,174,194,194,194,194,194],"floor_reached":16,"playtime":3021,"items_purged":[],"score":130,"play_id":"2c0dfe0f-886c-4fa3-ad4a-0ef07e5cbf66","local_time":"20190728000251","is_ascension_mode":true,"campfire_choices":[{"data":"Flex","floor":7,"key":"SMITH"},{"data":"Rampage","floor":13,"key":"SMITH"},{"data":"True Grit","floor":15,"key":"SMITH"}],"neow_cost":"NONE","seed_source_timestamp":291536833511538,"circlet_count":0,"master_deck":["Strike_R","Strike_R","Strike_R","Strike_R","Defend_R","Defend_R","Defend_R","Defend_R","Bash","Pommel Strike","Battle Trance","Rampage+1","Flex+1","Impervious","True Grit+1","Clothesline","Cleave"],"relics":["Burning Blood","Oddly Smooth Stone","Anchor","Omamori","Dream Catcher","Pen Nib"],"potions_floor_usage":[8,8,16,16],"damage_taken":[{"damage":10,"enemies":"Small Slimes","floor":1,"turns":5},{"damage":14,"enemies":"Jaw Worm","floor":2,"turns":4},{"damage":1,"enemies":"Cultist","floor":5,"turns":3},{"damage":18,"enemies":"Gremlin Nob","floor":6,"turns":4},{"damage":10,"enemies":"3 Sentries","floor":8,"turns":10},{"damage":16,"enemies":"Lagavulin","floor":10,"turns":8},{"damage":8,"enemies":"Exordium Wildlife","floor":12,"turns":5},{"damage":55,"enemies":"Hexaghost","floor":16,"turns":12}],"seed_played":"1892873746295187351","potions_obtained":[{"floor":1,"key":"SpeedPotion"},{"floor":2,"key":"PowerPotion"},{"floor":5,"key":"Poison Potion"},{"floor":12,"key":"EssenceOfSteel"}],"is_trial":false,"path_per_floor":["M","M","$","?","M","E","R","E","T","E","T","M","R","?","R","B"],"character_chosen":"IRONCLAD","items_purchased":["Battle Trance","Rampage"],"campfire_rested":0,"item_purchase_floors":[3,3],"current_hp_per_floor":[84,76,76,76,81,69,69,65,65,55,55,53,53,53,53,0],"gold":194,"neow_bonus":"TEN_PERCENT_HP_BONUS","is_prod":false,"is_daily":false,"chose_seed":false,"campfire_upgraded":3,"win_rate":0,"timestamp":1564290171,"path_taken":["M","M","$","?","M","E","R","E","T","E","?","?","R","?","R","BOSS"],"build_version":"2019-07-17","purchased_purges":0,"victory":false,"max_hp_per_floor":[88,88,88,88,88,88,88,88,88,88,88,88,88,88,88,88],"card_choices":[{"not_picked":["Twin Strike","Reckless Charge"],"picked":"Pommel Strike","floor":1},{"not_picked":["Evolve","Wild Strike","Fire Breathing"],"picked":"SKIP","floor":2},{"not_picked":["Thunderclap","Pommel Strike"],"picked":"Flex","floor":5},{"not_picked":["Clash","Evolve"],"picked":"Impervious","floor":6},{"not_picked":["Clash","Flex"],"picked":"True Grit","floor":8},{"not_picked":["Pommel Strike","Fire Breathing"],"picked":"Clothesline","floor":10},{"not_picked":["Anger","Clothesline"],"picked":"Cleave","floor":12}],"player_experience":139199,"relics_obtained":[{"floor":6,"key":"Oddly Smooth Stone"},{"floor":8,"key":"Anchor"},{"floor":9,"key":"Omamori"},{"floor":10,"key":"Dream Catcher"},{"floor":11,"key":"Pen Nib"}],"event_choices":[{"damage_healed":0,"gold_gain":0,"player_choice":"Ignored","damage_taken":0,"max_hp_gain":0,"max_hp_loss":0,"event_name":"Shining Light","floor":4,"gold_loss":0},{"cards_removed":["Strike_R"],"damage_healed":0,"gold_gain":0,"player_choice":"Card Removal","damage_taken":0,"max_hp_gain":0,"max_hp_loss":0,"event_name":"Wheel of Change","floor":14,"gold_loss":0}],"is_beta":false,"boss_relics":[],"items_purged_floors":[],"is_endless":false,"potions_floor_spawned":[1,2,5,12],"killed_by":"Hexaghost","ascension_level":2}