{"gold_per_floor":[118,43,43,57,77,77,77,109,159,84,97,97,107,117,117,194,194,207,207,207,207,225,237,237,137,163,176,176,101,101,118,118,192,192,205,205,223,223,238,263,263,263,287,312,312,187,0,49,49,49,49],"floor_reached":52,"playtime":2693,"items_purged":["Strike_R","Strike_R","Defend_R"],"score":1841,"play_id":"447d8aac-6623-4e3f-a534-8698af4198b6","local_time":"20190730200940","is_ascension_mode":true,"campfire_choices":[{"data":"Searing Blow","floor":6.0,"key":"SMITH"},{"data":"Searing Blow+2","floor":12.0,"key":"SMITH"},{"data":"Searing Blow+3","floor":15.0,"key":"SMITH"},{"data":"Searing Blow+5","floor":28,"key":"SMITH"},{"data":"Searing Blow+6","floor":30,"key":"SMITH"},{"data":"Searing Blow+7","floor":32,"key":"SMITH"},{"data":"Searing Blow+8","floor":41,"key":"SMITH"},{"data":"Searing Blow+9","floor":45,"key":"SMITH"},{"data":"Searing Blow+10","floor":49,"key":"SMITH"}],"neow_cost":"NONE","seed_source_timestamp":67398707366986,"circlet_count":0,"master_deck":["AscendersBane","Defend_R","Defend_R","Bash","Searing Blow+11","Headbutt","Armaments","Battle Trance","Double Tap","Disarm","Armaments+1","Offering","Second Wind","Dual Wield+1"],"special_seed":0,"relics":["Burning Blood","Blood Vial","Bronze Scales","Centennial Puzzle","Sozu","MutagenicStrength","Enchiridion","Happy Flower","Runic Pyramid","Paper Frog","Dream Catcher","Toxic Egg 2","Red Mask","Thread and Needle"],"potions_floor_usage":[],"damage_taken":[{"damage":19.0,"enemies":"Jaw Worm","floor":1.0,"turns":3.0},{"damage":2.0,"enemies":"2 Louse","floor":4.0,"turns":3.0},{"damage":13.0,"enemies":"Cultist","floor":5.0,"turns":5.0},{"damage":40.0,"enemies":"3 Sentries","floor":8.0,"turns":9.0},{"damage":9.0,"enemies":"2 Fungi Beasts","floor":11.0,"turns":2.0},{"damage":8.0,"enemies":"Blue Slaver","floor":13.0,"turns":3.0},{"damage":7.0,"enemies":"3 Louse","floor":14.0,"turns":2.0},{"damage":27.0,"enemies":"Hexaghost","floor":16.0,"turns":7.0},{"damage":6.0,"enemies":"2 Thieves","floor":18.0,"turns":2.0},{"damage":9,"enemies":"3 Byrds","floor":22,"turns":3},{"damage":3,"enemies":"3 Cultists","floor":23,"turns":4},{"damage":12,"enemies":"Snake Plant","floor":27,"turns":2},{"damage":0,"enemies":"Snecko","floor":31,"turns":1},{"damage":29,"enemies":"Automaton","floor":33,"turns":3},{"damage":17,"enemies":"3 Darklings","floor":35,"turns":6},{"damage":6,"enemies":"Orb Walker","floor":37,"turns":1},{"damage":6,"enemies":"Sphere and 2 Shapes","floor":39,"turns":5},{"damage":9,"enemies":"Reptomancer","floor":40,"turns":2},{"damage":16,"enemies":"Nemesis","floor":44,"turns":2},{"damage":6,"enemies":"2 Orb Walkers","floor":48,"turns":1},{"damage":14,"enemies":"Time Eater","floor":50,"turns":3},{"damage":21,"enemies":"Donu and Deca","floor":51,"turns":2}],"seed_played":"-7217983360610153988","potions_obtained":[{"floor":4.0,"key":"Strength Potion"},{"floor":8.0,"key":"GamblersBrew"},{"floor":11.0,"key":"Weak Potion"},{"floor":16.0,"key":"Block Potion"}],"is_trial":false,"path_per_floor":["M","?","?","M","M","R","?","E","T","$","M","R","M","M","R","B",null,"M","?","?","?","M","M","?","$","T","M","R","?","R","M","R","B",null,"M","?","M","?","M","E","R","?","T","E","R","$","?","?","R","B","B",null],"character_chosen":"IRONCLAD","items_purchased":[],"campfire_rested":0,"item_purchase_floors":[],"current_hp_per_floor":[57,57,57,63,58,58,58,26,26,26,25,25,25,26,26,7,58,60,60,39,39,38,43,43,43,43,39,39,39,39,47,47,26,63,54,54,56,56,58,57,57,57,57,49,49,49,49,51,51,45,32],"gold":49,"neow_bonus":"RANDOM_COMMON_RELIC","is_prod":false,"is_daily":false,"chose_seed":false,"campfire_upgraded":9,"win_rate":0,"timestamp":1564542580,"path_taken":["M","?","?","?","M","R","?","E","T","$","M","R","M","M","R","BOSS","M","?","?","?","?","M","?","?","T","M","R","?","R","M","R","BOSS","M","?","M","?","?","E","R","?","T","E","R","$","?","?","R","BOSS","BOSS"],"build_version":"2019-07-18","purchased_purges":3,"victory":true,"max_hp_per_floor":[75,75,75,75,75,75,75,75,75,75,75,75,75,75,75,75,75,75,75,75,75,75,75,75,75,75,75,75,75,75,75,75,75,75,75,75,75,75,75,75,75,75,75,75,75,75,75,75,75,75,75],"card_choices":[{"not_picked":["Wild Strike","True Grit"],"picked":"Searing Blow","floor":1.0},{"not_picked":["Pummel","Clothesline","Blood for Blood"],"picked":"SKIP","floor":4.0},{"not_picked":["Pommel Strike","Clash"],"picked":"Headbutt","floor":5.0},{"not_picked":["Dropkick","Feel No Pain","Warcry"],"picked":"SKIP","floor":8.0},{"not_picked":["Cleave","Wild Strike"],"picked":"Armaments","floor":11.0},{"not_picked":["Headbutt","Clothesline"],"picked":"Battle Trance","floor":13.0},{"not_picked":["Thunderclap","Clash","Searing Blow"],"picked":"SKIP","floor":14.0},{"not_picked":["Berserk","Impervious"],"picked":"Double Tap","floor":16.0},{"not_picked":["Thunderclap","Sword Boomerang","Feel No Pain"],"picked":"SKIP","floor":18.0},{"not_picked":["Dropkick","Spot Weakness","Cleave"],"picked":"SKIP","floor":22},{"not_picked":["Anger","Corruption"],"picked":"Disarm","floor":23},{"not_picked":["Body Slam","Rupture"],"picked":"Armaments+1","floor":27},{"not_picked":["Limit Break","Twin Strike","Wild Strike"],"picked":"SKIP","floor":31},{"not_picked":["Dark Embrace","Barricade"],"picked":"Offering","floor":33},{"not_picked":["Twin Strike","Sentinel+1"],"picked":"Second Wind","floor":35},{"not_picked":["Spot Weakness","Iron Wave"],"picked":"Dual Wield+1","floor":37},{"not_picked":["Warcry","Anger","Feel No Pain"],"picked":"SKIP","floor":39},{"not_picked":["Sever Soul","Pommel Strike","Warcry"],"picked":"SKIP","floor":40},{"not_picked":["Havoc","Carnage+1","Combust"],"picked":"SKIP","floor":44}],"player_experience":263018,"relics_obtained":[{"floor":8.0,"key":"Bronze Scales"},{"floor":9.0,"key":"Centennial Puzzle"},{"floor":20.0,"key":"Enchiridion"},{"floor":26,"key":"Happy Flower"},{"floor":40,"key":"Paper Frog"},{"floor":43,"key":"Dream Catcher"},{"floor":44,"key":"Toxic Egg 2"},{"floor":48,"key":"Thread and Needle"}],"event_choices":[{"cards_removed":["Strike_R"],"damage_healed":0.0,"max_hp_gain":0.0,"max_hp_loss":0.0,"gold_gain":0.0,"event_name":"The Cleric","player_choice":"Card Removal","floor":2.0,"gold_loss":75.0,"damage_taken":0.0},{"cards_removed":["Strike_R"],"damage_healed":0.0,"max_hp_gain":0.0,"max_hp_loss":0.0,"gold_gain":0.0,"event_name":"Bonfire Elementals","player_choice":"Offered Basic","floor":3.0,"gold_loss":0.0,"damage_taken":0.0},{"damage_healed":0.0,"max_hp_gain":0.0,"max_hp_loss":0.0,"gold_gain":0.0,"event_name":"Living Wall","player_choice":"Grow","floor":7.0,"gold_loss":0.0,"damage_taken":0.0,"cards_upgraded":["Searing Blow"]},{"damage_healed":0.0,"max_hp_gain":0.0,"max_hp_loss":0.0,"gold_gain":0.0,"event_name":"Drug Dealer","player_choice":"Inject Mutagens","floor":19.0,"gold_loss":0.0,"damage_taken":0.0,"relics_obtained":["MutagenicStrength"]},{"damage_healed":0.0,"max_hp_gain":0.0,"max_hp_loss":0.0,"gold_gain":0.0,"event_name":"Cursed Tome","player_choice":"Obtained Book","floor":20.0,"gold_loss":0.0,"damage_taken":21.0},{"damage_healed":0.0,"max_hp_gain":0.0,"max_hp_loss":0.0,"gold_gain":0.0,"event_name":"Upgrade Shrine","player_choice":"Upgraded","floor":21.0,"gold_loss":0.0,"damage_taken":0.0,"cards_upgraded":["Searing Blow"]},{"damage_healed":0,"gold_gain":0,"player_choice":"Ignored","damage_taken":0,"max_hp_gain":0,"max_hp_loss":0,"event_name":"Ghosts","floor":24,"gold_loss":0},{"cards_removed":["Strike_R"],"damage_healed":0,"gold_gain":0,"player_choice":"Gave Gold","damage_taken":0,"max_hp_gain":0,"max_hp_loss":0,"event_name":"Beggar","floor":29,"gold_loss":75},{"damage_healed":0,"gold_gain":0,"player_choice":"Memory 1","damage_taken":0,"max_hp_gain":0,"max_hp_loss":0,"event_name":"SensoryStone","floor":36,"gold_loss":0},{"damage_healed":0,"gold_gain":0,"player_choice":"0 cards matched","damage_taken":0,"max_hp_gain":0,"max_hp_loss":0,"event_name":"Match and Keep!","floor":38,"gold_loss":0,"cards_obtained":[]},{"cards_removed":["Defend_R"],"damage_healed":0,"gold_gain":0,"player_choice":"Removed Skill","damage_taken":0,"max_hp_gain":0,"max_hp_loss":0,"event_name":"Falling","floor":42,"gold_loss":0},{"damage_healed":0,"gold_gain":0,"player_choice":"Paid","damage_taken":0,"relics_obtained":["Red Mask"],"max_hp_gain":0,"max_hp_loss":0,"event_name":"Tomb of Lord Red Mask","floor":47,"gold_loss":187},{"damage_healed":0,"gold_gain":0,"player_choice":"Fight","damage_taken":0,"max_hp_gain":0,"max_hp_loss":0,"event_name":"Mysterious Sphere","floor":48,"gold_loss":0}],"is_beta":true,"boss_relics":[{"not_picked":["Calling Bell","Runic Dome"],"picked":"Sozu"},{"not_picked":["Coffee Dripper","Astrolabe"],"picked":"Runic Pyramid"}],"items_purged_floors":[10,25,46],"is_endless":false,"potions_floor_spawned":[4,8,11,16,22,27,31,33,35,40,48],"ascension_level":20}