{"path_per_floor":["M","?","M","M","M","R","E","R","T","?","M","$","M","M","R","B",null,"M","?","$","M","$","R","M","M","T","R","M","R","E","$","R","B",null,"M","M","M","?","?","R","?","$","T","?","M","R","M","M","R"],"character_chosen":"THE_SILENT","items_purchased":["Cloak And Dagger","Omamori","Accuracy","Pear","Blur"],"gold_per_floor":[117,117,134,148,167,167,201,201,201,201,217,97,115,133,133,231,231,242,242,97,115,15,15,26,41,41,41,52,52,78,5,5,109,109,121,132,145,145,500,500,500,68,68,68,78,78,90,100,100],"floor_reached":50,"campfire_rested":1,"playtime":2949,"current_hp_per_floor":[63,56,53,48,39,39,25,46,46,32,32,32,32,31,31,8,52,51,51,51,51,51,51,48,37,37,37,41,41,40,40,40,26,57,61,67,66,58,42,42,42,52,52,52,52,52,75,71,71],"items_purged":["Parasite","Strike_G","Strike_G"],"gold":100,"score":722,"play_id":"9cd9e64b-2565-4e08-90f3-8b28b7f8c563","local_time":"20180317184227","is_prod":false,"is_daily":false,"is_ascension_mode":true,"campfire_upgraded":3,"timestamp":1521308547,"path_taken":["M","?","M","M","?","R","E","R","T","?","M","?","M","M","R","BOSS","M","?","$","M","$","R","?","M","T","R","M","R","E","$","R","BOSS","M","M","?","?","?","R","?","$","T","?","M","R","M","M","R","BOSS"],"build_version":"2018-03-15v2","purchased_purges":3,"victory":false,"master_deck":["Defend_G","Defend_G","Defend_G+1","Strike_G","Strike_G","Survivor+1","Neutralize","Burst+1","Cloak And Dagger","Backflip+1","Blade Dance+1","Footwork+1","Cloak And Dagger+1","Prepared+1","Storm of Steel+1","Infinite Blades","Noxious Fumes+1","Accuracy+1","After Image","Footwork+1","Madness+1","Cloak And Dagger+1","Blur+1","Backflip+1"],"max_hp_per_floor":[70,70,70,70,70,70,70,70,70,70,70,67,67,67,67,67,67,67,67,67,67,67,67,67,67,67,67,67,67,67,67,67,67,67,67,67,67,67,67,67,67,77,77,77,77,77,77,77,77],"relics":["Ring of the Snake","Toxic Egg 2","Torii","Girya","Cursed Key","Omamori","Bird Faced Urn","Peace Pipe","Question Card","Old Coin","Pear"],"card_choices":[{"not_picked":["Flechettes","All Out Attack"],"picked":"Cloak And Dagger"},{"not_picked":["Deflect","Acrobatics"],"picked":"Backflip"},{"not_picked":["Acrobatics","Finisher"],"picked":"Blade Dance"},{"not_picked":["Concentrate","Dagger Spray"],"picked":"Footwork"},{"not_picked":["Terror","Outmaneuver"],"picked":"Prepared"},{"not_picked":["Envenom","Unload"],"picked":"Storm of Steel"},{"not_picked":["Outmaneuver","Slice"],"picked":"Infinite Blades"},{"not_picked":["PiercingWail","Prepared"],"picked":"Noxious Fumes"},{"not_picked":["Wraith Form","Adrenaline"],"picked":"After Image"},{"not_picked":["Skewer","Dagger Spray","Sucker Punch"],"picked":"Footwork"},{"not_picked":["Tools of the Trade","Deflect","Flying Knee"],"picked":"Cloak And Dagger"},{"not_picked":["Flying Knee","Poisoned Stab","Skewer"],"picked":"Backflip"}],"player_experience":408447,"potions_floor_usage":[50],"damage_taken":[{"damage":0.0,"enemies":"2 Louse","floor":1.0,"turns":5.0},{"damage":3.0,"enemies":"Jaw Worm","floor":3.0,"turns":6.0},{"damage":5.0,"enemies":"Cultist","floor":4.0,"turns":4.0},{"damage":9.0,"enemies":"Large Slime","floor":5.0,"turns":12.0},{"damage":14.0,"enemies":"3 Sentries","floor":7.0,"turns":11.0},{"damage":0.0,"enemies":"Exordium Wildlife","floor":11.0,"turns":6.0},{"damage":0.0,"enemies":"Blue Slaver","floor":13.0,"turns":4.0},{"damage":1.0,"enemies":"Lots of Slimes","floor":14.0,"turns":5.0},{"damage":23.0,"enemies":"Slime Boss","floor":16.0,"turns":10.0},{"damage":1.0,"enemies":"2 Thieves","floor":18.0,"turns":4.0},{"damage":0.0,"enemies":"Spheric Guardian","floor":21.0,"turns":3.0},{"damage":3.0,"enemies":"Cultist and Chosen","floor":24.0,"turns":6.0},{"damage":11.0,"enemies":"3 Cultists","floor":25.0,"turns":5.0},{"damage":0.0,"enemies":"Centurion and Healer","floor":28.0,"turns":4.0},{"damage":7.0,"enemies":"Slavers","floor":30.0,"turns":4.0},{"damage":22.0,"enemies":"Champ","floor":33.0,"turns":9.0},{"damage":6.0,"enemies":"3 Shapes","floor":35.0,"turns":3.0},{"damage":0.0,"enemies":"Orb Walker","floor":36.0,"turns":4.0},{"damage":7.0,"enemies":"Sphere and 2 Shapes","floor":37.0,"turns":8.0},{"damage":28.0,"enemies":"Mysterious Sphere","floor":39.0,"turns":9.0},{"damage":12.0,"enemies":"3 Darklings","floor":45.0,"turns":4.0},{"damage":1.0,"enemies":"Maw","floor":47.0,"turns":7.0},{"damage":6.0,"enemies":"4 Shapes","floor":48.0,"turns":6.0},{"damage":86,"enemies":"Time Eater","floor":50,"turns":10}],"event_choices":[{"event_name":"Scrap Ooze","player_choice":"success","floor":2.0,"damage_taken":7.0},{"event_name":"Shining Light","player_choice":"Entered Light","floor":10.0,"damage_taken":0.0},{"event_name":"Vampires","player_choice":"Ignored","floor":19.0,"damage_taken":0.0},{"event_name":"Winding Halls","player_choice":"Embrace Madness","floor":38.0,"damage_taken":0.0},{"event_name":"Mysterious Sphere","player_choice":"Fight","floor":39.0,"damage_taken":0.0},{"event_name":"Tomb of Lord Red Mask","player_choice":"Ignored","floor":41.0,"damage_taken":0.0}],"boss_relics":[],"potions_floor_spawned":[1,3,14,18,25,30,35,45,47],"seed_played":"-1548027062676815477","killed_by":"Time Eater","ascension_level":11,"is_trial":false}