{"gold_per_floor":[111,186,202,167,183,183,194,194,194,205,205,219,219,238,238,238],"floor_reached":16,"playtime":508,"items_purged":[],"score":179,"play_id":"24055de1-7541-4f9b-aaa8-ef184b840e93","local_time":"20190220222928","is_ascension_mode":true,"campfire_choices":[{"data":"Bash","floor":6.0,"key":"SMITH"},{"data":"Purity","floor":13.0,"key":"SMITH"},{"data":"Iron Wave","floor":15,"key":"SMITH"}],"neow_cost":"NONE","seed_source_timestamp":1240180953638005,"circlet_count":0,"master_deck":["AscendersBane","Strike_R","Strike_R","Strike_R","Strike_R","Strike_R","Defend_R","Defend_R","Defend_R","Defend_R","Bash+1","Purity+1","Shrug It Off","Thunderclap","Iron Wave+1"],"special_seed":0,"relics":["Burning Blood","Singing Bowl"],"potions_floor_usage":[14,16],"damage_taken":[{"damage":12.0,"enemies":"Small Slimes","floor":1.0,"turns":4.0},{"damage":4.0,"enemies":"2 Louse","floor":3.0,"turns":4.0},{"damage":7.0,"enemies":"Jaw Worm","floor":5.0,"turns":4.0},{"damage":15.0,"enemies":"Large Slime","floor":7.0,"turns":7.0},{"damage":6.0,"enemies":"Looter","floor":10.0,"turns":4.0},{"damage":14.0,"enemies":"2 Fungi Beasts","floor":12.0,"turns":4.0},{"damage":28,"enemies":"Exordium Thugs","floor":14,"turns":6},{"damage":45,"enemies":"Slime Boss","floor":16,"turns":7}],"seed_played":"286640611809573707","potions_obtained":[{"floor":1.0,"key":"EssenceOfSteel"},{"floor":5.0,"key":"PowerPotion"},{"floor":10.0,"key":"Energy Potion"}],"is_trial":false,"path_per_floor":["M","?","M","?","M","R","M","?","T","M","?","M","R","M","R","B"],"character_chosen":"IRONCLAD","items_purchased":[],"campfire_rested":0,"item_purchase_floors":[],"current_hp_per_floor":[62,51,53,71,70,70,61,61,61,63,68,62,62,42,42,0],"gold":238,"neow_bonus":"RANDOM_COLORLESS","is_prod":false,"is_daily":false,"chose_seed":false,"campfire_upgraded":3,"win_rate":0,"timestamp":1550698168,"path_taken":["M","?","M","?","M","R","M","?","T","M","?","?","R","M","R","BOSS"],"build_version":"2019-01-23","purchased_purges":0,"victory":false,"max_hp_per_floor":[75,75,75,75,75,75,75,75,75,77,82,84,84,86,86,86],"card_choices":[{"not_picked":["Clothesline","Armaments"],"picked":"Shrug It Off","floor":1.0},{"not_picked":["True Grit","Body Slam","Evolve"],"picked":"SKIP","floor":3.0},{"not_picked":["Heavy Blade","Sword Boomerang"],"picked":"Thunderclap","floor":5.0},{"not_picked":["Dropkick","Twin Strike"],"picked":"Iron Wave","floor":7.0},{"not_picked":["Clash","Armaments","Thunderclap"],"picked":"Singing Bowl","floor":10.0},{"not_picked":["Cleave","Warcry","Feed"],"picked":"Singing Bowl","floor":12.0},{"not_picked":["Armaments","Whirlwind","Havoc"],"picked":"Singing Bowl","floor":14}],"player_experience":835828,"relics_obtained":[{"floor":9.0,"key":"Singing Bowl"}],"event_choices":[{"damage_healed":0.0,"max_hp_gain":0.0,"max_hp_loss":0.0,"gold_gain":75.0,"event_name":"World of Goop","player_choice":"Gather Gold","floor":2.0,"gold_loss":0.0,"damage_taken":11.0},{"damage_healed":18.0,"max_hp_gain":0.0,"max_hp_loss":0.0,"gold_gain":0.0,"event_name":"The Cleric","player_choice":"Healed","floor":4.0,"gold_loss":35.0,"damage_taken":0.0},{"damage_healed":0.0,"max_hp_gain":0.0,"max_hp_loss":0.0,"gold_gain":0.0,"event_name":"Liars Game","player_choice":"Ignored","floor":8.0,"gold_loss":0.0,"damage_taken":0.0},{"damage_healed":0.0,"max_hp_gain":5.0,"max_hp_loss":0.0,"gold_gain":0.0,"event_name":"Big Fish","player_choice":"Donut","floor":11.0,"gold_loss":0.0,"damage_taken":0.0}],"is_beta":false,"boss_relics":[],"items_purged_floors":[],"is_endless":false,"potions_floor_spawned":[1,5,10],"killed_by":"Slime Boss","ascension_level":18}