{"path_per_floor":["M","M","M","?","M","R","E","?","T","R","M","R","M","E","R","B",null,"M","?","T","$","M","R","E","R","T","M","$","M","$","M","R"],"character_chosen":"DEFECT","items_purchased":["Toxic Egg 2","Coolheaded+1"],"gold_per_floor":[14,27,39,39,51,51,82,82,82,82,97,97,111,146,146,243,243,260,260,309,234,251,251,284,284,308,326,71,89,35,52,52,52],"floor_reached":33,"campfire_rested":1,"playtime":1720,"item_purchase_floors":[28,30],"current_hp_per_floor":[67,66,59,52,48,48,30,30,30,30,30,30,30,30,30,55,70,66,66,66,66,66,66,44,44,44,24,24,15,15,7,44,0],"items_purged":["Hologram"],"gold":52,"score":528,"play_id":"5701c34a-21f8-4221-a49a-ddfc50f89a2a","local_time":"20180521151355","is_prod":false,"is_daily":false,"chose_seed":false,"is_ascension_mode":true,"campfire_upgraded":6,"timestamp":1526908435,"campfire_choices":[{"data":"Buffer","floor":6,"key":"SMITH"},{"data":"Zap","floor":10,"key":"SMITH"},{"data":"Beam Cell","floor":12,"key":"SMITH"},{"data":"Coolheaded","floor":15,"key":"SMITH"},{"data":"Recycle","floor":23,"key":"SMITH"},{"data":"Blizzard","floor":25,"key":"SMITH"},{"floor":32,"key":"REST"}],"path_taken":["M","M","M","?","M","R","E","?","T","R","?","R","M","E","R","BOSS","M","?","?","$","M","R","E","R","T","M","$","M","?","?","R","BOSS"],"build_version":"2018-05-18","seed_source_timestamp":194824194451910,"purchased_purges":1,"victory":false,"master_deck":["Zap+1","Dualcast","AscendersBane","Buffer+1","Beam Cell+1","Cold Snap","Double Energy","Glacier","Coolheaded+1","Conserve Battery","Axe Kick","Hello World","Hologram","Double Energy","Hologram","Recycle+1","Go for the Eyes","Blizzard+1","Streamline","Aggregate+1","Coolheaded+1","BootSequence+1"],"max_hp_per_floor":[75,75,75,75,75,75,75,75,75,75,75,75,75,75,75,75,75,75,75,75,75,75,75,75,75,75,75,75,75,75,75,75,75],"relics":["Cracked Core","Lantern","Shovel","Regal Pillow","Mercury Hourglass","Pantograph","Pandora\u0027s Box","Potion Belt","Omamori","Toxic Egg 2"],"card_choices":[{"not_picked":["Seek","Fission"],"picked":"Buffer","floor":0},{"not_picked":["Stack","Sunder"],"picked":"Beam Cell","floor":1},{"not_picked":["Axe Kick","Leap"],"picked":"Cold Snap","floor":2},{"not_picked":["Hello World","Beam Cell"],"picked":"Double Energy","floor":3},{"not_picked":["Scrape","Blizzard"],"picked":"Glacier","floor":5},{"not_picked":["Force Field","Rip and Tear"],"picked":"Hologram","floor":7},{"not_picked":["Hologram","Beam Cell","Rebound"],"picked":"SKIP","floor":11},{"not_picked":["Self Repair","Cold Snap","Skim"],"picked":"SKIP","floor":13},{"not_picked":["Skim","Sweeping Beam"],"picked":"Coolheaded","floor":14},{"not_picked":["Rebound","Chaos","Sweeping Beam"],"picked":"SKIP","floor":18},{"not_picked":["Sweeping Beam+1","Rebound+1","Steam Power"],"picked":"SKIP","floor":22},{"not_picked":["Go for the Eyes","Ball Lightning+1"],"picked":"Blizzard","floor":24},{"not_picked":["Skim","Turbo"],"picked":"Streamline","floor":27},{"not_picked":["Storm","Hologram+1"],"picked":"Aggregate+1","floor":29},{"not_picked":["Streamline","Aggregate+1"],"picked":"BootSequence+1","floor":31}],"player_experience":702265,"potions_floor_usage":[16,24],"damage_taken":[{"damage":1,"enemies":"Cultist","floor":1,"turns":3},{"damage":1,"enemies":"2 Louse","floor":2,"turns":2},{"damage":7,"enemies":"Jaw Worm","floor":3,"turns":3},{"damage":4,"enemies":"Exordium Wildlife","floor":5,"turns":4},{"damage":18,"enemies":"Gremlin Nob","floor":7,"turns":5},{"damage":0,"enemies":"Large Slime","floor":11,"turns":6},{"damage":0,"enemies":"3 Louse","floor":13,"turns":3},{"damage":0,"enemies":"Lagavulin","floor":14,"turns":5},{"damage":0,"enemies":"The Guardian","floor":16,"turns":16},{"damage":4,"enemies":"Shell Parasite","floor":18,"turns":7},{"damage":0,"enemies":"Spheric Guardian","floor":22,"turns":4},{"damage":22,"enemies":"Gremlin Leader","floor":24,"turns":9},{"damage":20,"enemies":"Snake Plant","floor":27,"turns":5},{"damage":9,"enemies":"Cultist and Chosen","floor":29,"turns":6},{"damage":8,"enemies":"Centurion and Healer","floor":31,"turns":5},{"damage":69,"enemies":"Champ","floor":33,"turns":13}],"relics_obtained":[{"floor":7,"key":"Shovel"},{"floor":9,"key":"Mercury Hourglass"},{"floor":14,"key":"Pantograph"},{"floor":20,"key":"Potion Belt"},{"floor":26,"key":"Omamori"}],"event_choices":[{"event_name":"Scrap Ooze","player_choice":"success","floor":4,"damage_taken":7},{"event_name":"Dead Adventurer","player_choice":"Searched \u00271\u0027 times","floor":8,"damage_taken":0},{"event_name":"Transmorgrifier","player_choice":"Transform","floor":19,"damage_taken":0}],"boss_relics":[{"not_picked":["Nuclear Battery","Runic Pyramid"],"picked":"Pandora\u0027s Box"}],"items_purged_floors":[21],"potions_floor_spawned":[3,5,11,13,14,27,31],"seed_played":"4149618057568722088","killed_by":"Champ","ascension_level":10,"potions_obtained":[{"floor":3,"key":"SpeedPotion"},{"floor":5,"key":"FearPotion"},{"floor":11,"key":"Fire Potion"},{"floor":14,"key":"SkillPotion"},{"floor":27,"key":"Explosive Potion"},{"floor":31,"key":"SteroidPotion"}],"is_trial":false}