{"gold_per_floor":[110,124,143,143,162,162,178,207,207,219,219,230,230,240,240,342,342,358,457,477,489,131,131,131],"floor_reached":24,"playtime":688,"items_purged":[],"score":265,"play_id":"977a9b4f-6369-4629-b267-b5c80d863813","local_time":"20190718171611","is_ascension_mode":true,"campfire_choices":[{"data":"Zap","floor":6,"key":"SMITH"},{"data":"Zap","floor":11,"key":"SMITH"},{"floor":15,"key":"REST"},{"floor":23,"key":"REST"}],"neow_cost":"TEN_PERCENT_HP_LOSS","seed_source_timestamp":622191633789203,"circlet_count":0,"master_deck":["Strike_B","Strike_B","Strike_B","Strike_B","Defend_B","Defend_B","Defend_B","Defend_B","Zap+1","Dualcast","FTL","Auto Shields","Lockon","Zap+1","Cold Snap","Scrape","Beam Cell","Coolheaded","Blizzard","Glacier","Electrodynamics","Cold Snap+1","Leap","Defragment","Steam","FTL","Defragment"],"relics":["FrozenCore","Emotion Chip","Blood Vial","DollysMirror"],"potions_floor_usage":[5,8,14,14,16,18],"damage_taken":[{"damage":0,"enemies":"2 Louse","floor":1,"turns":2},{"damage":6,"enemies":"Cultist","floor":2,"turns":3},{"damage":2,"enemies":"Jaw Worm","floor":3,"turns":3},{"damage":0,"enemies":"Looter","floor":5,"turns":2},{"damage":0,"enemies":"Exordium Wildlife","floor":7,"turns":2},{"damage":28,"enemies":"Lagavulin","floor":8,"turns":5},{"damage":5,"enemies":"2 Fungi Beasts","floor":10,"turns":3},{"damage":15,"enemies":"Gremlin Gang","floor":12,"turns":4},{"damage":0,"enemies":"Large Slime","floor":14,"turns":2},{"damage":0,"enemies":"Slime Boss","floor":16,"turns":6},{"damage":15,"enemies":"2 Thieves","floor":18,"turns":3},{"damage":17,"enemies":"Shell Parasite","floor":20,"turns":5},{"damage":21,"enemies":"Sentry and Sphere","floor":21,"turns":6},{"damage":44,"enemies":"Gremlin Leader","floor":24,"turns":5}],"seed_played":"928466562174587848","potions_obtained":[{"floor":1,"key":"SteroidPotion"},{"floor":5,"key":"Strength Potion"},{"floor":7,"key":"Weak Potion"},{"floor":10,"key":"FocusPotion"},{"floor":12,"key":"AttackPotion"},{"floor":16,"key":"Explosive Potion"},{"floor":18,"key":"Dexterity Potion"},{"floor":21,"key":"FearPotion"}],"is_trial":false,"path_per_floor":["M","M","M","?","M","R","M","E","T","M","R","M","?","M","R","B",null,"M","?","M","M","$","R","E"],"character_chosen":"DEFECT","items_purchased":["Defragment","Steam","FTL","DollysMirror"],"campfire_rested":2,"item_purchase_floors":[22,22,22,22],"current_hp_per_floor":[68,62,60,60,60,60,60,32,32,29,29,16,16,18,38,40,68,53,53,38,19,19,39,0],"gold":131,"neow_bonus":"ONE_RARE_RELIC","is_prod":false,"is_daily":false,"chose_seed":false,"campfire_upgraded":2,"win_rate":0,"timestamp":1563488171,"path_taken":["M","M","M","?","M","R","M","E","T","?","R","?","?","M","R","BOSS","M","?","M","M","$","R","E"],"build_version":"2019-07-17","purchased_purges":0,"victory":false,"max_hp_per_floor":[68,68,68,68,68,68,68,68,68,68,68,68,68,68,68,68,68,68,68,68,68,68,68,68],"card_choices":[{"not_picked":["Hologram","Streamline"],"picked":"FTL","floor":1},{"not_picked":["Heatsinks","Doom and Gloom"],"picked":"Auto Shields","floor":2},{"not_picked":["Chaos","Genetic Algorithm"],"picked":"Lockon","floor":3},{"not_picked":["Chaos","Turbo"],"picked":"Cold Snap","floor":5},{"not_picked":["Turbo","Ball Lightning"],"picked":"Scrape","floor":7},{"not_picked":["Streamline","Sunder"],"picked":"Beam Cell","floor":8},{"not_picked":["Machine Learning","Melter"],"picked":"Coolheaded","floor":10},{"not_picked":["Turbo","Static Discharge"],"picked":"Blizzard","floor":12},{"not_picked":["Doom and Gloom","Sweeping Beam"],"picked":"Glacier","floor":14},{"not_picked":["Biased Cognition","Reboot"],"picked":"Electrodynamics","floor":16},{"not_picked":["Stack+1","Glacier"],"picked":"Cold Snap+1","floor":18},{"not_picked":["Stack","Turbo","Skim"],"picked":"SKIP","floor":20},{"not_picked":["Aggregate+1","Reinforced Body"],"picked":"Leap","floor":21}],"player_experience":119977,"relics_obtained":[{"floor":8,"key":"Blood Vial"}],"event_choices":[{"damage_healed":0,"gold_gain":0,"player_choice":"1 cards matched","damage_taken":0,"max_hp_gain":0,"max_hp_loss":0,"event_name":"Match and Keep!","floor":4,"gold_loss":0,"cards_obtained":["Zap"]},{"damage_healed":0,"gold_gain":0,"player_choice":"Ignored","damage_taken":0,"max_hp_gain":0,"max_hp_loss":0,"event_name":"Golden Wing","floor":13,"gold_loss":0},{"damage_healed":0,"gold_gain":99,"player_choice":"Stole From Cult","damage_taken":0,"max_hp_gain":0,"max_hp_loss":0,"event_name":"Nest","floor":19,"gold_loss":0}],"is_beta":false,"boss_relics":[{"not_picked":["Snecko Eye","Empty Cage"],"picked":"FrozenCore"}],"items_purged_floors":[],"is_endless":false,"potions_floor_spawned":[1,5,7,10,12,16,18,21],"killed_by":"Gremlin Leader","ascension_level":1}