{"gold_per_floor":[11,11,23,23,23,23,67,67,67,67,92,128,128,152,152,152],"floor_reached":16,"playtime":544,"items_purged":[],"score":142,"play_id":"39eadaef-f22a-4431-a6f0-b29aedc06601","local_time":"20190630195259","is_ascension_mode":true,"campfire_choices":[{"data":"Carnage","floor":6,"key":"SMITH"},{"floor":10,"key":"RECALL"},{"data":"Impervious","floor":13,"key":"SMITH"},{"data":"Carnage","floor":15,"key":"SMITH"}],"neow_cost":"NO_GOLD","seed_source_timestamp":1477525633191893,"circlet_count":0,"master_deck":["Strike_R","Strike_R","Strike_R","Strike_R","Strike_R","Defend_R","Defend_R","Defend_R","Defend_R","Bash","Carnage+1","Impervious+1","Carnage+1"],"relics":["Burning Blood","Golden Idol","Bronze Scales","Meat on the Bone","Odd Mushroom","Blood Vial"],"potions_floor_usage":[16,16],"damage_taken":[{"damage":7,"enemies":"2 Louse","floor":1,"turns":3},{"damage":2,"enemies":"Small Slimes","floor":3,"turns":4},{"damage":17,"enemies":"Gremlin Nob","floor":7,"turns":4},{"damage":18,"enemies":"The Mushroom Lair","floor":11,"turns":4},{"damage":29,"enemies":"3 Sentries","floor":12,"turns":7},{"damage":2,"enemies":"Jaw Worm","floor":14,"turns":4},{"damage":89,"enemies":"The Guardian","floor":16,"turns":16}],"seed_played":"4137406204237541549","potions_obtained":[{"floor":11,"key":"Swift Potion"},{"floor":14,"key":"EssenceOfSteel"}],"is_trial":false,"path_per_floor":["M","$","M","?","?","R","E","?","T","R","?","E","R","M","R","B"],"character_chosen":"IRONCLAD","items_purchased":[],"campfire_rested":0,"item_purchase_floors":[],"current_hp_per_floor":[95,95,96,101,76,76,65,62,62,62,62,51,51,57,57,0],"gold":152,"neow_bonus":"TWENTY_PERCENT_HP_BONUS","is_prod":false,"is_daily":false,"chose_seed":false,"campfire_upgraded":3,"win_rate":0,"timestamp":1561938779,"path_taken":["M","$","M","?","?","R","E","?","T","R","?","E","R","M","R","BOSS"],"build_version":"2019-01-23","purchased_purges":0,"victory":false,"max_hp_per_floor":[96,96,96,101,101,101,101,101,101,101,101,101,101,101,101,101],"card_choices":[{"not_picked":["Warcry","Thunderclap","True Grit"],"picked":"SKIP","floor":1},{"not_picked":["Pommel Strike","Shrug It Off"],"picked":"Carnage","floor":3},{"not_picked":["Flex","Body Slam","Shrug It Off"],"picked":"SKIP","floor":7},{"not_picked":["Sword Boomerang","Infernal Blade"],"picked":"Impervious","floor":11},{"not_picked":["Thunderclap","Wild Strike","Shrug It Off"],"picked":"SKIP","floor":12},{"not_picked":["Armaments","Rage"],"picked":"Carnage","floor":14}],"player_experience":82809,"relics_obtained":[{"floor":7,"key":"Bronze Scales"},{"floor":11,"key":"Odd Mushroom"},{"floor":12,"key":"Blood Vial"}],"event_choices":[{"damage_healed":0,"gold_gain":0,"player_choice":"Donut","damage_taken":0,"max_hp_gain":5,"max_hp_loss":0,"event_name":"Big Fish","floor":4,"gold_loss":0},{"damage_healed":0,"gold_gain":0,"player_choice":"Take Damage","damage_taken":25,"relics_obtained":["Golden Idol"],"max_hp_gain":0,"max_hp_loss":0,"event_name":"Golden Idol","floor":5,"gold_loss":0},{"damage_healed":0,"gold_gain":0,"player_choice":"Success","damage_taken":3,"relics_obtained":["Meat on the Bone"],"max_hp_gain":0,"max_hp_loss":0,"event_name":"Scrap Ooze","floor":8,"gold_loss":0},{"damage_healed":0,"gold_gain":0,"player_choice":"Fought Mushrooms","damage_taken":0,"max_hp_gain":0,"max_hp_loss":0,"event_name":"Mushrooms","floor":11,"gold_loss":0}],"is_beta":false,"boss_relics":[],"items_purged_floors":[],"is_endless":false,"potions_floor_spawned":[11,14],"killed_by":"The Guardian","ascension_level":2}