{"gold_per_floor":[360,62,32,50,64,64,89,100,123,123,139,154,186,197,197,197],"floor_reached":16,"playtime":394,"items_purged":["Strike_R"],"score":228,"play_id":"860ea88b-bd9c-4532-ac15-3d2c0641eb4f","local_time":"20190721161602","is_ascension_mode":true,"campfire_choices":[{"data":"True Grit","floor":6.0,"key":"SMITH"},{"data":"Spot Weakness","floor":10,"key":"SMITH"},{"floor":15,"key":"REST"}],"neow_cost":"PERCENT_DAMAGE","seed_source_timestamp":241607744184095,"circlet_count":0,"master_deck":["AscendersBane","Strike_R","Strike_R","Strike_R","Strike_R","Defend_R","Defend_R","Defend_R","Defend_R","Bash","Infernal Blade","Shockwave","True Grit+1","Spot Weakness+1","Wild Strike","Heavy Blade","Combust","Evolve"],"special_seed":0,"relics":["Burning Blood","ClockworkSouvenir","Smiling Mask","Bag of Preparation","Red Skull"],"potions_floor_usage":[16],"damage_taken":[{"damage":4.0,"enemies":"2 Louse","floor":1.0,"turns":4.0},{"damage":0.0,"enemies":"Cultist","floor":4.0,"turns":3.0},{"damage":12.0,"enemies":"Jaw Worm","floor":5.0,"turns":2.0},{"damage":24.0,"enemies":"Gremlin Nob","floor":7.0,"turns":4.0},{"damage":8,"enemies":"Blue Slaver","floor":8,"turns":3},{"damage":3,"enemies":"Looter","floor":11,"turns":3},{"damage":0,"enemies":"Lots of Slimes","floor":12,"turns":1},{"damage":38,"enemies":"3 Sentries","floor":13,"turns":5},{"damage":9,"enemies":"Red Slaver","floor":14,"turns":3},{"damage":39,"enemies":"Hexaghost","floor":16,"turns":9}],"seed_played":"-6759193087418226631","potions_obtained":[{"floor":3.0,"key":"AttackPotion"},{"floor":3.0,"key":"Fruit Juice"},{"floor":8,"key":"GamblersBrew"},{"floor":12,"key":"LiquidBronze"},{"floor":13,"key":"Weak Potion"}],"is_trial":false,"path_per_floor":["M","$","?","M","M","R","E","M","T","R","M","M","E","M","R","B"],"character_chosen":"IRONCLAD","items_purchased":["ClockworkSouvenir"],"campfire_rested":1,"item_purchase_floors":[2],"current_hp_per_floor":[52,52,57,63,57,57,39,37,37,37,40,46,14,11,35,0],"gold":197,"neow_bonus":"TWO_FIFTY_GOLD","is_prod":false,"is_daily":false,"chose_seed":false,"campfire_upgraded":2,"win_rate":0,"timestamp":1563693362,"path_taken":["M","$","?","M","M","R","E","M","T","R","?","M","E","M","R","BOSS"],"build_version":"2019-07-17","purchased_purges":1,"victory":false,"max_hp_per_floor":[75,75,80,80,80,80,80,80,80,80,80,80,80,80,80,80],"card_choices":[{"not_picked":["Iron Wave","Twin Strike"],"picked":"Infernal Blade","floor":1.0},{"not_picked":["Infernal Blade","Headbutt"],"picked":"Shockwave","floor":4.0},{"not_picked":["Shrug It Off","Intimidate"],"picked":"True Grit","floor":5.0},{"not_picked":["Anger","Pummel"],"picked":"Spot Weakness","floor":7.0},{"not_picked":["Shrug It Off","Feel No Pain"],"picked":"Wild Strike","floor":8},{"not_picked":["Shrug It Off","Corruption"],"picked":"Heavy Blade","floor":11},{"not_picked":["Sever Soul","Clothesline"],"picked":"Combust","floor":12},{"not_picked":["Anger","Thunderclap","Juggernaut"],"picked":"SKIP","floor":13},{"not_picked":["Heavy Blade","Cleave"],"picked":"Evolve","floor":14}],"player_experience":1007172,"relics_obtained":[{"floor":7.0,"key":"Smiling Mask"},{"floor":9,"key":"Bag of Preparation"},{"floor":13,"key":"Red Skull"}],"event_choices":[{"damage_healed":0.0,"max_hp_gain":0.0,"max_hp_loss":0.0,"gold_gain":0.0,"event_name":"The Woman in Blue","player_choice":"Bought 2 Potions","floor":3.0,"gold_loss":0.0,"damage_taken":0.0}],"is_beta":false,"boss_relics":[],"items_purged_floors":[2],"is_endless":false,"potions_floor_spawned":[8,12,13,14],"killed_by":"Hexaghost","ascension_level":20}