{"gold_per_floor":[113,113,128,1,76,87,101,130,130,150,150],"floor_reached":11,"playtime":322,"items_purged":["Doubt"],"score":75,"play_id":"47677513-dfc7-4f8f-8db7-d717914b7025","local_time":"20190428180222","is_ascension_mode":false,"campfire_choices":[],"neow_cost":"NONE","seed_source_timestamp":74591853660083,"circlet_count":0,"master_deck":["Strike_R","Strike_R","Strike_R","Strike_R","Defend_R","Defend_R","Defend_R","Defend_R","Bash","Thunderclap","Iron Wave","Juggernaut","Ghostly Armor","Body Slam"],"relics":["Burning Blood","NeowsBlessing","Lantern"],"potions_floor_usage":[6,11,11],"damage_taken":[{"damage":0,"enemies":"Small Slimes","floor":1,"turns":2},{"damage":0,"enemies":"Cultist","floor":3,"turns":1},{"damage":0,"enemies":"2 Louse","floor":6,"turns":1},{"damage":18,"enemies":"Blue Slaver","floor":7,"turns":5},{"damage":38,"enemies":"Gremlin Nob","floor":8,"turns":5},{"damage":19,"enemies":"Exordium Thugs","floor":10,"turns":5},{"damage":27,"enemies":"Lagavulin","floor":11,"turns":6}],"seed_played":"3142602098697802842","potions_obtained":[{"floor":3,"key":"GamblersBrew"},{"floor":6,"key":"Fruit Juice"},{"floor":7,"key":"Swift Potion"}],"is_trial":false,"path_per_floor":["M","?","M","$","?","M","M","E","T","M","E"],"character_chosen":"IRONCLAD","items_purchased":["Thunderclap"],"campfire_rested":0,"item_purchase_floors":[4],"current_hp_per_floor":[80,80,80,80,69,80,68,36,36,23,0],"gold":150,"neow_bonus":"THREE_ENEMY_KILL","is_prod":false,"is_daily":false,"chose_seed":false,"campfire_upgraded":0,"win_rate":0,"timestamp":1556492542,"path_taken":["M","?","?","$","?","M","M","E","T","M","E"],"build_version":"2019-01-23","purchased_purges":1,"victory":false,"max_hp_per_floor":[80,80,80,80,80,85,85,85,85,85,85],"card_choices":[{"not_picked":["Twin Strike","Sword Boomerang","Clash"],"picked":"SKIP","floor":1},{"not_picked":["Headbutt","Cleave","Havoc"],"picked":"SKIP","floor":3},{"not_picked":["Reckless Charge","Combust"],"picked":"Iron Wave","floor":6},{"not_picked":["Twin Strike","Clothesline"],"picked":"Juggernaut","floor":7},{"not_picked":["True Grit","Infernal Blade"],"picked":"Ghostly Armor","floor":8},{"not_picked":["Dropkick","Armaments"],"picked":"Body Slam","floor":10}],"player_experience":794586,"relics_obtained":[{"floor":8,"key":"Lantern"}],"event_choices":[{"cards_removed":["Strike_R"],"damage_healed":0,"gold_gain":0,"player_choice":"Took Card","damage_taken":0,"max_hp_gain":0,"max_hp_loss":0,"event_name":"NoteForYourself","floor":2,"gold_loss":0,"cards_obtained":["Doubt"]},{"damage_healed":0,"gold_gain":75,"player_choice":"Gather Gold","damage_taken":11,"max_hp_gain":0,"max_hp_loss":0,"event_name":"World of Goop","floor":5,"gold_loss":0}],"is_beta":false,"boss_relics":[],"items_purged_floors":[4],"is_endless":false,"potions_floor_spawned":[3,6,7],"killed_by":"Lagavulin","ascension_level":0}