{"path_per_floor":["M","$","?","M","M","R","M","$","T","E","M","R","?","M","R","B",null,"M","?","?","?","M","R","$","M","T","E","R","M","R","M","R"],"character_chosen":"DEFECT","items_purchased":["Glacier"],"gold_per_floor":[116,0,100,118,128,128,144,44,44,70,89,89,54,65,65,168,168,180,105,105,105,120,120,120,137,186,214,214,227,227,243,243,243],"floor_reached":33,"campfire_rested":1,"playtime":1963,"current_hp_per_floor":[60,60,60,57,53,53,51,51,51,33,33,33,51,39,39,33,65,58,58,58,58,57,61,61,59,59,58,64,54,60,28,56,0],"items_purged":["Defend_B","Defend_B"],"gold":243,"score":387,"play_id":"62be9de3-40ea-413a-8fb4-80d723291f4b","local_time":"20180518120730","is_prod":false,"is_daily":false,"chose_seed":false,"is_ascension_mode":true,"campfire_upgraded":6,"timestamp":1526638050,"campfire_choices":[{"data":"Zap","floor":6.0,"key":"SMITH"},{"data":"Coolheaded","floor":12.0,"key":"SMITH"},{"data":"Coolheaded","floor":15.0,"key":"SMITH"},{"data":"Dualcast","floor":23.0,"key":"SMITH"},{"data":"Coolheaded","floor":28.0,"key":"SMITH"},{"data":"Go for the Eyes","floor":30.0,"key":"SMITH"},{"floor":32,"key":"REST"}],"path_taken":["M","$","?","M","?","R","M","$","T","E","M","R","?","M","R","BOSS","M","?","?","?","M","R","?","M","T","E","R","M","R","M","R","BOSS"],"build_version":"2018-05-17","seed_source_timestamp":28005450356412,"purchased_purges":3,"victory":false,"master_deck":["Strike_B","Strike_B","Defend_B","Defend_B","Zap+1","Dualcast+1","Reprogram","Glacier","Go for the Eyes+1","Coolheaded+1","Coolheaded+1","Genetic Algorithm","Reboot","Ball Lightning","Coolheaded+1","Fusion+1"],"max_hp_per_floor":[75,75,75,75,75,75,75,75,75,75,75,75,75,75,75,75,75,75,75,75,75,75,75,75,75,75,75,75,75,75,75,75,75],"relics":["Cracked Core","Bronze Scales","Shuriken","Eternal Feather","Bag of Marbles","Anchor"],"card_choices":[{"not_picked":["Stack","Consume","White Noise"],"picked":"SKIP","floor":1.0},{"not_picked":["Axe Kick","Streamline"],"picked":"Go for the Eyes","floor":4.0},{"not_picked":["Undo","Doom and Gloom"],"picked":"Coolheaded","floor":5.0},{"not_picked":["Doom and Gloom","Rebound"],"picked":"Coolheaded","floor":7.0},{"not_picked":["Capacitor","Redo","Skim"],"picked":"SKIP","floor":10.0},{"not_picked":["Recycle","Barrage","Reinforced Body"],"picked":"SKIP","floor":11.0},{"not_picked":["Streamline","Cold Snap"],"picked":"Genetic Algorithm","floor":14.0},{"not_picked":["Buffer","Thunder Strike"],"picked":"Reboot","floor":16.0},{"not_picked":["Streamline","Sunder"],"picked":"Ball Lightning","floor":18.0},{"not_picked":["Lockon+1","Reinforced Body","Skim+1"],"picked":"SKIP","floor":22.0},{"not_picked":["Cold Snap+1","Double Energy","Skim"],"picked":"SKIP","floor":25.0},{"not_picked":["Multi-Cast","Cold Snap+1"],"picked":"Coolheaded","floor":27.0},{"not_picked":["Ball Lightning+1","Steam Power"],"picked":"Fusion+1","floor":29.0},{"not_picked":["Chill","Cold Snap","Turbo"],"picked":"SKIP","floor":31}],"player_experience":687105,"potions_floor_usage":[33,33],"damage_taken":[{"damage":8.0,"enemies":"Small Slimes","floor":1.0,"turns":3.0},{"damage":3.0,"enemies":"Cultist","floor":4.0,"turns":6.0},{"damage":4.0,"enemies":"Jaw Worm","floor":5.0,"turns":3.0},{"damage":2.0,"enemies":"3 Louse","floor":7.0,"turns":3.0},{"damage":18.0,"enemies":"Lagavulin","floor":10.0,"turns":7.0},{"damage":0.0,"enemies":"Blue Slaver","floor":11.0,"turns":4.0},{"damage":12.0,"enemies":"Red Slaver","floor":14.0,"turns":3.0},{"damage":6.0,"enemies":"The Guardian","floor":16.0,"turns":14.0},{"damage":7.0,"enemies":"Spheric Guardian","floor":18.0,"turns":8.0},{"damage":1.0,"enemies":"Chosen","floor":22.0,"turns":7.0},{"damage":2.0,"enemies":"Centurion and Healer","floor":25.0,"turns":8.0},{"damage":1.0,"enemies":"Book of Stabbing","floor":27.0,"turns":7.0},{"damage":10.0,"enemies":"Sentry and Sphere","floor":29.0,"turns":7.0},{"damage":32,"enemies":"Cultist and Chosen","floor":31,"turns":8},{"damage":70,"enemies":"Collector","floor":33,"turns":7}],"relics_obtained":[{"floor":9.0,"key":"Bronze Scales"},{"floor":10.0,"key":"Shuriken"},{"floor":26.0,"key":"Bag of Marbles"},{"floor":27.0,"key":"Anchor"}],"event_choices":[{"event_name":"Golden Shrine","player_choice":"Pray","floor":3.0,"damage_taken":0.0},{"event_name":"The Cleric","player_choice":"Healed","floor":13.0,"damage_taken":0.0},{"event_name":"Beggar","player_choice":"Gave Gold","floor":19.0,"damage_taken":0.0},{"event_name":"The Lab","player_choice":"Got Potions","floor":20.0,"damage_taken":0.0},{"event_name":"Ghosts","player_choice":"Ignored","floor":21.0,"damage_taken":0.0}],"boss_relics":[],"potions_floor_spawned":[4,5,10,14,18,27,31],"seed_played":"5060754271316163587","killed_by":"Collector","ascension_level":9,"potions_obtained":[{"floor":4.0,"key":"Fire Potion"},{"floor":5.0,"key":"PowerPotion"},{"floor":10.0,"key":"FocusPotion"},{"floor":14.0,"key":"Weak Potion"},{"floor":20.0,"key":"Regen Potion"},{"floor":27.0,"key":"Strength Potion"}],"is_trial":false}