{"gold_per_floor":[119,194,1,19,19,47,47,77,77,97,24,24,38,38,38,138,138,155,186,186,206,216,216,216],"floor_reached":24,"playtime":702,"items_purged":["Defend_R"],"score":263,"play_id":"653933ca-f630-4e4f-8d58-7c2cfb25ec73","local_time":"20190702000150","is_ascension_mode":true,"campfire_choices":[{"data":"Whirlwind","floor":7,"key":"SMITH"},{"data":"Combust","floor":12,"key":"SMITH"},{"data":"Whirlwind","floor":15,"key":"SMITH"},{"data":"Limit Break","floor":23,"key":"SMITH"}],"neow_cost":"NONE","seed_source_timestamp":1578699516767892,"circlet_count":0,"master_deck":["Strike_R","Strike_R","Strike_R","Strike_R","Strike_R","Defend_R","Defend_R","Bash","Sword Boomerang","Battle Trance","Combust+1","Whirlwind+1","Whirlwind+1","Rupture","Spot Weakness","Inflame","Perfected Strike","Limit Break+1"],"relics":["Burning Blood","NeowsBlessing","Gremlin Horn","Art of War","Bottled Tornado","Philosopher\u0027s Stone","Red Mask"],"potions_floor_usage":[16,16,19,24],"damage_taken":[{"damage":0,"enemies":"2 Louse","floor":1,"turns":1},{"damage":0,"enemies":"Jaw Worm","floor":4,"turns":1},{"damage":0,"enemies":"3 Sentries","floor":6,"turns":2},{"damage":32,"enemies":"Gremlin Nob","floor":8,"turns":4},{"damage":1,"enemies":"Small Slimes","floor":10,"turns":1},{"damage":15,"enemies":"Red Slaver","floor":13,"turns":2},{"damage":40,"enemies":"The Guardian","floor":16,"turns":7},{"damage":16,"enemies":"Chosen","floor":18,"turns":3},{"damage":16,"enemies":"Masked Bandits","floor":19,"turns":2},{"damage":8,"enemies":"3 Byrds","floor":21,"turns":2},{"damage":50,"enemies":"Shelled Parasite and Fungi","floor":22,"turns":4},{"damage":16,"enemies":"Gremlin Leader","floor":24,"turns":2}],"seed_played":"-292731077115999951","potions_obtained":[{"floor":4,"key":"Weak Potion"},{"floor":6,"key":"SkillPotion"},{"floor":18,"key":"LiquidBronze"},{"floor":19,"key":"Weak Potion"}],"is_trial":false,"path_per_floor":["M","?","$","M","$","E","R","E","T","M","$","R","M","?","R","B",null,"M","?","?","M","M","R","E"],"character_chosen":"IRONCLAD","items_purchased":["Battle Trance","Combust","Spot Weakness"],"campfire_rested":0,"item_purchase_floors":[3,3,11],"current_hp_per_floor":[80,69,69,75,75,80,80,54,54,59,59,59,50,50,50,16,80,70,60,60,58,14,14,0],"gold":216,"neow_bonus":"THREE_ENEMY_KILL","is_prod":false,"is_daily":false,"chose_seed":false,"campfire_upgraded":4,"win_rate":0,"timestamp":1562040110,"path_taken":["M","?","$","M","$","E","R","E","T","M","?","R","M","?","R","BOSS","M","?","?","M","?","R","E"],"build_version":"2019-07-01","purchased_purges":1,"victory":false,"max_hp_per_floor":[80,80,80,80,80,80,80,80,80,80,80,80,80,80,80,80,80,80,80,80,80,80,80,80],"card_choices":[{"not_picked":["Havoc","Dual Wield"],"picked":"Sword Boomerang","floor":1},{"not_picked":["Warcry","Thunderclap","Searing Blow"],"picked":"SKIP","floor":4},{"not_picked":["Sword Boomerang","Armaments"],"picked":"Whirlwind","floor":6},{"not_picked":["True Grit","Twin Strike"],"picked":"Whirlwind","floor":8},{"not_picked":["Twin Strike","Wild Strike"],"picked":"Rupture","floor":10},{"not_picked":["Pommel Strike","Metallicize"],"picked":"Inflame","floor":13},{"not_picked":["Immolate","Bludgeon"],"picked":"Limit Break","floor":16},{"not_picked":["Seeing Red","Iron Wave","Heavy Blade"],"picked":"SKIP","floor":18},{"not_picked":["Iron Wave","Wild Strike","Shrug It Off"],"picked":"SKIP","floor":21},{"not_picked":["Juggernaut","Headbutt","Armaments+1"],"picked":"SKIP","floor":22}],"player_experience":110559,"relics_obtained":[{"floor":6,"key":"Gremlin Horn"},{"floor":8,"key":"Art of War"},{"floor":9,"key":"Bottled Tornado"},{"floor":19,"key":"Red Mask"}],"event_choices":[{"damage_healed":0,"gold_gain":75,"player_choice":"Gather Gold","damage_taken":11,"max_hp_gain":0,"max_hp_loss":0,"event_name":"World of Goop","floor":2,"gold_loss":0},{"damage_healed":0,"gold_gain":0,"cards_transformed":["Defend_R"],"player_choice":"Transformed","damage_taken":0,"max_hp_gain":0,"max_hp_loss":0,"event_name":"Transmorgrifier","floor":14,"gold_loss":0,"cards_obtained":["Perfected Strike"]},{"damage_healed":0,"gold_gain":0,"player_choice":"Fought Bandits","damage_taken":0,"max_hp_gain":0,"max_hp_loss":0,"event_name":"Masked Bandits","floor":19,"gold_loss":0},{"damage_healed":0,"gold_gain":0,"player_choice":"Bought 0 Potions","damage_taken":0,"max_hp_gain":0,"max_hp_loss":0,"event_name":"The Woman in Blue","floor":20,"gold_loss":0}],"is_beta":false,"boss_relics":[{"not_picked":["Busted Crown","Black Blood"],"picked":"Philosopher\u0027s Stone"}],"items_purged_floors":[3],"is_endless":false,"potions_floor_spawned":[4,6,18,19],"killed_by":"Gremlin Leader","ascension_level":3}