{"path_per_floor":["M","M","?","?","T","R","E","R","T","$","E","M","E","?","R","B",null,"M","M","M","M","$","R","E","?","T","R","?","E","M","M","R"],"character_chosen":"DEFECT","items_purchased":["Electrodynamics","Singing Bowl","FTL"],"gold_per_floor":[117,128,128,128,128,128,202,202,202,40,71,95,133,133,133,259,259,280,294,317,338,128,128,164,164,218,218,218,257,282,307,307,307],"floor_reached":33,"campfire_rested":2,"playtime":1141,"current_hp_per_floor":[75,71,53,53,60,60,36,36,36,36,29,28,19,19,19,7,82,82,79,71,50,50,50,41,25,25,49,49,36,10,7,34,0],"items_purged":["Strike_B"],"gold":307,"score":343,"play_id":"9f47d1c4-0809-4fae-9733-f3d8017eaa7d","local_time":"20180516230942","is_prod":false,"is_daily":false,"chose_seed":false,"is_ascension_mode":true,"campfire_upgraded":4,"timestamp":1526504982,"path_taken":["M","M","?","?","?","R","E","R","T","$","E","?","E","?","R","BOSS","M","M","M","M","$","R","E","?","T","R","?","E","M","M","R","BOSS"],"build_version":"2018-05-15","seed_source_timestamp":260113691356279,"purchased_purges":1,"victory":false,"master_deck":["Strike_B","Strike_B","Defend_B","Defend_B","Defend_B","Defend_B","Zap+1","Dualcast+1","Thunder Strike","Ball Lightning","Genetic Algorithm","Steam","Electrodynamics+1","Capacitor+1","Turbo+1","Multi-Cast+1","Coolheaded+1","FTL","Seek","Necronomicurse","Defragment+1"],"max_hp_per_floor":[75,75,75,75,82,82,82,82,82,82,82,82,82,82,82,82,82,82,82,82,82,82,82,82,82,82,82,82,84,88,90,90,90],"relics":["Cracked Core","Golden Idol","Strawberry","Tiny Chest","Frozen Egg 2","Blue Candle","Oddly Smooth Stone","The Courier","Sozu","Singing Bowl","Bag of Marbles","Necronomicon","Prayer Wheel","Bronze Scales"],"card_choices":[{"not_picked":["Double Energy","Beam Cell"],"picked":"Ball Lightning","floor":1},{"not_picked":["Melter","Leap"],"picked":"Genetic Algorithm","floor":2},{"not_picked":["Rebound","Skim"],"picked":"Steam","floor":7},{"not_picked":["Leap","Skim"],"picked":"Capacitor+1","floor":11},{"not_picked":["Rebound","Thunder Strike"],"picked":"Turbo","floor":12},{"not_picked":["Go for the Eyes","Creative AI+1","Scrape"],"picked":"SKIP","floor":13},{"not_picked":["Thunder Strike","Hyperbeam"],"picked":"Multi-Cast","floor":16},{"not_picked":["Capacitor+1","Beam Cell","Hologram"],"picked":"SKIP","floor":18},{"not_picked":["Capacitor+1","Force Field+1","Aggregate"],"picked":"SKIP","floor":19},{"not_picked":["Stack","Reprogram+1"],"picked":"Coolheaded+1","floor":20},{"not_picked":["Hologram","Rip and Tear+1","Streamline"],"picked":"SKIP","floor":21},{"not_picked":["Beam Cell","Capacitor+1"],"picked":"Seek","floor":24},{"not_picked":["Darkness","Gash","Barrage"],"picked":"Singing Bowl","floor":29},{"not_picked":["Tempest","Capacitor+1","Conserve Battery"],"picked":"Singing Bowl","floor":30},{"not_picked":["Lockon","Skim","Rebound"],"picked":"Singing Bowl","floor":30},{"not_picked":["Sweeping Beam+1","Leap","Rebound"],"picked":"Singing Bowl","floor":31},{"not_picked":["Streamline","Capacitor+1"],"picked":"Defragment+1","floor":31}],"player_experience":668840,"potions_floor_usage":[13,31],"damage_taken":[{"damage":0,"enemies":"Small Slimes","floor":1,"turns":4},{"damage":4,"enemies":"2 Louse","floor":2,"turns":2},{"damage":24,"enemies":"3 Sentries","floor":7,"turns":7},{"damage":7,"enemies":"Lagavulin","floor":11,"turns":5},{"damage":1,"enemies":"Jaw Worm","floor":12,"turns":3},{"damage":9,"enemies":"3 Sentries","floor":13,"turns":5},{"damage":12,"enemies":"Hexaghost","floor":16,"turns":8},{"damage":0,"enemies":"Chosen","floor":18,"turns":4},{"damage":3,"enemies":"Shell Parasite","floor":19,"turns":4},{"damage":8,"enemies":"3 Cultists","floor":20,"turns":4},{"damage":21,"enemies":"Snake Plant","floor":21,"turns":4},{"damage":9,"enemies":"Gremlin Leader","floor":24,"turns":5},{"damage":15,"enemies":"Slavers","floor":29,"turns":2},{"damage":30,"enemies":"Chosen and Byrds","floor":30,"turns":6},{"damage":5,"enemies":"Centurion and Healer","floor":31,"turns":6},{"damage":37,"enemies":"Automaton","floor":33,"turns":6}],"relics_obtained":[{"floor":5,"key":"Strawberry"},{"floor":7,"key":"Tiny Chest"},{"floor":9,"key":"Frozen Egg 2"},{"floor":11,"key":"Blue Candle"},{"floor":13,"key":"Oddly Smooth Stone"},{"floor":24,"key":"Bag of Marbles"},{"floor":25,"key":"Necronomicon"},{"floor":26,"key":"Prayer Wheel"},{"floor":29,"key":"Bronze Scales"}],"event_choices":[{"event_name":"Golden Idol","player_choice":"Take Damage","floor":3,"damage_taken":0},{"event_name":"Living Wall","player_choice":"Forget","floor":4,"damage_taken":0},{"event_name":"Dead Adventurer","player_choice":"Searched \u00271\u0027 times","floor":14,"damage_taken":0},{"event_name":"Cursed Tome","player_choice":"Obtained Book","floor":25,"damage_taken":0},{"event_name":"Ghosts","player_choice":"Ignored","floor":28,"damage_taken":0}],"boss_relics":[{"not_picked":["White Beast Statue","Cursed Key"],"picked":"Sozu"}],"potions_floor_spawned":[7,16,20,21,24,30],"seed_played":"5737311502440912305","killed_by":"Automaton","ascension_level":1,"potions_obtained":[{"floor":7,"key":"Dexterity Potion"},{"floor":16,"key":"EssenceOfSteel"}],"is_trial":false}