{"gold_per_floor":[114,126,126,51,62,62,87,100,100,135,135,54,54,73,73,73],"floor_reached":16,"playtime":491,"items_purged":["Strike_R"],"score":220,"play_id":"2bbdc036-6b57-4ddf-a8eb-e6ba9adcc76e","local_time":"20190713175653","is_ascension_mode":true,"campfire_choices":[{"data":"Bash","floor":6,"key":"SMITH"},{"data":"Strike_R","floor":11,"key":"PURGE"},{"data":"Defend_R","floor":13,"key":"PURGE"},{"data":"Strike_R","floor":15,"key":"PURGE"}],"neow_cost":"NONE","seed_source_timestamp":432407668586242,"circlet_count":0,"master_deck":["AscendersBane","Strike_R","Strike_R","Defend_R","Defend_R","Defend_R","Bash+1","Twin Strike","Whirlwind+1","Shrug It Off","Iron Wave","Metallicize"],"special_seed":0,"relics":["Burning Blood","Peace Pipe","Mummified Hand","Singing Bowl"],"potions_floor_usage":[10,16],"damage_taken":[{"damage":7,"enemies":"Small Slimes","floor":1,"turns":4},{"damage":6,"enemies":"Cultist","floor":2,"turns":3},{"damage":3,"enemies":"2 Louse","floor":5,"turns":2},{"damage":27,"enemies":"3 Sentries","floor":7,"turns":5},{"damage":8,"enemies":"Blue Slaver","floor":8,"turns":5},{"damage":35,"enemies":"Lagavulin","floor":10,"turns":4},{"damage":1,"enemies":"2 Fungi Beasts","floor":14,"turns":4},{"damage":41,"enemies":"Hexaghost","floor":16,"turns":9}],"seed_played":"-8814630597679546910","potions_obtained":[{"floor":1,"key":"EssenceOfSteel"},{"floor":2,"key":"Regen Potion"},{"floor":7,"key":"Energy Potion"},{"floor":10,"key":"GamblersBrew"}],"is_trial":false,"path_per_floor":["M","M","?","$","M","R","E","M","T","E","R","$","R","M","R","B"],"character_chosen":"IRONCLAD","items_purchased":["Metallicize"],"campfire_rested":0,"item_purchase_floors":[12],"current_hp_per_floor":[67,67,67,67,70,70,49,47,47,20,20,20,20,27,27,0],"gold":73,"neow_bonus":"THREE_CARDS","is_prod":false,"is_daily":false,"chose_seed":false,"campfire_upgraded":1,"win_rate":0,"timestamp":1563008213,"path_taken":["M","M","?","$","?","R","E","M","T","E","R","?","R","M","R","BOSS"],"build_version":"2019-07-05","purchased_purges":1,"victory":false,"max_hp_per_floor":[75,75,75,75,75,75,75,75,75,77,77,77,77,79,79,79],"card_choices":[{"not_picked":["Infernal Blade","Body Slam"],"picked":"Twin Strike","floor":0.0},{"not_picked":["Dropkick","Body Slam"],"picked":"Whirlwind","floor":1},{"not_picked":["Combust","Clothesline"],"picked":"Shrug It Off","floor":2},{"not_picked":["Searing Blow","Havoc","Wild Strike"],"picked":"SKIP","floor":5},{"not_picked":["Thunderclap","Heavy Blade"],"picked":"Iron Wave","floor":7},{"not_picked":["Burning Pact","Whirlwind","Sever Soul"],"picked":"SKIP","floor":8},{"not_picked":["Iron Wave","Warcry","Juggernaut"],"picked":"Singing Bowl","floor":10},{"not_picked":["Shockwave","Warcry","Sword Boomerang"],"picked":"Singing Bowl","floor":14}],"player_experience":977979,"relics_obtained":[{"floor":7,"key":"Peace Pipe"},{"floor":9,"key":"Mummified Hand"},{"floor":10,"key":"Singing Bowl"}],"event_choices":[{"damage_healed":0,"gold_gain":0,"player_choice":"Forge","damage_taken":0,"max_hp_gain":0,"max_hp_loss":0,"event_name":"Accursed Blacksmith","floor":3,"gold_loss":0,"cards_upgraded":["Whirlwind"]}],"is_beta":false,"boss_relics":[],"items_purged_floors":[4],"is_endless":false,"potions_floor_spawned":[1,2,5,7,10],"killed_by":"Hexaghost","ascension_level":20}