{"gold_per_floor":[118,118,134,59,59,98,98,117,140,140,171,183,226,238,250,262],"floor_reached":16,"playtime":536,"items_purged":["Shame"],"score":133,"play_id":"b19280f9-d490-494c-9d2d-da3e7ee51cb2","local_time":"20190730212359","is_ascension_mode":false,"campfire_choices":[{"floor":12,"key":"REST"},{"floor":15,"key":"REST"}],"neow_cost":"CURSE","seed_source_timestamp":1652344159175403,"circlet_count":0,"master_deck":["Strike_B","Strike_B","Strike_B","Strike_B","Defend_B","Defend_B","Defend_B","Defend_B","Zap","Dualcast","Beam Cell","Creative AI","Self Repair","Melter","Double Energy"],"relics":["Cracked Core","Mango","Golden Idol","Strawberry","Regal Pillow","MawBank","Cables"],"potions_floor_usage":[6],"damage_taken":[{"damage":12,"enemies":"2 Louse","floor":1,"turns":2},{"damage":1,"enemies":"Jaw Worm","floor":3,"turns":4},{"damage":16,"enemies":"Lagavulin","floor":6,"turns":5},{"damage":2,"enemies":"Small Slimes","floor":8,"turns":3},{"damage":24,"enemies":"Blue Slaver","floor":11,"turns":4},{"damage":44,"enemies":"3 Sentries","floor":13,"turns":7},{"damage":89,"enemies":"The Guardian","floor":16,"turns":13}],"seed_played":"2402057603309125629","potions_obtained":[{"floor":1,"key":"AttackPotion"},{"floor":13,"key":"Dexterity Potion"}],"is_trial":false,"path_per_floor":["M","?","M","$","?","E","$","M","T","?","M","R","E","?","R","B"],"character_chosen":"DEFECT","items_purchased":[],"campfire_rested":2,"item_purchase_floors":[],"current_hp_per_floor":[77,77,76,76,81,72,72,70,70,58,41,86,49,42,87,0],"gold":262,"neow_bonus":"ONE_RARE_RELIC","is_prod":false,"is_daily":false,"chose_seed":false,"campfire_upgraded":0,"win_rate":0,"timestamp":1564536239,"path_taken":["M","?","M","$","?","E","$","M","T","?","?","R","E","?","R","BOSS"],"build_version":"2019-07-17","purchased_purges":1,"victory":false,"max_hp_per_floor":[89,89,89,89,94,101,101,101,101,101,101,101,101,101,101,101],"card_choices":[{"not_picked":["Streamline","Cold Snap","Chill"],"picked":"SKIP","floor":1},{"not_picked":["Coolheaded","Leap"],"picked":"Beam Cell","floor":3},{"not_picked":["Rebound","Force Field"],"picked":"Creative AI","floor":6},{"not_picked":["Go for the Eyes","Coolheaded"],"picked":"Self Repair","floor":8},{"not_picked":["Redo","Ball Lightning"],"picked":"Melter","floor":11},{"not_picked":["Streamline","Ball Lightning"],"picked":"Double Energy","floor":13}],"player_experience":242056,"relics_obtained":[{"floor":6,"key":"Strawberry"},{"floor":9,"key":"Regal Pillow"},{"floor":13,"key":"Cables"}],"event_choices":[{"damage_healed":0,"gold_gain":0,"player_choice":"Take Wound","damage_taken":0,"relics_obtained":["Golden Idol"],"max_hp_gain":0,"max_hp_loss":0,"event_name":"Golden Idol","floor":2,"gold_loss":0,"cards_obtained":["Injury"]},{"damage_healed":0,"gold_gain":0,"player_choice":"Donut","damage_taken":0,"max_hp_gain":5,"max_hp_loss":0,"event_name":"Big Fish","floor":5,"gold_loss":0},{"damage_healed":0,"gold_gain":0,"player_choice":"Success","damage_taken":12,"relics_obtained":["MawBank"],"max_hp_gain":0,"max_hp_loss":0,"event_name":"Scrap Ooze","floor":10,"gold_loss":0},{"cards_removed":["Injury"],"damage_healed":0,"gold_gain":0,"player_choice":"Card Removal","damage_taken":7,"max_hp_gain":0,"max_hp_loss":0,"event_name":"Golden Wing","floor":14,"gold_loss":0}],"is_beta":false,"boss_relics":[],"items_purged_floors":[4],"is_endless":false,"potions_floor_spawned":[1,13],"killed_by":"The Guardian","ascension_level":0}