{"gold_per_floor":[362,362,362,376,393,393,407,419,442,454,466,107,120,132,132,210,210,225,9,9,21,21,21,21,39,39,39,67,67,67,84,84,84],"floor_reached":33,"playtime":989,"items_purged":["Defend_R"],"score":508,"play_id":"6dee58b6-026c-4b57-8a3f-426955931ceb","local_time":"20190205123131","is_ascension_mode":true,"campfire_choices":[{"data":"Metallicize","floor":6.0,"key":"SMITH"},{"data":"Flame Barrier","floor":15.0,"key":"SMITH"},{"data":"Limit Break","floor":23.0,"key":"SMITH"},{"floor":29.0,"key":"REST"},{"data":"Heavy Blade","floor":32.0,"key":"SMITH"}],"neow_cost":"TEN_PERCENT_HP_LOSS","seed_source_timestamp":337738352182341,"circlet_count":0,"master_deck":["AscendersBane","Strike_R","Strike_R","Strike_R","Defend_R","Defend_R","Bash+1","Iron Wave","Metallicize+1","Pommel Strike+1","Shrug It Off","Flame Barrier+1","Cleave","Limit Break+1","Infernal Blade+1","Searing Blow+1","Flex+1","Metallicize+1","Inflame","Heavy Blade+1","Headbutt","Headbutt"],"special_seed":0,"relics":["Burning Blood","MawBank","Smiling Mask","Shuriken","Astrolabe","DollysMirror","MutagenicStrength","Pear","Potion Belt"],"potions_floor_usage":[],"damage_taken":[{"damage":16.0,"enemies":"Jaw Worm","floor":1.0,"turns":4.0},{"damage":5.0,"enemies":"Small Slimes","floor":4.0,"turns":4.0},{"damage":1.0,"enemies":"Cultist","floor":5.0,"turns":3.0},{"damage":4.0,"enemies":"Blue Slaver","floor":7.0,"turns":5.0},{"damage":13.0,"enemies":"Looter","floor":8.0,"turns":4.0},{"damage":32.0,"enemies":"Gremlin Gang","floor":13.0,"turns":5.0},{"damage":0.0,"enemies":"2 Fungi Beasts","floor":14.0,"turns":5.0},{"damage":27.0,"enemies":"Slime Boss","floor":16.0,"turns":11.0},{"damage":27.0,"enemies":"2 Thieves","floor":18.0,"turns":5.0},{"damage":0.0,"enemies":"Chosen","floor":21.0,"turns":5.0},{"damage":14.0,"enemies":"Snake Plant","floor":25.0,"turns":4.0},{"damage":29.0,"enemies":"Gremlin Leader","floor":28.0,"turns":7.0},{"damage":3.0,"enemies":"Snecko","floor":31.0,"turns":4.0},{"damage":76,"enemies":"Automaton","floor":33,"turns":6}],"seed_played":"-9193950735021880734","potions_obtained":[{"floor":4.0,"key":"EssenceOfSteel"},{"floor":7.0,"key":"SpeedPotion"},{"floor":8.0,"key":"PowerPotion"},{"floor":14.0,"key":"Dexterity Potion"},{"floor":18.0,"key":"Explosive Potion"},{"floor":21.0,"key":"Dexterity Potion"}],"is_trial":false,"path_per_floor":["M","?","?","M","M","R","M","M","T","?","?","$","M","M","R","B",null,"M","$","?","M","?","R","$","M","T","?","E","R","?","M","R","B"],"character_chosen":"IRONCLAD","items_purchased":["Shuriken","Shrug It Off","DollysMirror"],"campfire_rested":1,"item_purchase_floors":[12,12,19],"current_hp_per_floor":[58,58,58,59,64,64,66,59,59,54,54,54,28,34,34,13,54,33,33,33,39,39,39,39,31,41,41,18,41,41,44,44,0],"gold":84,"neow_bonus":"TWO_FIFTY_GOLD","is_prod":false,"is_daily":false,"chose_seed":false,"campfire_upgraded":4,"win_rate":0,"timestamp":1549366291,"path_taken":["M","?","?","M","M","R","M","?","T","?","?","$","M","?","R","BOSS","M","$","?","?","?","R","$","M","T","?","E","R","?","M","R","BOSS"],"build_version":"2019-01-23","purchased_purges":1,"victory":false,"max_hp_per_floor":[68,68,68,68,68,68,68,68,68,68,68,68,68,68,68,68,68,68,68,68,68,68,68,68,68,78,78,78,78,78,78,78,78],"card_choices":[{"not_picked":["Warcry","Perfected Strike"],"picked":"Iron Wave","floor":1.0},{"not_picked":["Uppercut","Armaments","Havoc"],"picked":"SKIP","floor":4.0},{"not_picked":["Shockwave","Havoc"],"picked":"Metallicize","floor":5.0},{"not_picked":["True Grit","Blood for Blood"],"picked":"Pommel Strike","floor":7.0},{"not_picked":["Pommel Strike","Immolate","Heavy Blade"],"picked":"SKIP","floor":8.0},{"not_picked":["Body Slam","Shrug It Off"],"picked":"Flame Barrier","floor":13.0},{"not_picked":["Wild Strike","Pommel Strike"],"picked":"Cleave","floor":14.0},{"not_picked":["Impervious","Offering"],"picked":"Limit Break","floor":16.0},{"not_picked":["Rage","Armaments"],"picked":"Flex+1","floor":18.0},{"not_picked":["Heavy Blade","Seeing Red"],"picked":"Inflame","floor":21.0},{"not_picked":["Sever Soul+1","Rage"],"picked":"Heavy Blade","floor":25.0},{"not_picked":["Infernal Blade","Metallicize"],"picked":"Headbutt","floor":28.0},{"not_picked":["Sword Boomerang","Inflame","Flex"],"picked":"SKIP","floor":31.0}],"player_experience":780496,"relics_obtained":[{"floor":9.0,"key":"MawBank"},{"floor":26.0,"key":"Pear"},{"floor":28.0,"key":"Potion Belt"}],"event_choices":[{"damage_healed":0.0,"max_hp_gain":0.0,"max_hp_loss":0.0,"gold_gain":0.0,"event_name":"Liars Game","player_choice":"Ignored","floor":2.0,"gold_loss":0.0,"damage_taken":0.0},{"damage_healed":0.0,"max_hp_gain":0.0,"max_hp_loss":0.0,"gold_gain":0.0,"event_name":"Upgrade Shrine","player_choice":"Upgraded","floor":3.0,"gold_loss":0.0,"damage_taken":0.0,"cards_upgraded":["Bash"]},{"damage_healed":0.0,"max_hp_gain":0.0,"max_hp_loss":0.0,"gold_gain":0.0,"event_name":"Scrap Ooze","player_choice":"Success","floor":10.0,"gold_loss":0.0,"damage_taken":5.0,"relics_obtained":["Smiling Mask"]},{"damage_healed":0.0,"max_hp_gain":0.0,"max_hp_loss":0.0,"gold_gain":0.0,"event_name":"Accursed Blacksmith","player_choice":"Forge","floor":11.0,"gold_loss":0.0,"damage_taken":0.0,"cards_upgraded":["Pommel Strike"]},{"damage_healed":0.0,"max_hp_gain":0.0,"max_hp_loss":0.0,"gold_gain":0.0,"event_name":"Match and Keep!","player_choice":"0 cards matched","floor":20.0,"gold_loss":0.0,"damage_taken":0.0,"cards_obtained":[]},{"damage_healed":0.0,"max_hp_gain":0.0,"max_hp_loss":0.0,"gold_gain":0.0,"event_name":"Drug Dealer","player_choice":"Inject Mutagens","floor":22.0,"gold_loss":0.0,"damage_taken":0.0,"relics_obtained":["MutagenicStrength"]},{"damage_healed":0.0,"max_hp_gain":0.0,"max_hp_loss":0.0,"gold_gain":0.0,"event_name":"Cursed Tome","player_choice":"Ignored","floor":27.0,"gold_loss":0.0,"damage_taken":0.0},{"damage_healed":0.0,"max_hp_gain":0.0,"max_hp_loss":0.0,"gold_gain":0.0,"cards_transformed":["Blood for Blood"],"event_name":"Transmorgrifier","player_choice":"Transformed","floor":30.0,"gold_loss":0.0,"damage_taken":0.0,"cards_obtained":["Headbutt"]}],"is_beta":false,"boss_relics":[{"not_picked":["Pandora\u0027s Box","Busted Crown"],"picked":"Astrolabe"}],"items_purged_floors":[12],"is_endless":false,"potions_floor_spawned":[4,7,8,14,18,21],"killed_by":"Automaton","ascension_level":16}