{"gold_per_floor":[114,125,125,200,200,200,220,220,220,241,45,45],"floor_reached":12,"playtime":239,"items_purged":[],"score":109,"play_id":"e2d2e014-08da-4e7e-acbf-646bf7537b43","local_time":"20190111001300","is_ascension_mode":true,"campfire_choices":[{"data":"Zap","floor":6,"key":"SMITH"}],"neow_cost":"NONE","seed_source_timestamp":336580804959891,"circlet_count":0,"master_deck":["AscendersBane","Strike_B","Strike_B","Strike_B","Strike_B","Defend_B","Defend_B","Defend_B","Defend_B","Zap+1","Dualcast","Seek","Redo","Ball Lightning","Coolheaded"],"special_seed":0,"relics":["Cracked Core","Bottled Lightning","Golden Idol","Gremlin Horn","ClockworkSouvenir"],"potions_floor_usage":[],"damage_taken":[{"damage":8.0,"enemies":"Jaw Worm","floor":1.0,"turns":4.0},{"damage":0.0,"enemies":"Small Slimes","floor":2.0,"turns":2.0},{"damage":4,"enemies":"2 Louse","floor":7,"turns":2},{"damage":11,"enemies":"Blue Slaver","floor":10,"turns":3},{"damage":20,"enemies":"3 Louse","floor":12,"turns":1}],"seed_played":"5846842067514222234","potions_obtained":[{"floor":2.0,"key":"Weak Potion"}],"is_trial":false,"path_per_floor":["M","M","?","?","T","R","M","?","T","M","$","M"],"character_chosen":"DEFECT","items_purchased":["ClockworkSouvenir"],"campfire_rested":0,"item_purchase_floors":[11],"current_hp_per_floor":[60,60,60,49,49,49,45,27,27,16,16,0],"gold":45,"neow_bonus":"ONE_RANDOM_RARE_CARD","is_prod":false,"is_daily":false,"chose_seed":false,"campfire_upgraded":1,"win_rate":0,"timestamp":1547161980,"path_taken":["M","M","?","?","?","R","M","?","T","M","$","?"],"build_version":"2019-01-03v4","purchased_purges":0,"victory":false,"max_hp_per_floor":[75,75,75,75,75,75,75,75,75,75,75,75],"card_choices":[{"not_picked":["Steam","White Noise"],"picked":"Redo","floor":1.0},{"not_picked":["Rip and Tear","Darkness","Gash"],"picked":"SKIP","floor":2.0},{"not_picked":["Streamline","Biased Cognition"],"picked":"Ball Lightning","floor":7},{"not_picked":["Redo","Reprogram"],"picked":"Coolheaded","floor":10}],"player_experience":685588,"relics_obtained":[{"floor":5,"key":"Bottled Lightning"},{"floor":9,"key":"Gremlin Horn"}],"event_choices":[{"damage_healed":0,"gold_gain":0,"player_choice":"Ignored","damage_taken":0,"max_hp_gain":0,"max_hp_loss":0,"event_name":"Shining Light","floor":3,"gold_loss":0},{"damage_healed":0,"gold_gain":75,"player_choice":"Gather Gold","damage_taken":11,"max_hp_gain":0,"max_hp_loss":0,"event_name":"World of Goop","floor":4,"gold_loss":0},{"damage_healed":0,"gold_gain":0,"player_choice":"Take Damage","damage_taken":18,"relics_obtained":["Golden Idol"],"max_hp_gain":0,"max_hp_loss":0,"event_name":"Golden Idol","floor":8,"gold_loss":0}],"is_beta":false,"boss_relics":[],"items_purged_floors":[],"is_endless":false,"potions_floor_spawned":[2],"killed_by":"3 Louse","ascension_level":12}