{"gold_per_floor":[118,118,142,142,67,106,130,130,184,184,184,259,86,116],"floor_reached":14,"playtime":507,"items_purged":["Injury"],"score":86,"play_id":"34d79c33-9c4e-4724-b147-3920630d5030","local_time":"20190730182959","is_ascension_mode":false,"campfire_choices":[{"data":"PiercingWail","floor":10,"key":"SMITH"}],"neow_cost":"NONE","seed_source_timestamp":1641933804029242,"circlet_count":0,"master_deck":["Strike_G","Strike_G","Strike_G","Strike_G+1","Strike_G","Defend_G","Defend_G","Defend_G","Defend_G","Survivor","Neutralize+1","Dodge and Roll","PiercingWail+1","Deadly Poison","PiercingWail"],"relics":["Ring of the Snake","Golden Idol","Juzu Bracelet","Bronze Scales","Molten Egg 2","Ancient Tea Set"],"potions_floor_usage":[14],"damage_taken":[{"damage":0,"enemies":"Small Slimes","floor":1,"turns":3},{"damage":1,"enemies":"Jaw Worm","floor":3,"turns":6},{"damage":27,"enemies":"3 Sentries","floor":6,"turns":14},{"damage":2,"enemies":"Cultist","floor":7,"turns":5},{"damage":31,"enemies":"Lagavulin Event","floor":14,"turns":6}],"seed_played":"-274037699362850131","potions_obtained":[{"floor":6,"key":"SpeedPotion"}],"is_trial":false,"path_per_floor":["M","?","M","?","$","E","M","?","T","R","T","?","$","?"],"character_chosen":"THE_SILENT","items_purchased":["PiercingWail","Ancient Tea Set"],"campfire_rested":0,"item_purchase_floors":[13,13],"current_hp_per_floor":[77,77,76,61,61,34,32,32,32,32,32,21,21,0],"gold":116,"neow_bonus":"TEN_PERCENT_HP_BONUS","is_prod":false,"is_daily":false,"chose_seed":false,"campfire_upgraded":1,"win_rate":0,"timestamp":1564525799,"path_taken":["M","?","M","?","$","E","M","?","T","R","?","?","$","?"],"build_version":"2019-07-17","purchased_purges":1,"victory":false,"max_hp_per_floor":[77,77,77,77,77,77,77,77,77,77,77,77,77,77],"card_choices":[{"not_picked":["Prepared","Deadly Poison"],"picked":"Dodge and Roll","floor":1},{"not_picked":["Slice","Reflex"],"picked":"PiercingWail","floor":3},{"not_picked":["Night Terror","Flechettes","Underhanded Strike"],"picked":"SKIP","floor":6},{"not_picked":["Endless Agony","Reflex"],"picked":"Deadly Poison","floor":7}],"player_experience":232593,"relics_obtained":[{"floor":6,"key":"Juzu Bracelet"},{"floor":9,"key":"Bronze Scales"},{"floor":11,"key":"Molten Egg 2"}],"event_choices":[{"damage_healed":0,"gold_gain":0,"player_choice":"Take Wound","damage_taken":0,"relics_obtained":["Golden Idol"],"max_hp_gain":0,"max_hp_loss":0,"event_name":"Golden Idol","floor":2,"gold_loss":0,"cards_obtained":["Injury"]},{"damage_healed":0,"gold_gain":0,"player_choice":"Entered Light","damage_taken":15,"max_hp_gain":0,"max_hp_loss":0,"event_name":"Shining Light","floor":4,"gold_loss":0,"cards_upgraded":["Neutralize","Strike_G"]},{"cards_removed":["Defend_G"],"damage_healed":0,"gold_gain":0,"player_choice":"Forget","damage_taken":0,"max_hp_gain":0,"max_hp_loss":0,"event_name":"Living Wall","floor":8,"gold_loss":0},{"damage_healed":0,"gold_gain":75,"player_choice":"Gather Gold","damage_taken":11,"max_hp_gain":0,"max_hp_loss":0,"event_name":"World of Goop","floor":12,"gold_loss":0},{"damage_healed":0,"gold_gain":30,"player_choice":"Searched \u00273\u0027 times","damage_taken":0,"max_hp_gain":0,"max_hp_loss":0,"event_name":"Dead Adventurer","floor":14,"gold_loss":0}],"is_beta":false,"boss_relics":[],"items_purged_floors":[5],"is_endless":false,"potions_floor_spawned":[6],"killed_by":"Lagavulin Event","ascension_level":0}