{"gold_per_floor":[117,117,117,67,80,80,109,109,109,124,140,152,152,162,162,261,261,261,261,186,76,76,76,76,76,76,76,76,76,76,76,76,76,76,76,76,76,42,42,42,42,42,42,42,42,42,42,42,42,42,42,42,4,4,4],"floor_reached":55,"playtime":1938,"items_purged":["Strike_G"],"score":794,"play_id":"ef864579-8fdb-4131-b17e-b34e5665fd02","local_time":"20190731014632","is_ascension_mode":true,"campfire_choices":[{"data":"Neutralize","floor":6,"key":"SMITH"},{"data":"Deadly Poison","floor":8,"key":"SMITH"},{"data":"Dagger Spray","floor":15,"key":"SMITH"},{"data":"Footwork","floor":25,"key":"SMITH"},{"floor":28,"key":"REST"},{"data":"Noxious Fumes","floor":30,"key":"SMITH"},{"floor":32,"key":"RECALL"},{"data":"Crippling Poison","floor":40,"key":"SMITH"},{"data":"Adrenaline","floor":42,"key":"SMITH"},{"data":"PiercingWail","floor":45,"key":"SMITH"},{"floor":49,"key":"REST"},{"data":"Blur","floor":52,"key":"SMITH"}],"neow_cost":"NONE","seed_source_timestamp":558087329440410,"circlet_count":0,"master_deck":["Strike_G+1","Strike_G+1","Defend_G+1","Defend_G+1","Defend_G+1","Defend_G+1","Defend_G+1","Survivor","Neutralize+1","PiercingWail+1","Bouncing Flask","Deadly Poison+1","Dodge and Roll+1","Adrenaline+1","Blur+1","Dagger Spray+1","Die Die Die","Noxious Fumes+1","Footwork+1","Crippling Poison+1","Leg Sweep","Bouncing Flask","Sucker Punch+1","Poisoned Stab+1","Doubt","PiercingWail","Catalyst"],"relics":["Ring of the Snake","NeowsBlessing","Bag of Marbles","Matryoshka","Ectoplasm","Pen Nib","Pantograph","Cursed Key","Regal Pillow","Bottled Tornado","FaceOfCleric","Centennial Puzzle","Mummified Hand"],"potions_floor_usage":[12,27,33,37,46,50,54,55,55],"damage_taken":[{"damage":0,"enemies":"2 Louse","floor":1,"turns":1},{"damage":0,"enemies":"Jaw Worm","floor":5,"turns":1},{"damage":0,"enemies":"3 Sentries","floor":7,"turns":1},{"damage":0,"enemies":"Cultist","floor":10,"turns":3},{"damage":2,"enemies":"3 Louse","floor":11,"turns":5},{"damage":3,"enemies":"Exordium Thugs","floor":12,"turns":5},{"damage":0,"enemies":"Blue Slaver","floor":14,"turns":3},{"damage":13,"enemies":"The Guardian","floor":16,"turns":11},{"damage":0,"enemies":"3 Byrds","floor":18,"turns":4},{"damage":0,"enemies":"Shell Parasite","floor":22,"turns":5},{"damage":7,"enemies":"Snake Plant","floor":24,"turns":4},{"damage":16,"enemies":"Book of Stabbing","floor":27,"turns":8},{"damage":0,"enemies":"Snecko","floor":29,"turns":4},{"damage":4,"enemies":"Chosen and Byrds","floor":31,"turns":7},{"damage":28,"enemies":"Champ","floor":33,"turns":12},{"damage":5,"enemies":"3 Darklings","floor":35,"turns":4},{"damage":0,"enemies":"Orb Walker","floor":37,"turns":4},{"damage":7,"enemies":"Spire Growth","floor":39,"turns":5},{"damage":0,"enemies":"3 Darklings","floor":41,"turns":6},{"damage":38,"enemies":"Giant Head","floor":46,"turns":10},{"damage":48,"enemies":"Awakened One","floor":50,"turns":19},{"damage":50,"enemies":"Shield and Spear","floor":54,"turns":7},{"damage":49,"enemies":"The Heart","floor":55,"turns":8}],"seed_played":"3427861803360426440","potions_obtained":[{"floor":1,"key":"LiquidBronze"},{"floor":10,"key":"Fire Potion"},{"floor":11,"key":"Swift Potion"},{"floor":16,"key":"Block Potion"},{"floor":27,"key":"SkillPotion"},{"floor":36,"key":"Poison Potion"},{"floor":36,"key":"LiquidBronze"},{"floor":37,"key":"Swift Potion"},{"floor":46,"key":"SkillPotion"},{"floor":54,"key":"SkillPotion"}],"is_trial":false,"path_per_floor":["M","?","?","?","M","R","E","R","T","M","M","M","?","M","R","B",null,"M","?","?","$","M","?","M","R","T","E","R","M","R","M","R","B",null,"M","?","M","$","M","R","M","R","T","?","R","E","$","$","R","B",null,"R","$","E","B"],"character_chosen":"THE_SILENT","items_purchased":["Footwork","Bouncing Flask","Catalyst"],"campfire_rested":2,"item_purchase_floors":[21,38,53],"current_hp_per_floor":[70,70,70,70,70,70,70,70,70,70,68,65,65,65,65,52,70,70,70,70,70,70,70,63,63,63,47,68,68,68,64,64,42,70,65,65,65,65,58,58,58,58,58,58,58,21,21,21,57,24,72,72,72,23,0],"gold":4,"neow_bonus":"THREE_ENEMY_KILL","is_prod":false,"is_daily":false,"chose_seed":false,"campfire_upgraded":9,"win_rate":0,"timestamp":1564555592,"path_taken":["M","?","?","?","M","R","E","R","T","M","M","M","?","M","R","BOSS","M","?","?","$","M","?","M","R","T","E","R","M","R","M","R","BOSS","M","?","M","$","?","R","M","R","T","?","R","E","?","$","R","BOSS","R","$","E","BOSS"],"build_version":"2019-07-17","purchased_purges":1,"victory":false,"max_hp_per_floor":[70,70,70,70,70,70,70,70,70,70,70,70,70,70,70,70,70,70,70,70,70,70,70,70,70,70,70,70,70,70,70,70,70,70,70,70,70,70,70,70,70,70,70,70,70,71,71,71,71,72,72,72,72,73,73],"card_choices":[{"not_picked":["Deflect","Escape Plan"],"picked":"PiercingWail","floor":1},{"not_picked":["Catalyst","Caltrops"],"picked":"Bouncing Flask","floor":5},{"not_picked":["Dagger Throw","Heel Hook"],"picked":"Deadly Poison","floor":7},{"not_picked":["Dagger Throw","Sucker Punch"],"picked":"Dodge and Roll","floor":10},{"not_picked":["Deflect","Bane"],"picked":"Adrenaline","floor":11},{"not_picked":["PiercingWail","Distraction"],"picked":"Blur","floor":12},{"not_picked":["PiercingWail","Infinite Blades"],"picked":"Dagger Spray","floor":14},{"not_picked":["Phantasmal Killer","Unload"],"picked":"Die Die Die","floor":16},{"not_picked":["Underhanded Strike","Bane","Blade Dance"],"picked":"SKIP","floor":18},{"not_picked":["Skewer","Distraction"],"picked":"Crippling Poison","floor":22},{"not_picked":["Deflect","Accuracy+1"],"picked":"Leg Sweep","floor":24},{"not_picked":["Underhanded Strike","Dagger Throw","Doppelganger"],"picked":"SKIP","floor":27},{"not_picked":["Deflect+1","Flying Knee+1","Dodge and Roll"],"picked":"SKIP","floor":29},{"not_picked":["Bane","Sucker Punch","Infinite Blades"],"picked":"SKIP","floor":31},{"not_picked":["Outmaneuver","Flying Knee+1","Bane"],"picked":"SKIP","floor":35},{"not_picked":["Tactician+1","Riddle With Holes","PiercingWail+1"],"picked":"SKIP","floor":37},{"not_picked":["PiercingWail","Dodge and Roll"],"picked":"Sucker Punch+1","floor":39},{"not_picked":["Eviscerate","Outmaneuver"],"picked":"Poisoned Stab+1","floor":41},{"not_picked":["Cloak And Dagger+1","Dodge and Roll+1"],"picked":"PiercingWail","floor":46},{"not_picked":["Finisher+1","Choke+1","Cloak And Dagger"],"picked":"SKIP","floor":54}],"player_experience":164122,"relics_obtained":[{"floor":7,"key":"Bag of Marbles"},{"floor":9,"key":"Matryoshka"},{"floor":26,"key":"Pen Nib"},{"floor":27,"key":"Pantograph"},{"floor":43,"key":"Regal Pillow"},{"floor":43,"key":"Bottled Tornado"},{"floor":46,"key":"Centennial Puzzle"},{"floor":54,"key":"Mummified Hand"}],"event_choices":[{"damage_healed":0,"gold_gain":0,"player_choice":"Ignored","damage_taken":0,"max_hp_gain":0,"max_hp_loss":0,"event_name":"Golden Idol","floor":2,"gold_loss":0},{"damage_healed":0,"gold_gain":0,"player_choice":"Ignored","damage_taken":0,"max_hp_gain":0,"max_hp_loss":0,"event_name":"Liars Game","floor":3,"gold_loss":0},{"cards_removed":["Strike_G"],"damage_healed":0,"gold_gain":0,"player_choice":"Card Removal","damage_taken":0,"max_hp_gain":0,"max_hp_loss":0,"event_name":"The Cleric","floor":4,"gold_loss":50},{"damage_healed":0,"gold_gain":0,"player_choice":"Grow","damage_taken":0,"max_hp_gain":0,"max_hp_loss":0,"event_name":"Living Wall","floor":13,"gold_loss":0,"cards_upgraded":["Dodge and Roll"]},{"damage_healed":0,"gold_gain":0,"player_choice":"Read","damage_taken":0,"max_hp_gain":0,"max_hp_loss":0,"event_name":"The Library","floor":19,"gold_loss":0,"cards_obtained":["Noxious Fumes"]},{"cards_removed":["Strike_G"],"damage_healed":0,"gold_gain":0,"player_choice":"Gave Gold","damage_taken":0,"max_hp_gain":0,"max_hp_loss":0,"event_name":"Beggar","floor":20,"gold_loss":75},{"damage_healed":0,"gold_gain":0,"player_choice":"Simplicity","damage_taken":0,"max_hp_gain":0,"max_hp_loss":0,"event_name":"Back to Basics","floor":23,"gold_loss":0,"cards_upgraded":["Strike_G","Strike_G","Defend_G","Defend_G","Defend_G","Defend_G","Defend_G"]},{"damage_healed":0,"gold_gain":0,"player_choice":"Got Potions","damage_taken":0,"max_hp_gain":0,"max_hp_loss":0,"event_name":"Lab","floor":36,"gold_loss":0},{"damage_healed":0,"gold_gain":0,"player_choice":"Trade","damage_taken":0,"relics_obtained":["FaceOfCleric"],"max_hp_gain":0,"max_hp_loss":0,"event_name":"FaceTrader","floor":44,"gold_loss":0}],"is_beta":false,"boss_relics":[{"not_picked":["Runic Dome","Fusion Hammer"],"picked":"Ectoplasm"},{"not_picked":["Coffee Dripper","Tiny House"],"picked":"Cursed Key"}],"items_purged_floors":[21],"is_endless":false,"potions_floor_spawned":[1,10,11,16,24,27,31,37,46,54],"killed_by":"The Heart","ascension_level":3}