{"path_per_floor":["M","M","?","$","M","R","E","$","T","M","?","R","E","?","R","B",null,"M","?","M","$","M","R","E","R","T","E","M","$","R","M","R","B",null,"M","$","?","M","M","R","E","M","T","R","E","?","T","M","R","B"],"character_chosen":"DEFECT","items_purchased":["Electrodynamics","Coolheaded","Bag of Preparation"],"gold_per_floor":[109,125,125,50,64,64,94,94,94,108,108,108,136,162,162,263,263,278,278,298,40,55,55,386,386,386,421,435,104,104,114,114,219,219,239,89,135,152,163,163,191,209,209,209,235,235,261,273,273,273],"floor_reached":51,"campfire_rested":1,"playtime":2533,"item_purchase_floors":[],"current_hp_per_floor":[73,71,76,76,76,76,52,52,52,52,45,45,42,41,41,33,68,68,68,68,68,55,55,50,50,50,47,37,37,37,34,34,42,71,71,71,57,57,57,57,49,47,47,80,80,80,80,80,80,44],"items_purged":["Defend_B","Strike_B","Strike_B","Defend_B"],"gold":273,"score":1016,"play_id":"598c7aa4-0a18-47cb-bb45-79b7d602281b","local_time":"20180608100033","is_prod":false,"is_daily":false,"chose_seed":false,"is_ascension_mode":true,"campfire_upgraded":8,"win_rate":0,"timestamp":1528444833,"campfire_choices":[{"data":"Zap","floor":6.0,"key":"SMITH"},{"data":"Dualcast","floor":12.0,"key":"SMITH"},{"data":"Coolheaded","floor":15.0,"key":"SMITH"},{"data":"Consume","floor":23.0,"key":"SMITH"},{"data":"Go for the Eyes","floor":25.0,"key":"SMITH"},{"data":"Coolheaded","floor":30.0,"key":"SMITH"},{"data":"Turbo","floor":32.0,"key":"SMITH"},{"data":"Coolheaded","floor":40.0,"key":"SMITH"},{"floor":44.0,"key":"REST"},{"data":"1","floor":49.0,"key":"LIFT"}],"path_taken":["M","M","?","$","?","R","E","$","T","M","?","R","E","?","R","BOSS","M","?","M","$","M","R","E","R","T","E","M","$","R","?","R","BOSS","M","$","?","M","M","R","E","M","T","R","E","?","?","M","R","BOSS"],"build_version":"2018-06-07","seed_source_timestamp":44612280380816,"purchased_purges":4,"victory":true,"master_deck":["Defend_B","Defend_B","Zap+1","Dualcast+1","Go for the Eyes+1","Coolheaded+1","Consume+1","Compile Driver+1","Chill","All For One+1","Gash+1","Turbo+1","Sweeping Beam+1","Gash+1","Coolheaded+1","Rebound+1","All For One+1","Coolheaded+1","BootSequence","Clumsy","Coolheaded+1","Doubt","Conserve Battery+1"],"max_hp_per_floor":[75,75,80,80,80,80,80,80,80,80,80,80,80,80,80,80,80,80,80,80,80,80,80,80,80,80,80,80,80,80,80,80,80,80,80,80,80,80,80,80,80,80,80,80,80,80,80,80,80,80],"relics":["Cracked Core","Mercury Hourglass","Anchor","Dream Catcher","Odd Mushroom","Black Star","Old Coin","Du-Vu Doll","Molten Egg 2","Vajra","Happy Flower","Bag of Preparation","Cursed Key","Girya","Regal Pillow","Whetstone","Kunai","Bronze Scales","Oddly Smooth Stone","Bag of Marbles"],"card_choices":[{"not_picked":["Rebound","Hologram"],"picked":"Go for the Eyes","floor":1.0},{"not_picked":["Heatsinks","Stack"],"picked":"Coolheaded","floor":2.0},{"not_picked":["Rebound","Hologram","Auto Shields"],"picked":"SKIP","floor":5.0},{"not_picked":["Streamline","Steam Power"],"picked":"Consume","floor":7.0},{"not_picked":["Hologram","Sweeping Beam"],"picked":"Compile Driver","floor":10.0},{"not_picked":["Recycle","Reinforced Body"],"picked":"Chill","floor":13.0},{"not_picked":["Echo Form","Multi-Cast"],"picked":"All For One","floor":16.0},{"not_picked":["Turbo","Leap+1"],"picked":"Gash+1","floor":18.0},{"not_picked":["Darkness","Stack"],"picked":"Turbo","floor":20.0},{"not_picked":["Ball Lightning","Redo","Genetic Algorithm+1"],"picked":"SKIP","floor":22.0},{"not_picked":["Go for the Eyes+1","Melter"],"picked":"Sweeping Beam+1","floor":24.0},{"not_picked":["Static Discharge","Chill"],"picked":"Gash+1","floor":27.0},{"not_picked":["Ball Lightning+1","Streamline+1","Static Discharge"],"picked":"SKIP","floor":28.0},{"not_picked":["Cold Snap+1","Genetic Algorithm"],"picked":"Rebound+1","floor":31.0},{"not_picked":["Echo Form","Fission"],"picked":"All For One+1","floor":33.0},{"not_picked":["Streamline+1","Hologram","Barrage+1"],"picked":"SKIP","floor":35.0},{"not_picked":["Tempest","Storm"],"picked":"Coolheaded","floor":37.0},{"not_picked":["Coolheaded","Beam Cell+1","Storm"],"picked":"SKIP","floor":38.0},{"not_picked":["White Noise+1","Steam+1"],"picked":"BootSequence","floor":39.0},{"not_picked":["Ball Lightning+1","Blizzard+1","Barrage+1"],"picked":"SKIP","floor":41.0},{"not_picked":["Go for the Eyes+1","Scrape+1","Coolheaded"],"picked":"SKIP","floor":42.0},{"not_picked":["Go for the Eyes+1","Scrape+1","Coolheaded"],"picked":"SKIP","floor":42.0},{"not_picked":["Steam","Leap+1"],"picked":"Coolheaded+1","floor":44.0},{"not_picked":["Go for the Eyes+1","Chaos+1","Stack+1"],"picked":"SKIP","floor":45.0},{"not_picked":["Amplify","Beam Cell+1"],"picked":"Conserve Battery+1","floor":48.0}],"player_experience":556521,"potions_floor_usage":[50,50],"damage_taken":[{"damage":2.0,"enemies":"2 Louse","floor":1.0,"turns":3.0},{"damage":2.0,"enemies":"Jaw Worm","floor":2.0,"turns":2.0},{"damage":0.0,"enemies":"Cultist","floor":5.0,"turns":4.0},{"damage":24.0,"enemies":"3 Sentries","floor":7.0,"turns":8.0},{"damage":0.0,"enemies":"Gremlin Gang","floor":10.0,"turns":3.0},{"damage":3.0,"enemies":"Gremlin Nob","floor":13.0,"turns":3.0},{"damage":1.0,"floor":14.0,"turns":4.0},{"damage":8.0,"enemies":"The Guardian","floor":16.0,"turns":10.0},{"damage":0.0,"enemies":"Chosen","floor":18.0,"turns":4.0},{"damage":0.0,"enemies":"Spheric Guardian","floor":20.0,"turns":3.0},{"damage":13.0,"enemies":"Snake Plant","floor":22.0,"turns":4.0},{"damage":5.0,"enemies":"Book of Stabbing","floor":24.0,"turns":5.0},{"damage":3.0,"enemies":"Gremlin Leader","floor":27.0,"turns":5.0},{"damage":10.0,"enemies":"Snecko","floor":28.0,"turns":3.0},{"damage":3.0,"enemies":"Cultist and Chosen","floor":31.0,"turns":3.0},{"damage":6.0,"enemies":"Automaton","floor":33.0,"turns":6.0},{"damage":0.0,"enemies":"3 Darklings","floor":35.0,"turns":3.0},{"damage":14.0,"floor":37.0,"turns":3.0},{"damage":0.0,"enemies":"3 Shapes","floor":38.0,"turns":1.0},{"damage":0.0,"enemies":"Sphere and 2 Shapes","floor":39.0,"turns":2.0},{"damage":8.0,"enemies":"Nemesis","floor":41.0,"turns":5.0},{"damage":2.0,"enemies":"4 Shapes","floor":42.0,"turns":2.0},{"damage":0.0,"enemies":"Giant Head","floor":45.0,"turns":3.0},{"damage":0.0,"enemies":"Maw","floor":48.0,"turns":4.0},{"damage":47,"enemies":"Time Eater","floor":50,"turns":8}],"relics_obtained":[{"floor":7.0,"key":"Mercury Hourglass"},{"floor":9.0,"key":"Anchor"},{"floor":13.0,"key":"Dream Catcher"},{"floor":14.0,"key":"Odd Mushroom"},{"floor":24.0,"key":"Old Coin"},{"floor":24.0,"key":"Du-Vu Doll"},{"floor":26.0,"key":"Molten Egg 2"},{"floor":27.0,"key":"Vajra"},{"floor":27.0,"key":"Happy Flower"},{"floor":37.0,"key":"Girya"},{"floor":41.0,"key":"Regal Pillow"},{"floor":41.0,"key":"Whetstone"},{"floor":43.0,"key":"Kunai"},{"floor":45.0,"key":"Bronze Scales"},{"floor":45.0,"key":"Oddly Smooth Stone"},{"floor":47.0,"key":"Bag of Marbles"}],"event_choices":[{"event_name":"Big Fish","player_choice":"Donut","floor":3.0,"damage_taken":0.0},{"event_name":"Golden Wing","player_choice":"Card Removal","floor":11.0,"damage_taken":0.0},{"event_name":"Mushrooms","player_choice":"Fought Mushrooms","floor":14.0,"damage_taken":0.0},{"event_name":"Cursed Tome","player_choice":"Ignored","floor":19.0,"damage_taken":0.0},{"event_name":"Mysterious Sphere","player_choice":"Fight","floor":37.0,"damage_taken":0.0},{"event_name":"Falling","player_choice":"Removed Power","floor":46.0,"damage_taken":0.0}],"boss_relics":[{"not_picked":["Snecko Eye","Busted Crown"],"picked":"Black Star"},{"not_picked":["Pandora\u0027s Box","Eternal Feather"],"picked":"Cursed Key"}],"items_purged_floors":[],"potions_floor_spawned":[5,7,13,14,18,24,27,33,38,39,42,48],"seed_played":"4210892576607544885","ascension_level":5,"potions_obtained":[{"floor":5.0,"key":"Dexterity Potion"},{"floor":7.0,"key":"Energy Potion"},{"floor":13.0,"key":"Ancient Potion"},{"floor":14.0,"key":"Regen Potion"},{"floor":27.0,"key":"Regen Potion"},{"floor":33.0,"key":"SneckoOil"},{"floor":38.0,"key":"Explosive Potion"},{"floor":39.0,"key":"SpeedPotion"},{"floor":42.0,"key":"GamblersBrew"}],"is_trial":false}