{"gold_per_floor":[110,122,122,132,149,149,149,181,181,181,200,125,144,155,155,259,259,271,271,281,105,117,117,133,133,133,133,168,182,182,182,182,182],"floor_reached":33,"playtime":2287,"items_purged":["Strike_R","Strike_R"],"score":455,"play_id":"290dc191-6f16-4dc6-8fe0-8549427fd826","local_time":"20190726214024","is_ascension_mode":true,"campfire_choices":[{"data":"Bash","floor":6.0,"key":"SMITH"},{"floor":15.0,"key":"REST"},{"data":"True Grit","floor":23.0,"key":"SMITH"},{"data":"Warcry","floor":25.0,"key":"SMITH"},{"data":"Offering","floor":27.0,"key":"SMITH"},{"data":"Barricade","floor":32,"key":"SMITH"}],"neow_cost":"NONE","seed_source_timestamp":782602105919676,"circlet_count":0,"master_deck":["AscendersBane","Strike_R+1","Strike_R","Defend_R+1","Defend_R","Defend_R","Defend_R+1","Bash+1","Heavy Blade+1","Spot Weakness","Offering+1","Armaments+1","Shrug It Off","Offering","True Grit+1","Ghostly","Ghostly","Ghostly","Ghostly","Ghostly","Pommel Strike","Inflame","Cleave","Warcry+1","Decay","Power Through","Barricade+1"],"special_seed":0,"relics":["Burning Blood","War Paint","Dodecahedron","Cursed Key","Ornamental Fan","Gremlin Horn","Nilry\u0027s Codex"],"potions_floor_usage":[],"damage_taken":[{"damage":1.0,"enemies":"2 Louse","floor":1.0,"turns":3.0},{"damage":13.0,"enemies":"Jaw Worm","floor":2.0,"turns":5.0},{"damage":1.0,"enemies":"Cultist","floor":4.0,"turns":3.0},{"damage":1.0,"enemies":"2 Fungi Beasts","floor":5.0,"turns":3.0},{"damage":36.0,"enemies":"3 Sentries","floor":8.0,"turns":8.0},{"damage":0.0,"enemies":"Large Slime","floor":11.0,"turns":3.0},{"damage":9.0,"enemies":"3 Louse","floor":13.0,"turns":5.0},{"damage":5.0,"enemies":"Blue Slaver","floor":14.0,"turns":5.0},{"damage":59.0,"enemies":"Slime Boss","floor":16.0,"turns":14.0},{"damage":13.0,"enemies":"2 Thieves","floor":18.0,"turns":2.0},{"damage":1.0,"enemies":"Chosen","floor":20.0,"turns":6.0},{"damage":3.0,"enemies":"Snecko","floor":22.0,"turns":6.0},{"damage":2.0,"enemies":"Snake Plant","floor":24.0,"turns":5.0},{"damage":10.0,"enemies":"Gremlin Leader","floor":28.0,"turns":6.0},{"damage":8.0,"enemies":"Cultist and Chosen","floor":29.0,"turns":8.0},{"damage":38,"enemies":"Champ","floor":33,"turns":15}],"seed_played":"3313119841628984662","potions_obtained":[{"floor":1.0,"key":"AttackPotion"},{"floor":2.0,"key":"Fire Potion"},{"floor":16.0,"key":"GamblersBrew"},{"floor":24.0,"key":"LiquidBronze"},{"floor":28.0,"key":"SkillPotion"},{"floor":29.0,"key":"Block Potion"}],"is_trial":false,"path_per_floor":["M","M","?","M","M","R","?","E","T","?","M","$","M","M","R","B",null,"M","?","M","$","M","R","M","R","T","R","E","M","?","?","R","B"],"character_chosen":"IRONCLAD","items_purchased":["Inflame"],"campfire_rested":1,"item_purchase_floors":[21],"current_hp_per_floor":[77,70,54,59,64,64,69,39,39,39,45,45,42,43,68,15,68,61,42,42,42,42,42,42,42,42,42,38,36,20,20,20,0],"gold":182,"neow_bonus":"REMOVE_CARD","is_prod":false,"is_daily":false,"chose_seed":false,"campfire_upgraded":5,"win_rate":0,"timestamp":1564202424,"path_taken":["M","M","?","M","M","R","?","E","T","?","?","$","M","M","R","BOSS","M","?","M","$","M","R","M","R","T","R","E","M","?","?","R","BOSS"],"build_version":"2019-07-18","purchased_purges":2,"victory":false,"max_hp_per_floor":[80,80,80,80,80,80,85,85,85,85,85,85,85,85,85,85,85,85,42,42,42,42,42,42,42,42,42,42,42,42,42,42,42],"card_choices":[{"not_picked":["Burning Pact","Rage","Havoc"],"picked":"SKIP","floor":1.0},{"not_picked":["Headbutt","Metallicize"],"picked":"Heavy Blade","floor":2.0},{"not_picked":["Armaments","Perfected Strike"],"picked":"Spot Weakness","floor":4.0},{"not_picked":["Whirlwind","Dual Wield"],"picked":"Offering","floor":5.0},{"not_picked":["Disarm","Clash"],"picked":"Armaments","floor":8.0},{"not_picked":["Clothesline","True Grit"],"picked":"Shrug It Off","floor":11.0},{"not_picked":["Wild Strike","Intimidate","Dual Wield"],"picked":"SKIP","floor":13.0},{"not_picked":["Heavy Blade","Clash","Havoc"],"picked":"SKIP","floor":14.0},{"not_picked":["Dark Embrace","Fiend Fire"],"picked":"Offering","floor":16.0},{"not_picked":["Anger","Cleave"],"picked":"True Grit","floor":18.0},{"not_picked":["Perfected Strike","Sword Boomerang"],"picked":"Pommel Strike","floor":20.0},{"not_picked":["Rage","Perfected Strike+1"],"picked":"Cleave","floor":22.0},{"not_picked":["Combust","Body Slam"],"picked":"Warcry","floor":24.0},{"not_picked":["True Grit+1","Anger"],"picked":"Power Through","floor":28.0},{"not_picked":["Body Slam","Heavy Blade"],"picked":"Barricade","floor":29.0}],"player_experience":202032,"relics_obtained":[{"floor":8.0,"key":"War Paint"},{"floor":9.0,"key":"Dodecahedron"},{"floor":26.0,"key":"Ornamental Fan"},{"floor":28.0,"key":"Gremlin Horn"},{"floor":30.0,"key":"Nilry\u0027s Codex"}],"event_choices":[{"damage_healed":0.0,"max_hp_gain":0.0,"max_hp_loss":0.0,"gold_gain":0.0,"event_name":"Shining Light","player_choice":"Entered Light","floor":3.0,"gold_loss":0.0,"damage_taken":16.0,"cards_upgraded":["Heavy Blade","Strike_R"]},{"damage_healed":0.0,"max_hp_gain":5.0,"max_hp_loss":0.0,"gold_gain":0.0,"event_name":"Big Fish","player_choice":"Donut","floor":7.0,"gold_loss":0.0,"damage_taken":0.0},{"damage_healed":0.0,"max_hp_gain":0.0,"max_hp_loss":0.0,"gold_gain":0.0,"event_name":"Upgrade Shrine","player_choice":"Upgraded","floor":10.0,"gold_loss":0.0,"damage_taken":0.0,"cards_upgraded":["Armaments"]},{"damage_healed":0.0,"max_hp_gain":0.0,"max_hp_loss":43.0,"gold_gain":0.0,"event_name":"Ghosts","player_choice":"Became a Ghost","floor":19.0,"gold_loss":0.0,"damage_taken":0.0,"cards_obtained":["Ghostly","Ghostly","Ghostly","Ghostly","Ghostly"]},{"damage_healed":0.0,"max_hp_gain":0.0,"max_hp_loss":0.0,"gold_gain":0.0,"event_name":"Cursed Tome","player_choice":"Obtained Book","floor":30.0,"gold_loss":0.0,"damage_taken":16.0},{"damage_healed":0,"gold_gain":0,"player_choice":"Ignored","damage_taken":0,"max_hp_gain":0,"max_hp_loss":0,"event_name":"The Mausoleum","floor":31,"gold_loss":0}],"is_beta":true,"boss_relics":[{"not_picked":["Black Blood","White Beast Statue"],"picked":"Cursed Key"}],"items_purged_floors":[12,21],"is_endless":false,"potions_floor_spawned":[1,2,4,11,14,16,24,28,29],"killed_by":"Champ","ascension_level":12}