{"gold_per_floor":[110,110,121,121,46,46,57,17,42,67,67,67,83,96,96,194,194,208,123,123,123,78,78,88,107,131,131,151,163,182,199,199,299,299,318,63,75,75,87,115,128,139,139,139,139,139,139,152,152,152],"floor_reached":51,"playtime":4095,"items_purged":["Defend_R"],"score":691,"play_id":"f80b8105-d3dd-49a1-bf36-18e9eb1a1f7e","local_time":"20190720113846","is_ascension_mode":true,"campfire_choices":[{"data":"Pommel Strike","floor":6,"key":"SMITH"},{"data":"Inflame","floor":11,"key":"SMITH"},{"data":"Bash","floor":15,"key":"SMITH"},{"data":"Demon Form","floor":23,"key":"SMITH"},{"data":"Heavy Blade","floor":27,"key":"SMITH"},{"floor":32,"key":"REST"},{"floor":45,"key":"REST"},{"data":"Seeing Red","floor":47,"key":"SMITH"},{"floor":49,"key":"REST"}],"neow_cost":"NONE","seed_source_timestamp":226297855638223,"circlet_count":0,"master_deck":["Strike_R+1","Strike_R+1","Strike_R+1","Defend_R+1","Defend_R+1","Defend_R+1","Bash+1","Headbutt+1","Pommel Strike+1","Shrug It Off","Inflame+1","Shrug It Off","Demon Form+1","Heavy Blade+1","Seeing Red+1","Cleave+1","Rampage+1","Headbutt+1","Uppercut+1","Impervious","Flame Barrier+1"],"relics":["Burning Blood","Red Skull","Whetstone","Velvet Choker","Molten Egg 2","Busted Crown","Pantograph","Lantern","Letter Opener","Question Card"],"potions_floor_usage":[18,25,29,31,33,33,42,48,50,50,50,50,50],"damage_taken":[{"damage":1,"enemies":"Cultist","floor":1,"turns":4},{"damage":2,"enemies":"2 Louse","floor":2,"turns":2},{"damage":10,"enemies":"Jaw Worm","floor":3,"turns":4},{"damage":11,"enemies":"Blue Slaver","floor":7,"turns":4},{"damage":15,"enemies":"Lagavulin","floor":10,"turns":6},{"damage":1,"enemies":"Exordium Thugs","floor":13,"turns":3},{"damage":6,"enemies":"3 Louse","floor":14,"turns":2},{"damage":13,"enemies":"Slime Boss","floor":16,"turns":9},{"damage":17,"enemies":"3 Byrds","floor":18,"turns":5},{"damage":10,"enemies":"Spheric Guardian","floor":24,"turns":4},{"damage":17,"enemies":"Shelled Parasite and Fungi","floor":25,"turns":6},{"damage":14,"enemies":"Centurion and Healer","floor":28,"turns":4},{"damage":18,"enemies":"Sentry and Sphere","floor":29,"turns":4},{"damage":18,"enemies":"Snake Plant","floor":30,"turns":3},{"damage":1,"enemies":"Centurion and Healer","floor":31,"turns":4},{"damage":49,"enemies":"Automaton","floor":33,"turns":7},{"damage":19,"enemies":"3 Darklings","floor":35,"turns":5},{"damage":12,"enemies":"Orb Walker","floor":37,"turns":3},{"damage":21,"enemies":"Sphere and 2 Shapes","floor":39,"turns":5},{"damage":14,"enemies":"Giant Head","floor":40,"turns":5},{"damage":9,"enemies":"Jaw Worm Horde","floor":41,"turns":3},{"damage":9,"enemies":"Maw","floor":42,"turns":5},{"damage":3,"enemies":"3 Darklings","floor":48,"turns":5},{"damage":69,"enemies":"Awakened One","floor":50,"turns":8}],"seed_played":"-7076278750843569762","potions_obtained":[{"floor":0,"key":"GamblersBrew"},{"floor":0,"key":"Ancient Potion"},{"floor":0,"key":"PowerPotion"},{"floor":13,"key":"EntropicBrew"},{"floor":16,"key":"Fire Potion"},{"floor":18,"key":"Block Potion"},{"floor":28,"key":"EssenceOfSteel"},{"floor":31,"key":"Ancient Potion"},{"floor":33,"key":"SpeedPotion"},{"floor":38,"key":"EntropicBrew"},{"floor":39,"key":"Block Potion"},{"floor":42,"key":"EssenceOfSteel"},{"floor":48,"key":"SteroidPotion"}],"is_trial":false,"path_per_floor":["M","M","M","?","$","R","M","$","T","E","R","?","M","M","R","B",null,"M","?","?","?","$","R","M","M","T","R","M","M","M","M","R","B",null,"M","$","M","?","M","E","M","M","T","?","R","$","R","M","R","B",null],"character_chosen":"IRONCLAD","items_purchased":["Inflame","Cleave+1","Pantograph"],"campfire_rested":3,"item_purchase_floors":[8,22,36],"current_hp_per_floor":[80,80,76,76,76,76,71,71,71,62,62,62,67,67,67,60,80,69,69,69,69,69,69,65,54,54,54,46,34,22,27,51,8,80,67,67,61,61,46,38,35,32,32,32,56,56,56,59,80,17],"gold":152,"neow_bonus":"THREE_SMALL_POTIONS","is_prod":false,"is_daily":false,"chose_seed":false,"campfire_upgraded":6,"win_rate":0,"timestamp":1563647926,"path_taken":["M","?","M","?","$","R","M","$","T","E","R","?","M","?","R","BOSS","M","?","?","?","$","R","M","M","T","R","?","M","M","M","R","BOSS","M","$","M","?","?","E","M","M","T","?","R","?","R","M","R","BOSS"],"build_version":"2019-07-05","purchased_purges":1,"victory":true,"max_hp_per_floor":[80,80,80,80,80,80,80,80,80,80,80,80,80,80,80,80,80,80,80,80,80,80,80,80,80,80,80,80,80,80,80,80,80,80,80,80,80,80,80,80,80,80,80,80,80,80,80,80,80,80],"card_choices":[{"not_picked":["Clash","Entrench","Rampage"],"picked":"SKIP","floor":1},{"not_picked":["Inflame","Intimidate"],"picked":"Headbutt","floor":2},{"not_picked":["Clothesline","Cleave"],"picked":"Pommel Strike","floor":3},{"not_picked":["Carnage","Disarm"],"picked":"Shrug It Off","floor":7},{"not_picked":["Rupture","Spot Weakness","Brutality"],"picked":"SKIP","floor":10},{"not_picked":["Armaments","Corruption","Perfected Strike"],"picked":"SKIP","floor":13},{"not_picked":["Clothesline","Cleave"],"picked":"Shrug It Off","floor":14},{"not_picked":["Feed","Juggernaut"],"picked":"Demon Form","floor":16},{"not_picked":["Clash","Uppercut"],"picked":"Heavy Blade","floor":18},{"not_picked":["Anger+1","Clash+1","True Grit"],"picked":"SKIP","floor":24},{"not_picked":["Flex","Entrench"],"picked":"Rampage+1","floor":25},{"not_picked":["Body Slam+1","Anger+1"],"picked":"Headbutt+1","floor":28},{"not_picked":["Cleave+1","Berserk"],"picked":"Uppercut+1","floor":29},{"not_picked":["Twin Strike+1","Warcry+1","Inflame"],"picked":"SKIP","floor":30},{"not_picked":["Thunderclap+1","Clash+1","Shrug It Off"],"picked":"SKIP","floor":31},{"not_picked":["Brutality","Berserk"],"picked":"Impervious","floor":33},{"not_picked":["Thunderclap+1"],"picked":"SKIP","floor":35},{"not_picked":["Thunderclap+1"],"picked":"SKIP","floor":37},{"not_picked":["Corruption"],"picked":"SKIP","floor":39},{"not_picked":["Shrug It Off"],"picked":"SKIP","floor":40},{"not_picked":[],"picked":"Flame Barrier+1","floor":41},{"not_picked":["Clash+1"],"picked":"SKIP","floor":42},{"not_picked":["Armaments","True Grit"],"picked":"SKIP","floor":48}],"player_experience":38709,"relics_obtained":[{"floor":9,"key":"Red Skull"},{"floor":10,"key":"Whetstone"},{"floor":40,"key":"Lantern"},{"floor":43,"key":"Letter Opener"},{"floor":44,"key":"Question Card"}],"event_choices":[{"cards_removed":["Strike_R"],"damage_healed":0,"gold_gain":0,"player_choice":"Forget","damage_taken":0,"max_hp_gain":0,"max_hp_loss":0,"event_name":"Living Wall","floor":4,"gold_loss":0},{"cards_removed":["Strike_R"],"damage_healed":0,"gold_gain":0,"player_choice":"Offered Basic","damage_taken":0,"max_hp_gain":0,"max_hp_loss":0,"event_name":"Bonfire Elementals","floor":12,"gold_loss":0},{"damage_healed":0,"gold_gain":0,"player_choice":"Obtained Relic","damage_taken":0,"relics_obtained":["Molten Egg 2"],"max_hp_gain":0,"max_hp_loss":0,"event_name":"Addict","floor":19,"gold_loss":85},{"damage_healed":0,"gold_gain":0,"player_choice":"Simplicity","damage_taken":0,"max_hp_gain":0,"max_hp_loss":0,"event_name":"Back to Basics","floor":20,"gold_loss":0,"cards_upgraded":["Strike_R","Strike_R","Defend_R","Defend_R","Defend_R"]},{"damage_healed":0,"gold_gain":0,"player_choice":"1 cards matched","damage_taken":0,"max_hp_gain":0,"max_hp_loss":0,"event_name":"Match and Keep!","floor":21,"gold_loss":0,"cards_obtained":["Seeing Red"]},{"damage_healed":0,"gold_gain":0,"player_choice":"Got Potions","damage_taken":0,"max_hp_gain":0,"max_hp_loss":0,"event_name":"Lab","floor":38,"gold_loss":0},{"damage_healed":0,"gold_gain":0,"player_choice":"Relic","damage_taken":0,"max_hp_gain":0,"max_hp_loss":0,"event_name":"Wheel of Change","floor":44,"gold_loss":0}],"is_beta":false,"boss_relics":[{"not_picked":["Runic Dome","Calling Bell"],"picked":"Velvet Choker"},{"not_picked":["Orrery","White Beast Statue"],"picked":"Busted Crown"}],"items_purged_floors":[5],"is_endless":false,"potions_floor_spawned":[1,13,16,18,28,31,33,39,41,42,48],"ascension_level":1}