{"path_per_floor":["M","T","?","?","M","R","M","$","T","R","E","M","E","M","R","B",null,"M","?","$","?","T","R","E","M","T","$","R"],"character_chosen":"IRONCLAD","items_purchased":["Magic Flower","Vajra"],"gold_per_floor":[117,170,170,170,183,183,199,124,206,206,240,260,291,311,311,442,442,457,457,93,93,93,93,134,147,196,42,42],"floor_reached":29,"campfire_rested":3,"playtime":1246,"current_hp_per_floor":[66,66,46,46,52,52,51,51,51,75,49,43,26,36,36,9,65,63,63,63,47,47,72,23,20,20,20,47],"items_purged":["Strike_R","Strike_R"],"gold":42,"score":336,"play_id":"3f074e0d-0ffd-4ebf-a973-c7f50bf681e2","is_prod":false,"is_daily":false,"is_ascension_mode":true,"campfire_upgraded":2,"path_taken":["M","?","?","?","?","R","M","?","T","R","E","M","E","?","R","BOSS","M","?","$","?","?","R","E","M","T","?","R","E"],"build_version":"2018-02-12-PROD1","purchased_purges":2,"victory":false,"master_deck":["Strike_R","Strike_R","Defend_R","Defend_R","Defend_R","Defend_R","Bash+1","Infernal Blade+1","Heavy Blade","Shrug It Off+1","Cleave+1","Headbutt+1","Feed+1","Body Slam+1","Exhume","Injury","Thunderclap+1"],"max_hp_per_floor":[80,80,80,80,80,80,80,80,80,80,80,80,80,84,84,84,84,84,84,84,84,84,84,88,92,92,92,92],"relics":["Burning Blood","Prayer Wheel","Golden Idol","Molten Egg 2","Smiling Mask","Blue Candle","Cursed Key","Magic Flower","Enchiridion","Omamori","Juzu Bracelet","Oddly Smooth Stone","Vajra"],"card_choices":[{"not_picked":["Sword Boomerang","Armaments"],"picked":"Infernal Blade"},{"not_picked":["Juggernaut","Feel No Pain"],"picked":"Heavy Blade"},{"not_picked":["Warcry","Sword Boomerang"],"picked":"Shrug It Off"},{"not_picked":["Anger","Searing Blow"],"picked":"Cleave"},{"not_picked":["Warcry","Seeing Red"],"picked":"Headbutt"},{"not_picked":["Whirlwind","Rupture"],"picked":"Feed"},{"not_picked":["Warcry","Iron Wave"],"picked":"Body Slam"},{"not_picked":["Juggernaut","Impervious"],"picked":"Exhume"},{"not_picked":["Flex","Heavy Blade"],"picked":"Thunderclap"}],"player_experience":293165,"potions_floor_usage":[11,16,16,18,24,25],"damage_taken":[{"damage":12,"enemies":"Blue Slaver","floor":1,"turns":6},{"damage":0,"enemies":"Small Slimes","floor":5,"turns":3},{"damage":7,"enemies":"Jaw Worm","floor":7,"turns":3},{"damage":32,"enemies":"Lagavulin","floor":11,"turns":5},{"damage":12,"enemies":"Exordium Wildlife","floor":12,"turns":4},{"damage":23,"enemies":"3 Sentries","floor":13,"turns":5},{"damage":0,"enemies":"3 Louse","floor":14,"turns":2},{"damage":33,"enemies":"Slime Boss","floor":16,"turns":8},{"damage":8,"enemies":"Chosen","floor":18,"turns":5},{"damage":64,"enemies":"Slavers","floor":24,"turns":7},{"damage":18,"enemies":"2 Thieves","floor":25,"turns":3},{"damage":52,"enemies":"Book of Stabbing","floor":29,"turns":6}],"event_choices":[{"event_name":"Golden Idol","player_choice":"Take Damage","floor":3,"damage_taken":0},{"event_name":"Liars Game","player_choice":"disagreed","floor":4,"damage_taken":0},{"event_name":"Back to Basics","player_choice":"Elegance","floor":19,"damage_taken":0},{"event_name":"Cursed Tome","player_choice":"Obtained Book","floor":21,"damage_taken":0}],"boss_relics":[{"not_picked":["Tiny House","Black Blood"],"picked":"Cursed Key"}],"potions_floor_spawned":[5,11,13,14,16,24],"seed_played":"3301295985852438590","killed_by":"Book of Stabbing","ascension_level":7,"is_trial":false}