{"path_per_floor":["M","?","M","?","M","R","E","R","T","?","R","E","?","M","R","B",null,"M","M","M","$","M","R","E","R","T","E","M","?","R","M","R"],"character_chosen":"DEFECT","items_purchased":["Bronze Scales"],"gold_per_floor":[18,18,28,58,70,70,98,98,98,98,98,132,132,145,145,245,245,245,245,245,17,17,17,17,17,17,17,17,17,17,17,17,17],"floor_reached":33,"campfire_rested":2,"playtime":1638,"current_hp_per_floor":[73,73,73,66,66,66,52,52,52,52,52,49,49,49,49,35,75,65,65,60,60,60,60,33,55,55,26,26,12,36,36,36,0],"items_purged":["Defend_B"],"gold":17,"score":310,"play_id":"17066517-8c7c-4275-9394-f672627a0e6a","local_time":"20180503000926","is_prod":false,"is_daily":false,"chose_seed":false,"is_ascension_mode":true,"campfire_upgraded":6,"timestamp":1525298966,"path_taken":["M","?","M","?","?","R","E","R","T","?","R","E","?","M","R","BOSS","M","M","?","$","M","R","E","R","T","E","M","?","R","M","R","BOSS"],"build_version":"2018-05-01v2","seed_source_timestamp":608312151676226,"purchased_purges":1,"victory":false,"master_deck":["Strike_B","Strike_B","Defend_B","Defend_B","Zap+1","Dualcast+1","Prime+1","Sunder+1","Recycle+1","Glacier","Ball Lightning","Barrage+1","Machine Learning","Melter","Leap+1","Hologram+1","Reboot+1","Static Discharge","Reprogram+1","Capacitor+1"],"max_hp_per_floor":[75,75,75,75,75,75,75,75,75,75,75,75,75,75,75,75,75,75,75,75,75,75,75,75,75,75,75,75,80,80,80,80,80],"relics":["Cracked Core","Tiny Chest","Centennial Puzzle","Bottled Flame","Calipers","Letter Opener","Ectoplasm","Bronze Scales","Ornamental Fan","Mummified Hand","Turnip"],"card_choices":[{"not_picked":["Lockon","Leap"],"picked":"Recycle","floor":1.0},{"not_picked":["Axe Kick","Sunder"],"picked":"Ball Lightning","floor":3.0},{"not_picked":["Stack","Sweeping Beam"],"picked":"Barrage","floor":5.0},{"not_picked":["Reinforced Body","Rebound"],"picked":"Machine Learning","floor":7.0},{"not_picked":["Turbo","Stack"],"picked":"Melter","floor":14.0},{"not_picked":["Ball Lightning","Go for the Eyes"],"picked":"Leap","floor":18.0},{"not_picked":["Cold Snap","Turbo"],"picked":"Hologram","floor":20.0},{"not_picked":["FTL","Rip and Tear"],"picked":"Reboot","floor":22.0},{"not_picked":["FTL","Turbo"],"picked":"Static Discharge","floor":24.0},{"not_picked":["Turbo","Reprieve"],"picked":"Reprogram","floor":27.0},{"not_picked":["Rebound","Undo"],"picked":"Capacitor","floor":31}],"player_experience":578860,"potions_floor_usage":[31],"damage_taken":[{"damage":2.0,"enemies":"2 Louse","floor":1.0,"turns":2.0},{"damage":0.0,"enemies":"Cultist","floor":3.0,"turns":2.0},{"damage":0.0,"enemies":"Small Slimes","floor":5.0,"turns":2.0},{"damage":14.0,"enemies":"Lagavulin","floor":7.0,"turns":5.0},{"damage":3.0,"enemies":"Gremlin Nob","floor":12.0,"turns":3.0},{"damage":0.0,"enemies":"2 Fungi Beasts","floor":14.0,"turns":1.0},{"damage":14.0,"enemies":"The Guardian","floor":16.0,"turns":9.0},{"damage":10.0,"enemies":"Shell Parasite","floor":18.0,"turns":3.0},{"damage":0.0,"enemies":"Chosen","floor":19.0,"turns":4.0},{"damage":5.0,"enemies":"Snecko","floor":20.0,"turns":3.0},{"damage":0.0,"enemies":"3 Cultists","floor":22.0,"turns":4.0},{"damage":27.0,"enemies":"Slavers","floor":24.0,"turns":5.0},{"damage":29.0,"enemies":"Gremlin Leader","floor":27.0,"turns":6.0},{"damage":0.0,"enemies":"Snake Plant","floor":28.0,"turns":2.0},{"damage":0,"enemies":"Cultist and Chosen","floor":31,"turns":5},{"damage":47,"enemies":"Automaton","floor":33,"turns":6}],"event_choices":[{"event_name":"Transmorgrifier","player_choice":"Transform","floor":2.0,"damage_taken":0.0},{"event_name":"Scrap Ooze","player_choice":"success","floor":4.0,"damage_taken":7.0},{"event_name":"Living Wall","player_choice":"Grow","floor":10.0,"damage_taken":0.0},{"event_name":"Dead Adventurer","player_choice":"Searched \u00271\u0027 times","floor":13.0,"damage_taken":0.0},{"event_name":"Forgotten Altar","player_choice":"Shed Blood","floor":29.0,"damage_taken":0.0}],"boss_relics":[],"potions_floor_spawned":[1,3,7,24,27],"seed_played":"-5637123190564429210","killed_by":"Automaton","ascension_level":1,"is_trial":false}