{"gold_per_floor":[110,126,126,137,60,60,92,103,103,53,35,35,35,53,53,152,152,167,182,182,281,96,96,96,108,108,108,135,150,150,164,164,260,260],"floor_reached":34,"playtime":1550,"items_purged":["Strike_G"],"score":370,"play_id":"17255382-ebf8-4c4d-85e6-480e4b30ccf2","local_time":"20190714112047","is_ascension_mode":false,"campfire_choices":[{"data":"Phantasmal Killer","floor":6.0,"key":"SMITH"},{"data":"Blade Dance","floor":12.0,"key":"SMITH"},{"data":"Well Laid Plans","floor":15.0,"key":"SMITH"},{"data":"Burst","floor":23.0,"key":"SMITH"},{"data":"Footwork","floor":27.0,"key":"SMITH"},{"floor":32.0,"key":"RECALL"}],"neow_cost":"NONE","seed_source_timestamp":0,"circlet_count":0,"master_deck":["Strike_G","Strike_G","Defend_G","Defend_G","Defend_G","Defend_G","Defend_G","Survivor","Neutralize","Phantasmal Killer+1","Footwork+1","Slice","Blade Dance+1","Well Laid Plans+1","Backflip","Adrenaline","Acrobatics","Burst+1","Tools of the Trade","Blur","Envenom"],"special_seed":0,"relics":["Ring of the Snake","Bronze Scales","The Courier","Sozu","Incense Burner","Bag of Marbles"],"potions_floor_usage":[],"damage_taken":[{"damage":3.0,"enemies":"Small Slimes","floor":1.0,"turns":4.0},{"damage":0.0,"enemies":"Cultist","floor":2.0,"turns":4.0},{"damage":0.0,"enemies":"2 Louse","floor":4.0,"turns":3.0},{"damage":45.0,"enemies":"Gremlin Nob","floor":7.0,"turns":5.0},{"damage":2.0,"enemies":"Large Slime","floor":8.0,"turns":5.0},{"damage":0.0,"enemies":"Blue Slaver","floor":14.0,"turns":3.0},{"damage":24.0,"enemies":"Slime Boss","floor":16.0,"turns":9.0},{"damage":3.0,"enemies":"3 Byrds","floor":18.0,"turns":3.0},{"damage":3.0,"enemies":"Shell Parasite","floor":19.0,"turns":5.0},{"damage":6.0,"enemies":"Cultist and Chosen","floor":25.0,"turns":8.0},{"damage":7.0,"enemies":"Gremlin Leader","floor":28.0,"turns":7.0},{"damage":0.0,"enemies":"Centurion and Healer","floor":29.0,"turns":6.0},{"damage":0.0,"enemies":"Snake Plant","floor":31.0,"turns":5.0},{"damage":7,"enemies":"Champ","floor":33,"turns":12}],"seed_played":"6067864016013718954","potions_obtained":[{"floor":1.0,"key":"SpeedPotion"},{"floor":2.0,"key":"EssenceOfSteel"},{"floor":8.0,"key":"Regen Potion"}],"is_trial":false,"path_per_floor":["M","M","?","M","$","R","E","M","T","?","$","R","?","M","R","B",null,"M","M","?","?","$","R","?","M","T","R","E","M","T","M","R","B",null],"character_chosen":"THE_SILENT","items_purchased":["Well Laid Plans","Backflip","Burst"],"campfire_rested":0,"item_purchase_floors":[5,11,22],"current_hp_per_floor":[67,67,67,67,67,67,22,20,20,20,20,20,20,20,20,11,70,67,64,64,64,64,64,64,58,58,58,51,51,51,51,51,44,70],"gold":260,"neow_bonus":"ONE_RANDOM_RARE_CARD","is_prod":false,"is_daily":false,"chose_seed":false,"campfire_upgraded":5,"win_rate":0,"timestamp":1563070847,"path_taken":["M","M","?","M","$","R","E","?","T","?","$","R","?","M","R","BOSS","M","M","?","?","?","R","?","?","T","R","E","?","?","?","R","BOSS"],"build_version":"2019-07-05","purchased_purges":1,"victory":false,"max_hp_per_floor":[70,70,70,70,70,70,70,70,70,70,70,70,70,70,70,70,70,70,70,70,70,70,70,70,70,70,70,70,70,70,70,70,70,70],"card_choices":[{"not_picked":["Accuracy","Dash"],"picked":"Footwork","floor":1.0},{"not_picked":["Catalyst","Quick Slash"],"picked":"Slice","floor":2.0},{"not_picked":["Underhanded Strike","Outmaneuver"],"picked":"Blade Dance","floor":4.0},{"not_picked":["Endless Agony","PiercingWail","Concentrate"],"picked":"SKIP","floor":7.0},{"not_picked":["Endless Agony","Flechettes","Terror"],"picked":"SKIP","floor":8.0},{"not_picked":["PiercingWail","Terror","Flying Knee"],"picked":"SKIP","floor":14.0},{"not_picked":["Bullet Time","Malaise"],"picked":"Adrenaline","floor":16.0},{"not_picked":["Blur","Leg Sweep+1"],"picked":"Acrobatics","floor":18.0},{"not_picked":["Eviscerate","Backstab","PiercingWail+1"],"picked":"SKIP","floor":19.0},{"not_picked":["PiercingWail","Bane","Flechettes"],"picked":"SKIP","floor":25.0},{"not_picked":["Dodge and Roll","Leg Sweep"],"picked":"Tools of the Trade","floor":28.0},{"not_picked":["Terror","Dagger Spray"],"picked":"Blur","floor":29.0},{"not_picked":["Dagger Throw","Dodge and Roll","Outmaneuver"],"picked":"SKIP","floor":31.0},{"not_picked":["Doppelganger","Wraith Form v2"],"picked":"Envenom","floor":33}],"player_experience":982699,"relics_obtained":[{"floor":7.0,"key":"Bronze Scales"},{"floor":9.0,"key":"The Courier"},{"floor":28.0,"key":"Bag of Marbles"}],"event_choices":[{"cards_removed":["Strike_G"],"damage_healed":0.0,"max_hp_gain":0.0,"max_hp_loss":0.0,"gold_gain":0.0,"event_name":"Bonfire Elementals","player_choice":"Offered Basic","floor":3.0,"gold_loss":0.0,"damage_taken":0.0},{"cards_removed":["Strike_G"],"damage_healed":0.0,"max_hp_gain":0.0,"max_hp_loss":0.0,"gold_gain":0.0,"event_name":"The Cleric","player_choice":"Card Removal","floor":10.0,"gold_loss":50.0,"damage_taken":0.0},{"damage_healed":0.0,"max_hp_gain":0.0,"max_hp_loss":0.0,"gold_gain":0.0,"event_name":"Liars Game","player_choice":"Ignored","floor":13.0,"gold_loss":0.0,"damage_taken":0.0},{"damage_healed":0.0,"max_hp_gain":0.0,"max_hp_loss":0.0,"gold_gain":0.0,"event_name":"The Mausoleum","player_choice":"Opened","floor":20.0,"gold_loss":0.0,"damage_taken":0.0,"relics_obtained":["Incense Burner"]},{"damage_healed":0.0,"max_hp_gain":0.0,"max_hp_loss":0.0,"gold_gain":99.0,"event_name":"Nest","player_choice":"Stole From Cult","floor":21.0,"gold_loss":0.0,"damage_taken":0.0},{"damage_healed":0.0,"max_hp_gain":0.0,"max_hp_loss":0.0,"gold_gain":0.0,"event_name":"Lab","player_choice":"Got Potions","floor":24.0,"gold_loss":0.0,"damage_taken":0.0}],"is_beta":false,"boss_relics":[{"not_picked":["Runic Pyramid","WristBlade"],"picked":"Sozu"},{"not_picked":["HoveringKite","Fusion Hammer","Velvet Choker"]}],"items_purged_floors":[22],"is_endless":false,"potions_floor_spawned":[1,2,8,18,31,33],"ascension_level":0}