{"path_per_floor":["M","M","?","?","M","R","$","M","T","M","M","R","?","E","R","B",null,"M","$","M","$","M","R","M","R","T","?","R","?","R","M","R"],"character_chosen":"THE_SILENT","items_purchased":["Footwork","Acrobatics"],"gold_per_floor":[118,136,136,136,150,150,75,95,95,110,121,121,121,147,147,220,220,233,58,74,25,45,45,62,62,118,43,43,43,43,53,53,53],"floor_reached":33,"campfire_rested":1,"playtime":1781,"current_hp_per_floor":[59,59,52,57,55,55,55,53,53,49,41,41,41,25,25,13,57,53,53,43,43,27,27,5,26,26,26,26,26,26,32,32,0],"items_purged":["Strike_G","Defend_G"],"gold":53,"score":462,"play_id":"2006bb9d-4ff6-424e-97b5-ae91fa8e781d","local_time":"20180407200713","is_prod":false,"is_daily":false,"is_ascension_mode":true,"campfire_upgraded":4,"timestamp":1523124433,"path_taken":["M","M","?","?","M","R","$","M","T","M","?","R","?","E","R","BOSS","M","$","M","$","M","R","M","R","T","?","R","?","R","?","R","BOSS"],"build_version":"2018-04-05v2","purchased_purges":2,"victory":false,"master_deck":["Defend_G","Defend_G","Defend_G","Survivor","Neutralize+1","AscendersBane","Infinite Blades","Slice","Backflip","Slice+1","Backflip","Expertise+1","Concentrate+1","Dagger Spray+1","Deflect","Footwork","Acrobatics+1"],"max_hp_per_floor":[66,66,66,71,71,71,71,71,71,71,71,71,71,71,71,71,71,71,71,71,71,71,71,71,71,71,71,71,71,71,71,71,71],"relics":["Ring of the Snake","Molten Egg 2","Girya","Peace Pipe","Astrolabe","Tiny Chest"],"card_choices":[{"not_picked":["Leg Sweep","Well Laid Plans"],"picked":"Infinite Blades","floor":1.0},{"not_picked":["Caltrops","Backflip"],"picked":"Slice","floor":2.0},{"not_picked":["Escape Plan","Flying Knee"],"picked":"Backflip","floor":5.0},{"not_picked":["Sucker Punch","Flying Knee"],"picked":"Slice","floor":8.0},{"not_picked":["Poisoned Stab","Phantasmal Killer"],"picked":"Backflip","floor":10.0},{"not_picked":["Deadly Poison","Dodge and Roll"],"picked":"Expertise","floor":11.0},{"not_picked":["Expertise","Calculated Gamble"],"picked":"Concentrate","floor":14.0},{"not_picked":["Flying Knee","Poisoned Stab"],"picked":"Deflect","floor":18.0}],"player_experience":514301,"potions_floor_usage":[],"damage_taken":[{"damage":0.0,"enemies":"Jaw Worm","floor":1.0,"turns":5.0},{"damage":0.0,"enemies":"Small Slimes","floor":2.0,"turns":3.0},{"damage":2.0,"enemies":"2 Louse","floor":5.0,"turns":3.0},{"damage":2.0,"enemies":"Exordium Thugs","floor":8.0,"turns":5.0},{"damage":4.0,"enemies":"Looter","floor":10.0,"turns":3.0},{"damage":8.0,"enemies":"Exordium Wildlife","floor":11.0,"turns":4.0},{"damage":16.0,"enemies":"3 Sentries","floor":14.0,"turns":6.0},{"damage":12.0,"enemies":"The Guardian","floor":16.0,"turns":13.0},{"damage":4.0,"enemies":"Shell Parasite","floor":18.0,"turns":6.0},{"damage":10.0,"enemies":"2 Thieves","floor":20.0,"turns":4.0},{"damage":16.0,"enemies":"Centurion and Healer","floor":22.0,"turns":5.0},{"damage":22.0,"enemies":"Cultist and Chosen","floor":24.0,"turns":6.0},{"damage":6.0,"enemies":"Snecko","floor":31.0,"turns":9.0},{"damage":41,"enemies":"Champ","floor":33,"turns":9}],"event_choices":[{"event_name":"Scrap Ooze","player_choice":"success","floor":3.0,"damage_taken":7.0},{"event_name":"Big Fish","player_choice":"Donut","floor":4.0,"damage_taken":0.0},{"event_name":"Golden Idol","player_choice":"Ignored","floor":13.0,"damage_taken":0.0},{"event_name":"Beggar","player_choice":"Gave Gold","floor":27.0,"damage_taken":0.0},{"event_name":"Vampires","player_choice":"Ignored","floor":29.0,"damage_taken":0.0}],"boss_relics":[],"potions_floor_spawned":[1,2,8,16,20,24],"seed_played":"2397317792444887177","killed_by":"Champ","ascension_level":14,"is_trial":false}