{"gold_per_floor":[116,116,116,135,60,60,60,60,60,80,80,103,103,121,121,121],"floor_reached":16,"playtime":340,"items_purged":["Defend_B"],"score":180,"play_id":"7d75cf8f-c6e8-4728-b900-62823936d642","local_time":"20190304234838","is_ascension_mode":true,"campfire_choices":[{"data":"Zap","floor":6.0,"key":"SMITH"},{"floor":11.0,"key":"DIG"},{"floor":13.0,"key":"DIG"},{"data":"Barrage","floor":15,"key":"SMITH"}],"neow_cost":"NONE","seed_source_timestamp":24808743612941,"circlet_count":0,"master_deck":["AscendersBane","Strike_B","Defend_B","Defend_B","Defend_B","Zap+1","Dualcast","Hologram","Barrage+1","Undo"],"special_seed":0,"relics":["Cracked Core","Golden Idol","Shovel","Omamori","Ginger","Blood Vial"],"potions_floor_usage":[],"damage_taken":[{"damage":4.0,"enemies":"Small Slimes","floor":1.0,"turns":3.0},{"damage":2.0,"enemies":"Jaw Worm","floor":4.0,"turns":3.0},{"damage":0.0,"enemies":"Cultist","floor":10.0,"turns":4.0},{"damage":1.0,"enemies":"Looter","floor":12.0,"turns":3.0},{"damage":1.0,"enemies":"Red Slaver","floor":14.0,"turns":3.0},{"damage":50,"enemies":"Hexaghost","floor":16,"turns":9}],"seed_played":"711687462655427036","potions_obtained":[{"floor":4.0,"key":"FearPotion"},{"floor":14.0,"key":"SteroidPotion"}],"is_trial":false,"path_per_floor":["M","?","?","M","$","R","?","?","T","M","R","M","R","M","R","B"],"character_chosen":"DEFECT","items_purchased":[],"campfire_rested":0,"item_purchase_floors":[],"current_hp_per_floor":[60,53,53,51,51,51,46,46,46,46,46,45,45,46,46,0],"gold":121,"neow_bonus":"TRANSFORM_CARD","is_prod":false,"is_daily":false,"chose_seed":false,"campfire_upgraded":2,"win_rate":0,"timestamp":1551739718,"path_taken":["M","?","?","M","?","R","?","?","T","?","R","M","R","M","R","BOSS"],"build_version":"2019-01-23","purchased_purges":1,"victory":false,"max_hp_per_floor":[71,71,64,64,64,64,64,64,64,64,64,64,64,64,64,64],"card_choices":[{"not_picked":["Compile Driver","Reinforced Body"],"picked":"Barrage","floor":1.0},{"not_picked":["Hologram","Meteor Strike"],"picked":"Undo","floor":4.0},{"not_picked":["Genetic Algorithm","Sweeping Beam","Auto Shields"],"picked":"SKIP","floor":10.0},{"not_picked":["Turbo","Tempest","Sweeping Beam"],"picked":"SKIP","floor":12.0},{"not_picked":["Hologram","Barrage","Loop"],"picked":"SKIP","floor":14.0}],"player_experience":939214,"relics_obtained":[{"floor":9.0,"key":"Omamori"},{"floor":11.0,"key":"Ginger"},{"floor":13.0,"key":"Blood Vial"}],"event_choices":[{"cards_removed":["Strike_B"],"damage_healed":0.0,"max_hp_gain":0.0,"max_hp_loss":0.0,"gold_gain":0.0,"event_name":"Golden Wing","player_choice":"Card Removal","floor":2.0,"gold_loss":0.0,"damage_taken":7.0},{"damage_healed":0.0,"max_hp_gain":0.0,"max_hp_loss":7.0,"gold_gain":0.0,"event_name":"Golden Idol","player_choice":"Lose Max HP","floor":3.0,"gold_loss":0.0,"damage_taken":0.0,"relics_obtained":["Golden Idol"]},{"damage_healed":0.0,"max_hp_gain":0.0,"max_hp_loss":0.0,"gold_gain":0.0,"event_name":"Scrap Ooze","player_choice":"Success","floor":7.0,"gold_loss":0.0,"damage_taken":5.0,"relics_obtained":["Shovel"]},{"cards_removed":["Strike_B"],"damage_healed":0.0,"max_hp_gain":0.0,"max_hp_loss":0.0,"gold_gain":0.0,"event_name":"Living Wall","player_choice":"Forget","floor":8.0,"gold_loss":0.0,"damage_taken":0.0}],"is_beta":false,"boss_relics":[],"items_purged_floors":[5],"is_endless":false,"potions_floor_spawned":[4,14],"killed_by":"Hexaghost","ascension_level":20}