{"gold_per_floor":[18,37,87,98,111,111,129,129,129,159,159,159,11,39,39,114,114,134,34,44,44,54,54],"floor_reached":23,"playtime":727,"items_purged":["Strike_R","Strike_R"],"score":334,"play_id":"a0b58878-8e97-4e40-ab22-bc7d170707f1","local_time":"20190113235251","is_ascension_mode":true,"campfire_choices":[{"data":"Rampage","floor":6,"key":"SMITH"},{"data":"Intimidate","floor":8,"key":"SMITH"},{"data":"Demon Form","floor":15,"key":"SMITH"}],"neow_cost":"NO_GOLD","seed_source_timestamp":545378016423074,"circlet_count":0,"master_deck":["AscendersBane","Strike_R","Strike_R","Defend_R","Defend_R","Defend_R","Bash","Reaper","Intimidate+1","Flex","Rampage+1","Shrug It Off","Seeing Red","Thunderclap","Offering","Demon Form+1","Inflame","Ghostly Armor"],"relics":["Burning Blood","Letter Opener","Odd Mushroom","Blue Candle","Cursed Key","Centennial Puzzle"],"potions_floor_usage":[14],"damage_taken":[{"damage":18,"enemies":"Jaw Worm","floor":1,"turns":4},{"damage":8,"enemies":"Cultist","floor":2,"turns":4},{"damage":0,"enemies":"2 Louse","floor":4,"turns":3},{"damage":8,"enemies":"2 Fungi Beasts","floor":5,"turns":4},{"damage":7,"enemies":"Red Slaver","floor":7,"turns":6},{"damage":29,"enemies":"The Mushroom Lair","floor":10,"turns":5},{"damage":20,"enemies":"Gremlin Nob","floor":14,"turns":4},{"damage":36,"enemies":"Slime Boss","floor":16,"turns":7},{"damage":20,"enemies":"Shell Parasite","floor":18,"turns":4},{"damage":33,"enemies":"3 Byrds","floor":20,"turns":4},{"damage":27,"enemies":"Snecko","floor":22,"turns":4},{"damage":51,"enemies":"Slavers","floor":23,"turns":4}],"seed_played":"-7131805411348937775","potions_obtained":[{"floor":2,"key":"Dexterity Potion"},{"floor":7,"key":"SpeedPotion"},{"floor":10,"key":"Block Potion"},{"floor":16,"key":"Poison Potion"},{"floor":22,"key":"LiquidBronze"}],"is_trial":false,"path_per_floor":["M","M","?","M","M","R","M","R","T","?","?","?","$","E","R","B",null,"M","$","M","?","M","E"],"character_chosen":"IRONCLAD","items_purchased":["Offering"],"campfire_rested":0,"item_purchase_floors":[13],"current_hp_per_floor":[56,58,58,67,73,73,74,74,74,52,52,52,52,44,44,14,60,46,46,40,40,32,0],"gold":54,"neow_bonus":"TRANSFORM_TWO_CARDS","is_prod":false,"is_daily":false,"chose_seed":false,"campfire_upgraded":3,"win_rate":0,"timestamp":1547419971,"path_taken":["M","M","?","M","M","R","?","R","T","?","?","?","$","E","R","BOSS","M","$","M","?","M","E"],"build_version":"2019-01-10","purchased_purges":2,"victory":false,"max_hp_per_floor":[75,75,75,75,75,75,75,75,75,75,75,75,75,75,75,75,75,75,75,75,75,75,75],"card_choices":[{"not_picked":["Infernal Blade","Wild Strike"],"picked":"Flex","floor":1},{"not_picked":["Fire Breathing","Body Slam"],"picked":"Rampage","floor":2},{"not_picked":["Body Slam","Rupture","Flex"],"picked":"SKIP","floor":4},{"not_picked":["Iron Wave","Armaments"],"picked":"Shrug It Off","floor":5},{"not_picked":["True Grit","Clash"],"picked":"Seeing Red","floor":7},{"not_picked":["Dual Wield","Rupture"],"picked":"Thunderclap","floor":10},{"not_picked":["Hemokinesis","Combust"],"picked":"Demon Form","floor":14},{"not_picked":["Body Slam","Blood for Blood","Rage"],"picked":"SKIP","floor":18},{"not_picked":["Shrug It Off","Armaments"],"picked":"Inflame","floor":20},{"not_picked":["Rampage","Disarm"],"picked":"Ghostly Armor","floor":22}],"player_experience":734995,"relics_obtained":[{"floor":9,"key":"Letter Opener"},{"floor":10,"key":"Odd Mushroom"},{"floor":14,"key":"Blue Candle"}],"event_choices":[{"damage_healed":0,"gold_gain":50,"player_choice":"Pray","damage_taken":0,"max_hp_gain":0,"max_hp_loss":0,"event_name":"Golden Shrine","floor":3,"gold_loss":0},{"damage_healed":0,"gold_gain":0,"player_choice":"Fought Mushrooms","damage_taken":0,"max_hp_gain":0,"max_hp_loss":0,"event_name":"Mushrooms","floor":10,"gold_loss":0},{"damage_healed":0,"gold_gain":0,"player_choice":"Ignored","damage_taken":0,"max_hp_gain":0,"max_hp_loss":0,"event_name":"Liars Game","floor":11,"gold_loss":0},{"damage_healed":0,"gold_gain":0,"player_choice":"Ignored","damage_taken":0,"max_hp_gain":0,"max_hp_loss":0,"event_name":"Golden Idol","floor":12,"gold_loss":0},{"damage_healed":0,"gold_gain":0,"player_choice":"Gave Potion","damage_taken":0,"relics_obtained":["Centennial Puzzle"],"max_hp_gain":0,"max_hp_loss":0,"event_name":"WeMeetAgain","floor":21,"gold_loss":0}],"is_beta":false,"boss_relics":[{"not_picked":["Black Star","Runic Dome"],"picked":"Cursed Key"}],"items_purged_floors":[13,19],"is_endless":false,"potions_floor_spawned":[2,7,10,16,20,22],"killed_by":"Slavers","ascension_level":15}