{"gold_per_floor":[119,44,44,44,119,149,166,194,194,194,211,57,75,0,0,0],"floor_reached":16,"playtime":541,"items_purged":["Defend_G","Strike_G"],"score":239,"play_id":"3292d3a3-1688-40eb-930a-e420fe59e595","local_time":"20190203181549","is_ascension_mode":true,"campfire_choices":[{"data":"Deadly Poison","floor":15,"key":"SMITH"}],"neow_cost":"NONE","seed_source_timestamp":249288321466626,"circlet_count":0,"master_deck":["AscendersBane","Defend_G","Defend_G","Defend_G","Defend_G","Strike_G","Strike_G","Strike_G","Strike_G","Survivor","Neutralize","Backflip","Acrobatics","Slice","PiercingWail","Poisoned Stab","Deadly Poison+1","Infinite Blades"],"relics":["Ring of the Snake","NeowsBlessing","Mango","Vajra","Ninja Scroll","Paper Crane"],"potions_floor_usage":[16],"damage_taken":[{"damage":0,"enemies":"Jaw Worm","floor":1,"turns":1},{"damage":0,"enemies":"Lagavulin","floor":6,"turns":1},{"damage":0,"enemies":"2 Louse","floor":7,"turns":1},{"damage":29,"enemies":"3 Sentries","floor":8,"turns":13},{"damage":0,"enemies":"Small Slimes","floor":11,"turns":2},{"damage":0,"enemies":"Blue Slaver","floor":13,"turns":3},{"damage":28,"enemies":"Slime Boss","floor":16,"turns":6}],"seed_played":"38662443798207400","potions_obtained":[{"floor":8,"key":"Weak Potion"},{"floor":13,"key":"Dexterity Potion"}],"is_trial":false,"path_per_floor":["M","$","?","$","?","E","M","E","T","?","M","$","M","$","R","B"],"character_chosen":"THE_SILENT","items_purchased":["Deadly Poison","Infinite Blades"],"campfire_rested":0,"item_purchase_floors":[12,14],"current_hp_per_floor":[59,59,68,68,57,57,57,28,28,28,28,28,28,28,28,0],"gold":0,"neow_bonus":"THREE_ENEMY_KILL","is_prod":false,"is_daily":false,"chose_seed":false,"campfire_upgraded":1,"win_rate":0,"timestamp":1549214149,"path_taken":["M","$","?","$","?","E","M","E","T","?","M","$","M","?","R","BOSS"],"build_version":"2019-01-23","purchased_purges":2,"victory":false,"max_hp_per_floor":[66,66,80,80,80,80,80,80,80,80,80,80,80,80,80,80],"card_choices":[{"not_picked":["Dodge and Roll","Sucker Punch"],"picked":"Backflip","floor":1},{"not_picked":["All Out Attack","Calculated Gamble"],"picked":"Acrobatics","floor":6},{"not_picked":["Skewer","Distraction"],"picked":"Slice","floor":7},{"not_picked":["Catalyst","Acrobatics"],"picked":"PiercingWail","floor":8},{"not_picked":["Tactician","Prepared"],"picked":"Poisoned Stab","floor":11},{"not_picked":["Choke","Crippling Poison","Poisoned Stab"],"picked":"SKIP","floor":13}],"player_experience":773685,"relics_obtained":[{"floor":6,"key":"Vajra"},{"floor":8,"key":"Ninja Scroll"},{"floor":9,"key":"Paper Crane"}],"event_choices":[{"damage_healed":0,"gold_gain":0,"player_choice":"Success","damage_taken":5,"relics_obtained":["Mango"],"max_hp_gain":0,"max_hp_loss":0,"event_name":"Scrap Ooze","floor":3,"gold_loss":0},{"damage_healed":0,"gold_gain":75,"player_choice":"Gather Gold","damage_taken":11,"max_hp_gain":0,"max_hp_loss":0,"event_name":"World of Goop","floor":5,"gold_loss":0},{"damage_healed":0,"gold_gain":0,"player_choice":"Ignored","damage_taken":0,"max_hp_gain":0,"max_hp_loss":0,"event_name":"Liars Game","floor":10,"gold_loss":0}],"is_beta":false,"boss_relics":[],"items_purged_floors":[2,12],"is_endless":false,"potions_floor_spawned":[8,13],"killed_by":"Slime Boss","ascension_level":16}