{"gold_per_floor":[118,118,118,138,138,169,193,218,281,468,510,522,561,573,585,702,714,714,35,35,35,35,35,35,35,35,35,35,35,35,35,35,35],"floor_reached":33,"playtime":1087,"items_purged":["Strike_R"],"score":272,"play_id":"915d3954-17e1-45e7-81fa-bd6b68f08721","local_time":"20190407090949","is_ascension_mode":false,"campfire_choices":[{"data":"Searing Blow","floor":12,"key":"SMITH"},{"data":"Searing Blow+1","floor":15,"key":"SMITH"},{"floor":25,"key":"REST"},{"floor":27,"key":"RECALL"},{"floor":30,"key":"REST"},{"data":"Searing Blow+2","floor":32,"key":"SMITH"}],"neow_cost":"NONE","seed_source_timestamp":177296328459759,"circlet_count":0,"master_deck":["Strike_R","Strike_R","Strike_R","Strike_R","Defend_R","Defend_R","Defend_R","Defend_R","Bash","Searing Blow+3","Heavy Blade","Cleave","Carnage","Seeing Red","Demon Form","Shrug It Off","Offering","Cleave+1","Blind+1","Infernal Blade","Conserve Battery","Dagger Spray+1"],"relics":["Burning Blood","Letter Opener","MawBank","Vajra","The Courier","Bottled Lightning","Spirit Poop","Ectoplasm","PrismaticShard","Paper Frog","Orichalcum","Potion Belt","MutagenicStrength","Question Card","Bird Faced Urn","Molten Egg 2"],"potions_floor_usage":[7,7,11,13,18,24,31,33],"damage_taken":[{"damage":13,"enemies":"2 Louse","floor":1,"turns":3},{"damage":0,"enemies":"Small Slimes","floor":4,"turns":3},{"damage":1,"enemies":"Cultist","floor":6,"turns":3},{"damage":0,"enemies":"Looter","floor":7,"turns":2},{"damage":16,"enemies":"Large Slime","floor":8,"turns":6},{"damage":23,"enemies":"Gremlin Nob","floor":11,"turns":4},{"damage":25,"enemies":"Lagavulin","floor":13,"turns":5},{"damage":32,"enemies":"Hexaghost","floor":16,"turns":9},{"damage":8,"enemies":"Chosen","floor":18,"turns":2},{"damage":20,"enemies":"Spheric Guardian","floor":20,"turns":4},{"damage":56,"enemies":"Slavers","floor":23,"turns":5},{"damage":6,"enemies":"Centurion and Healer","floor":24,"turns":3},{"damage":14,"enemies":"Colosseum Slavers","floor":29,"turns":4},{"damage":12,"enemies":"Colosseum Nobs","floor":29,"turns":4},{"damage":14,"enemies":"Shelled Parasite and Fungi","floor":31,"turns":3},{"damage":43,"enemies":"Champ","floor":33,"turns":8}],"seed_played":"-3125488514678702481","potions_obtained":[{"floor":1,"key":"SkillPotion"},{"floor":6,"key":"Fire Potion"},{"floor":8,"key":"EssenceOfSteel"},{"floor":11,"key":"PowerPotion"},{"floor":16,"key":"Fire Potion"},{"floor":23,"key":"Energy Potion"},{"floor":29,"key":"Explosive Potion"},{"floor":31,"key":"SpeedPotion"}],"is_trial":false,"path_per_floor":["M","?","?","M","?","M","M","M","T","?","E","R","E","?","R","B",null,"M","$","M","?","?","E","M","R","T","R","$","?","R","M","R","B"],"character_chosen":"IRONCLAD","items_purchased":["PrismaticShard","Paper Frog","Orichalcum","Potion Belt"],"campfire_rested":2,"item_purchase_floors":[19,19,19,19],"current_hp_per_floor":[73,73,66,72,72,77,80,70,70,70,53,53,34,34,34,8,80,78,78,64,64,64,14,14,38,38,38,38,24,48,40,40,0],"gold":35,"neow_bonus":"ONE_RANDOM_RARE_CARD","is_prod":false,"is_daily":false,"chose_seed":false,"campfire_upgraded":3,"win_rate":0,"timestamp":1554646189,"path_taken":["M","?","?","M","?","M","?","M","T","?","E","R","E","?","R","BOSS","M","$","M","?","?","E","?","R","T","R","$","?","R","M","R","BOSS"],"build_version":"2019-01-23","purchased_purges":1,"victory":false,"max_hp_per_floor":[80,80,80,80,80,80,80,80,80,80,80,80,80,80,80,80,80,80,80,80,80,80,80,80,80,80,80,80,80,80,80,80,80],"card_choices":[{"not_picked":["Pummel","Intimidate"],"picked":"Searing Blow","floor":1},{"not_picked":["Anger","True Grit"],"picked":"Heavy Blade","floor":4},{"not_picked":["Pommel Strike","Bloodletting"],"picked":"Cleave","floor":6},{"not_picked":["Wild Strike","Perfected Strike"],"picked":"Carnage","floor":7},{"not_picked":["Twin Strike","Clothesline"],"picked":"Seeing Red","floor":8},{"not_picked":["Iron Wave","Shockwave"],"picked":"Demon Form","floor":11},{"not_picked":["Pommel Strike","Disarm"],"picked":"Shrug It Off","floor":13},{"not_picked":["Impervious","Feed"],"picked":"Offering","floor":16},{"not_picked":["Shrug It Off","Sword Boomerang"],"picked":"Cleave+1","floor":18},{"not_picked":["Beam Cell","Flechettes"],"picked":"Blind+1","floor":20},{"not_picked":["Hemokinesis","Hologram"],"picked":"Infernal Blade","floor":23},{"not_picked":["Feel No Pain","Underhanded Strike","Flex","Body Slam"],"picked":"SKIP","floor":24},{"not_picked":["Masterful Stab+1","Metallicize","Shrug It Off"],"picked":"Conserve Battery","floor":29},{"not_picked":["Steam","Compile Driver+1","Rupture"],"picked":"Dagger Spray+1","floor":31}],"player_experience":745992,"relics_obtained":[{"floor":9,"key":"Vajra"},{"floor":11,"key":"The Courier"},{"floor":13,"key":"Bottled Lightning"},{"floor":23,"key":"Question Card"},{"floor":29,"key":"Bird Faced Urn"},{"floor":29,"key":"Molten Egg 2"}],"event_choices":[{"damage_healed":0,"gold_gain":0,"player_choice":"Box","damage_taken":0,"relics_obtained":["Letter Opener"],"max_hp_gain":0,"max_hp_loss":0,"event_name":"Big Fish","floor":2,"gold_loss":0,"cards_obtained":["Regret"]},{"cards_removed":["Regret"],"damage_healed":0,"gold_gain":0,"player_choice":"Card Removal","damage_taken":7,"max_hp_gain":0,"max_hp_loss":0,"event_name":"Golden Wing","floor":3,"gold_loss":0},{"cards_removed":["Berserk"],"damage_healed":0,"gold_gain":0,"player_choice":"Gave Card","damage_taken":0,"relics_obtained":["MawBank"],"max_hp_gain":0,"max_hp_loss":0,"event_name":"WeMeetAgain","floor":5,"gold_loss":0},{"damage_healed":0,"gold_gain":175,"player_choice":"AGREE","damage_taken":0,"max_hp_gain":0,"max_hp_loss":0,"event_name":"Liars Game","floor":10,"gold_loss":0,"cards_obtained":["Doubt"]},{"cards_removed":["Doubt"],"damage_healed":0,"gold_gain":0,"player_choice":"Offered Curse","damage_taken":0,"relics_obtained":["Spirit Poop"],"max_hp_gain":0,"max_hp_loss":0,"event_name":"Bonfire Elementals","floor":14,"gold_loss":0},{"damage_healed":0,"gold_gain":0,"player_choice":"Inject Mutagens","damage_taken":0,"relics_obtained":["MutagenicStrength"],"max_hp_gain":0,"max_hp_loss":0,"event_name":"Drug Dealer","floor":21,"gold_loss":0},{"damage_healed":0,"gold_gain":200,"player_choice":"Gold","damage_taken":0,"max_hp_gain":0,"max_hp_loss":0,"event_name":"Wheel of Change","floor":22,"gold_loss":0},{"damage_healed":0,"gold_gain":0,"player_choice":"Fight","damage_taken":0,"max_hp_gain":0,"max_hp_loss":0,"event_name":"Colosseum","floor":29,"gold_loss":0},{"damage_healed":0,"gold_gain":0,"player_choice":"Fought Nobs","damage_taken":0,"max_hp_gain":0,"max_hp_loss":0,"event_name":"Colosseum","floor":29,"gold_loss":0}],"is_beta":false,"boss_relics":[{"not_picked":["Busted Crown","Tiny House"],"picked":"Ectoplasm"}],"items_purged_floors":[19],"is_endless":false,"potions_floor_spawned":[1,6,8,11,16,23,29,29,31],"killed_by":"Champ","ascension_level":0}