{"gold_per_floor":[209,224,224,241,90,90,101,115,138,168,168,181,181,181,181,312,312,327,327,346,346],"floor_reached":21,"playtime":1910,"items_purged":["Strike_R"],"score":190,"play_id":"c9ee7690-d14f-40a8-b6ec-ed078ed58639","local_time":"20190720094441","is_ascension_mode":true,"campfire_choices":[{"data":"Whirlwind","floor":6,"key":"SMITH"},{"floor":11,"key":"REST"},{"floor":13,"key":"REST"},{"floor":15,"key":"REST"}],"neow_cost":"NONE","seed_source_timestamp":221645366122874,"circlet_count":0,"master_deck":["Strike_R","Strike_R","Strike_R","Strike_R","Defend_R","Defend_R","Defend_R","Defend_R","Bash","Body Slam","Whirlwind+1","Reaper","Seeing Red","Inflame","Body Slam","Barricade","True Grit","Shrug It Off"],"relics":["Burning Blood","Happy Flower","Bag of Preparation","Golden Idol","Sozu"],"potions_floor_usage":[16,16,16],"damage_taken":[{"damage":7,"enemies":"2 Louse","floor":1,"turns":3},{"damage":7,"enemies":"Cultist","floor":2,"turns":5},{"damage":6,"enemies":"Small Slimes","floor":4,"turns":4},{"damage":18,"enemies":"3 Louse","floor":7,"turns":3},{"damage":18,"enemies":"Red Slaver","floor":8,"turns":4},{"damage":39,"enemies":"Lagavulin","floor":10,"turns":6},{"damage":10,"enemies":"Looter","floor":12,"turns":2},{"damage":73,"enemies":"The Guardian","floor":16,"turns":11},{"damage":2,"enemies":"3 Byrds","floor":18,"turns":5},{"damage":48,"enemies":"Spheric Guardian","floor":20,"turns":6},{"damage":43,"enemies":"Cultist and Chosen","floor":21,"turns":6}],"seed_played":"4229773785959870789","potions_obtained":[{"floor":2,"key":"SpeedPotion"},{"floor":4,"key":"Weak Potion"},{"floor":7,"key":"SpeedPotion"}],"is_trial":false,"path_per_floor":["M","M","?","M","$","R","M","M","T","E","R","M","R","?","R","B",null,"M","?","M","M"],"character_chosen":"IRONCLAD","items_purchased":["Inflame"],"campfire_rested":3,"item_purchase_floors":[5],"current_hp_per_floor":[79,78,78,80,80,80,68,62,62,29,53,49,73,53,77,10,80,80,80,38,0],"gold":346,"neow_bonus":"HUNDRED_GOLD","is_prod":false,"is_daily":false,"chose_seed":false,"campfire_upgraded":1,"win_rate":0,"timestamp":1563641081,"path_taken":["M","M","?","?","?","R","M","M","T","E","R","M","R","?","R","BOSS","M","?","M","M"],"build_version":"2019-07-05","purchased_purges":1,"victory":false,"max_hp_per_floor":[80,80,80,80,80,80,80,80,80,80,80,80,80,80,80,80,80,80,80,80,80],"card_choices":[{"not_picked":["Warcry","Dropkick"],"picked":"Body Slam","floor":1},{"not_picked":["Sever Soul","Uppercut"],"picked":"Whirlwind","floor":2},{"not_picked":["Twin Strike","Warcry","Shockwave"],"picked":"SKIP","floor":4},{"not_picked":["Sword Boomerang","Feed","Spot Weakness"],"picked":"SKIP","floor":7},{"not_picked":["Pummel","Warcry","Fire Breathing"],"picked":"SKIP","floor":8},{"not_picked":["Burning Pact","Twin Strike"],"picked":"Body Slam","floor":10},{"not_picked":["Metallicize","Warcry","Spot Weakness"],"picked":"SKIP","floor":12},{"not_picked":["Berserk","Offering"],"picked":"Barricade","floor":16},{"not_picked":["Warcry+1","Clothesline"],"picked":"True Grit","floor":18},{"not_picked":["Clothesline","Iron Wave+1","Dropkick+1"],"picked":"SKIP","floor":20}],"player_experience":34127,"relics_obtained":[{"floor":9,"key":"Happy Flower"},{"floor":10,"key":"Bag of Preparation"}],"event_choices":[{"damage_healed":0,"gold_gain":0,"player_choice":"2 cards matched","damage_taken":0,"max_hp_gain":0,"max_hp_loss":0,"event_name":"Match and Keep!","floor":3,"gold_loss":0,"cards_obtained":["Reaper","Seeing Red"]},{"damage_healed":0,"gold_gain":0,"player_choice":"Take Damage","damage_taken":20,"relics_obtained":["Golden Idol"],"max_hp_gain":0,"max_hp_loss":0,"event_name":"Golden Idol","floor":14,"gold_loss":0},{"damage_healed":0,"gold_gain":0,"player_choice":"Read","damage_taken":0,"max_hp_gain":0,"max_hp_loss":0,"event_name":"The Library","floor":19,"gold_loss":0,"cards_obtained":["Shrug It Off"]}],"is_beta":false,"boss_relics":[{"not_picked":["Runic Pyramid","Runic Cube"],"picked":"Sozu"}],"items_purged_floors":[5],"is_endless":false,"potions_floor_spawned":[2,4,7],"killed_by":"Cultist and Chosen","ascension_level":1}