{"gold_per_floor":[13,13,29,41,52,52,52,67,92,92,115,126,142,171,171,171],"floor_reached":16,"playtime":559,"items_purged":[],"score":187,"play_id":"20f59533-2acf-46a6-af20-9e46c8c50ff9","local_time":"20190214115338","is_ascension_mode":true,"campfire_choices":[{"data":"Bash","floor":6.0,"key":"SMITH"},{"data":"Rage","floor":10.0,"key":"SMITH"},{"data":"Pommel Strike","floor":15,"key":"SMITH"}],"neow_cost":"NO_GOLD","seed_source_timestamp":844874990115102,"circlet_count":0,"master_deck":["AscendersBane","Strike_R","Strike_R","Defend_R","Defend_R","Defend_R","Defend_R","Bash+1","Cleave","Perfected Strike","Pommel Strike+1","Headbutt","Rage+1","Inflame","Feed","Shrug It Off","Spot Weakness","Shrug It Off"],"special_seed":0,"relics":["Burning Blood","Strawberry","Odd Mushroom","Juzu Bracelet"],"potions_floor_usage":[13,14],"damage_taken":[{"damage":7.0,"enemies":"Jaw Worm","floor":1.0,"turns":3.0},{"damage":1.0,"enemies":"Cultist","floor":3.0,"turns":4.0},{"damage":3.0,"enemies":"Small Slimes","floor":4.0,"turns":4.0},{"damage":26.0,"enemies":"Gremlin Gang","floor":5.0,"turns":4.0},{"damage":8.0,"enemies":"Looter","floor":8.0,"turns":3.0},{"damage":18.0,"enemies":"The Mushroom Lair","floor":11.0,"turns":4.0},{"damage":18,"enemies":"Exordium Thugs","floor":12,"turns":5},{"damage":11,"enemies":"Exordium Wildlife","floor":13,"turns":5},{"damage":28,"enemies":"Gremlin Nob","floor":14,"turns":4},{"damage":25,"enemies":"Slime Boss","floor":16,"turns":3}],"seed_played":"-793104522517384287","potions_obtained":[{"floor":5.0,"key":"EssenceOfSteel"},{"floor":12,"key":"Explosive Potion"},{"floor":13,"key":"GamblersBrew"}],"is_trial":false,"path_per_floor":["M","?","M","M","M","R","?","M","T","R","?","M","M","E","R","B"],"character_chosen":"IRONCLAD","items_purchased":[],"campfire_rested":0,"item_purchase_floors":[],"current_hp_per_floor":[67,67,72,75,55,55,55,53,60,60,51,42,40,18,18,0],"gold":171,"neow_bonus":"REMOVE_TWO","is_prod":false,"is_daily":false,"chose_seed":false,"campfire_upgraded":3,"win_rate":0,"timestamp":1550141618,"path_taken":["M","?","M","?","M","R","?","?","T","R","?","M","M","E","R","BOSS"],"build_version":"2019-01-23","purchased_purges":0,"victory":false,"max_hp_per_floor":[75,75,75,75,75,75,75,75,82,82,85,88,91,91,91,91],"card_choices":[{"not_picked":["Headbutt","True Grit"],"picked":"Cleave","floor":1.0},{"not_picked":["Twin Strike","Whirlwind"],"picked":"Pommel Strike","floor":3.0},{"not_picked":["Wild Strike","Sentinel"],"picked":"Headbutt","floor":4.0},{"not_picked":["Anger","Iron Wave"],"picked":"Rage","floor":5.0},{"not_picked":["Perfected Strike","Uppercut"],"picked":"Shrug It Off","floor":8.0},{"not_picked":["Exhume","Searing Blow"],"picked":"Spot Weakness","floor":11.0},{"not_picked":["Body Slam","Fire Breathing","Sword Boomerang"],"picked":"SKIP","floor":12},{"not_picked":["Infernal Blade","Evolve","Anger"],"picked":"SKIP","floor":13},{"not_picked":["Headbutt","Spot Weakness"],"picked":"Shrug It Off","floor":14}],"player_experience":796613,"relics_obtained":[{"floor":9.0,"key":"Strawberry"},{"floor":11.0,"key":"Odd Mushroom"},{"floor":14,"key":"Juzu Bracelet"}],"event_choices":[{"damage_healed":0.0,"max_hp_gain":0.0,"max_hp_loss":0.0,"gold_gain":0.0,"cards_transformed":["Strike_R"],"event_name":"Transmorgrifier","player_choice":"Transformed","floor":2.0,"gold_loss":0.0,"damage_taken":0.0,"cards_obtained":["Perfected Strike"]},{"damage_healed":0.0,"max_hp_gain":0.0,"max_hp_loss":0.0,"gold_gain":0.0,"event_name":"Match and Keep!","player_choice":"2 cards matched","floor":7.0,"gold_loss":0.0,"damage_taken":0.0,"cards_obtained":["Inflame","Feed"]},{"damage_healed":0.0,"max_hp_gain":0.0,"max_hp_loss":0.0,"gold_gain":0.0,"event_name":"Mushrooms","player_choice":"Fought Mushrooms","floor":11.0,"gold_loss":0.0,"damage_taken":0.0}],"is_beta":false,"boss_relics":[],"items_purged_floors":[],"is_endless":false,"potions_floor_spawned":[5,12,13],"killed_by":"Slime Boss","ascension_level":16}