{"gold_per_floor":[116,134,145,161,176,176,208,219,219,219,230,29,29,46,46,119,119,131,181,195,210,125,125,140,140],"floor_reached":25,"playtime":932,"items_purged":[],"score":418,"play_id":"11f2b42a-3170-49a9-a4ba-b4ed8a6d8111","local_time":"20190726231414","is_ascension_mode":true,"campfire_choices":[{"data":"Beam Cell","floor":6.0,"key":"SMITH"},{"data":"Coolheaded","floor":10.0,"key":"SMITH"},{"floor":15.0,"key":"REST"},{"floor":23.0,"key":"REST"}],"neow_cost":"NONE","seed_source_timestamp":469696261741177,"circlet_count":0,"master_deck":["AscendersBane","Strike_B","Strike_B+1","Defend_B","Defend_B","Defend_B","Defend_B","Zap","Dualcast","Conserve Battery","Streamline+1","Cold Snap","Ball Lightning","Beam Cell+1","Gash","Coolheaded+1","Echo Form","FTL","Gash","Recycle","Creative AI","Hologram","Self Repair","Gash","Hologram","Turbo+1"],"special_seed":0,"relics":["Cracked Core","Whetstone","Nunchaku","Dream Catcher","Empty Cage","Ginger"],"potions_floor_usage":[],"damage_taken":[{"damage":2.0,"enemies":"Cultist","floor":1.0,"turns":4.0},{"damage":6.0,"enemies":"2 Louse","floor":2.0,"turns":3.0},{"damage":7.0,"enemies":"Small Slimes","floor":3.0,"turns":3.0},{"damage":4.0,"enemies":"Looter","floor":4.0,"turns":2.0},{"damage":7.0,"enemies":"2 Fungi Beasts","floor":5.0,"turns":3.0},{"damage":25.0,"enemies":"3 Sentries","floor":7.0,"turns":7.0},{"damage":3.0,"enemies":"Large Slime","floor":8.0,"turns":4.0},{"damage":8.0,"enemies":"Blue Slaver","floor":11.0,"turns":3.0},{"damage":0.0,"enemies":"Exordium Wildlife","floor":14.0,"turns":2.0},{"damage":15.0,"enemies":"Hexaghost","floor":16.0,"turns":8.0},{"damage":13.0,"enemies":"3 Byrds","floor":18.0,"turns":5.0},{"damage":28.0,"enemies":"Spheric Guardian","floor":20.0,"turns":6.0},{"damage":14.0,"enemies":"Centurion and Healer","floor":21.0,"turns":7.0},{"damage":43.0,"enemies":"Snake Plant","floor":24.0,"turns":5.0},{"damage":7,"enemies":"Slavers","floor":25,"turns":1}],"seed_played":"833219597890028872","potions_obtained":[{"floor":1.0,"key":"SpeedPotion"},{"floor":4.0,"key":"GamblersBrew"},{"floor":7.0,"key":"FearPotion"},{"floor":8.0,"key":"Fruit Juice"},{"floor":14.0,"key":"Energy Potion"},{"floor":20.0,"key":"Block Potion"}],"is_trial":false,"path_per_floor":["M","M","M","M","M","R","E","M","T","R","M","$","?","M","R","B",null,"M","?","M","M","?","R","M","E"],"character_chosen":"DEFECT","items_purchased":["Dream Catcher","FTL"],"campfire_rested":2,"item_purchase_floors":[12,12],"current_hp_per_floor":[69,63,56,52,45,45,20,22,22,22,14,14,14,14,38,23,68,55,55,27,20,20,44,1,0],"gold":140,"neow_bonus":"TEN_PERCENT_HP_BONUS","is_prod":false,"is_daily":false,"chose_seed":false,"campfire_upgraded":2,"win_rate":0,"timestamp":1564150454,"path_taken":["M","M","M","M","M","R","E","M","T","R","M","$","?","M","R","BOSS","M","?","M","?","?","R","M","E"],"build_version":"2019-07-17","purchased_purges":0,"victory":false,"max_hp_per_floor":[78,78,78,78,78,78,78,83,83,83,83,83,83,83,83,83,83,83,83,83,83,83,83,83,83],"card_choices":[{"not_picked":["Turbo","Redo"],"picked":"Conserve Battery","floor":1.0},{"not_picked":["Go for the Eyes","Rebound"],"picked":"Streamline","floor":2.0},{"not_picked":["Hyperbeam","Loop"],"picked":"Cold Snap","floor":3.0},{"not_picked":["Coolheaded","Doom and Gloom"],"picked":"Ball Lightning","floor":4.0},{"not_picked":["Chill","Aggregate"],"picked":"Beam Cell","floor":5.0},{"not_picked":["Beam Cell","Redo"],"picked":"Gash","floor":7.0},{"not_picked":["Beam Cell","Stack"],"picked":"Coolheaded","floor":8.0},{"not_picked":["Barrage","Steam Power"],"picked":"Echo Form","floor":11.0},{"not_picked":["Compile Driver","Barrage"],"picked":"Gash","floor":14.0},{"not_picked":["Double Energy","Reprogram"],"picked":"Recycle","floor":15.0},{"not_picked":["Echo Form","Core Surge"],"picked":"Creative AI","floor":16.0},{"not_picked":["Sweeping Beam","Streamline"],"picked":"Hologram","floor":18.0},{"not_picked":["Doom and Gloom","Beam Cell"],"picked":"Self Repair","floor":20.0},{"not_picked":["Rebound","Streamline"],"picked":"Gash","floor":21.0},{"not_picked":["Steam Power+1","Conserve Battery"],"picked":"Hologram","floor":23.0},{"not_picked":["Glacier","Coolheaded"],"picked":"Turbo+1","floor":24}],"player_experience":1019364,"relics_obtained":[{"floor":7.0,"key":"Whetstone"},{"floor":9.0,"key":"Nunchaku"}],"event_choices":[{"damage_healed":0.0,"max_hp_gain":0.0,"max_hp_loss":0.0,"gold_gain":0.0,"event_name":"Dead Adventurer","player_choice":"Searched \u00270\u0027 times","floor":13.0,"gold_loss":0.0,"damage_taken":0.0},{"damage_healed":0.0,"max_hp_gain":0.0,"max_hp_loss":0.0,"gold_gain":50.0,"event_name":"Golden Shrine","player_choice":"Pray","floor":19.0,"gold_loss":0.0,"damage_taken":0.0},{"damage_healed":0.0,"max_hp_gain":0.0,"max_hp_loss":0.0,"gold_gain":0.0,"event_name":"Addict","player_choice":"Obtained Relic","floor":22.0,"gold_loss":85.0,"damage_taken":0.0,"relics_obtained":["Ginger"]}],"is_beta":false,"boss_relics":[{"not_picked":["Calling Bell","FrozenCore"],"picked":"Empty Cage"}],"items_purged_floors":[],"is_endless":false,"potions_floor_spawned":[1,4,5,7,8,14,20],"killed_by":"Slavers","ascension_level":20}