{"path_per_floor":["M","?","?","T","M","E","$","R","T","R","M","T","E","$","R","B",null,"M","?","M","$","M","R","M","E","T","R","?","?","R","E","R","B",null,"M","?","M","?","T","R","?","R","T","R","$","E","$","T","R","B"],"character_chosen":"IRONCLAD","items_purchased":["Shrug It Off","Rampage","Vajra","Inflame","Limit Break"],"gold_per_floor":[119,119,194,194,213,240,119,119,188,188,202,202,227,151,151,251,251,262,262,278,82,102,102,120,181,207,207,132,47,47,75,75,180,180,193,193,204,204,231,231,231,231,254,254,12,46,46,128,128,128],"floor_reached":51,"campfire_rested":3,"playtime":2014,"current_hp_per_floor":[78,77,66,66,75,77,77,77,77,77,77,77,74,74,74,26,64,70,70,77,77,74,74,77,44,44,44,44,44,67,27,50,29,65,57,47,37,37,37,37,37,37,37,60,60,61,61,61,61,12],"items_purged":["Defend_R","Strike_R"],"gold":128,"score":895,"play_id":"6d763090-1498-4177-87ec-6bc7592f5bc7","is_prod":false,"is_daily":false,"is_ascension_mode":true,"campfire_upgraded":8,"path_taken":["M","?","?","?","?","E","$","R","T","R","M","?","E","$","R","BOSS","M","?","M","$","M","R","M","E","T","R","?","?","R","E","R","BOSS","M","?","?","?","?","R","?","R","T","R","$","E","$","?","R","BOSS"],"build_version":"2018-02-15-PROD1","purchased_purges":4,"victory":true,"master_deck":["Strike_R","Strike_R","Strike_R","Defend_R","Defend_R","Defend_R","Bash+1","Battle Trance","Shrug It Off+1","Warcry","Twin Strike","Rampage+1","Limit Break+1","Battle Trance","Inflame+1","Brutality","Shrug It Off","Offering+1","Heavy Blade+1","Madness","Madness","Offering","True Grit+1","Limit Break+1"],"max_hp_per_floor":[80,77,77,77,77,77,77,77,77,77,77,77,77,77,77,77,77,77,77,77,77,77,77,77,77,77,77,77,77,77,77,77,77,77,77,77,77,77,77,77,77,77,77,77,77,77,77,77,77,77],"relics":["Burning Blood","NeowsBlessing","Magic Flower","Mercury Hourglass","Shuriken","Orichalcum","Lantern","Sozu","Vajra","Tiny Chest","Pen Nib","Dream Catcher","Ancient Tea Set","Mark of Pain","Bag of Preparation","Happy Flower","Bag of Marbles","Kunai"],"card_choices":[{"not_picked":["Twin Strike","True Grit"],"picked":"Battle Trance"},{"not_picked":["Havoc","True Grit"],"picked":"Warcry"},{"not_picked":["Battle Trance","Fiend Fire"],"picked":"Twin Strike"},{"not_picked":["Reaper","Barricade"],"picked":"Limit Break"},{"not_picked":["Twin Strike","Havoc"],"picked":"Battle Trance"},{"not_picked":["Twin Strike","Body Slam"],"picked":"Headbutt"},{"not_picked":["Flame Barrier","Entrench"],"picked":"Brutality"},{"not_picked":["Armaments","Reckless Charge"],"picked":"Shrug It Off"},{"not_picked":["Brutality","Berserk"],"picked":"Offering"},{"not_picked":["Iron Wave","Rage"],"picked":"Heavy Blade"},{"not_picked":["Battle Trance","Heavy Blade"],"picked":"True Grit"}],"player_experience":352443,"potions_floor_usage":[],"damage_taken":[{"damage":0.0,"enemies":"Jaw Worm","floor":1.0,"turns":1.0},{"damage":0.0,"enemies":"Small Slimes","floor":5.0,"turns":1.0},{"damage":0.0,"enemies":"Lagavulin","floor":6.0,"turns":1.0},{"damage":0.0,"enemies":"Cultist","floor":11.0,"turns":3.0},{"damage":12.0,"enemies":"3 Sentries","floor":13.0,"turns":6.0},{"damage":57.0,"enemies":"Hexaghost","floor":16.0,"turns":8.0},{"damage":3.0,"enemies":"3 Byrds","floor":18.0,"turns":5.0},{"damage":1.0,"enemies":"Spheric Guardian","floor":20.0,"turns":3.0},{"damage":12.0,"enemies":"Snecko","floor":22.0,"turns":3.0},{"damage":5.0,"enemies":"3 Cultists","floor":24.0,"turns":4.0},{"damage":42.0,"enemies":"Slavers","floor":25.0,"turns":5.0},{"damage":49.0,"enemies":"Book of Stabbing","floor":31.0,"turns":5.0},{"damage":30.0,"enemies":"Automaton","floor":33.0,"turns":6.0},{"damage":17.0,"enemies":"3 Shapes","floor":35.0,"turns":3.0},{"damage":19.0,"enemies":"Orb Walker","floor":37.0,"turns":3.0},{"damage":8.0,"enemies":"Nemesis","floor":46.0,"turns":1.0},{"damage":58,"enemies":"Time Eater","floor":50,"turns":5}],"event_choices":[{"event_name":"Living Wall","player_choice":"Forget","floor":2.0,"damage_taken":0.0},{"event_name":"World of Goop","player_choice":"Gather Gold","floor":3.0,"damage_taken":0.0},{"event_name":"The Lab","player_choice":"Got Potions","floor":19.0,"damage_taken":0.0},{"event_name":"Beggar","player_choice":"Gave Gold","floor":28.0,"damage_taken":0.0},{"event_name":"Addict","player_choice":"Obtained Relic","floor":29.0,"damage_taken":0.0},{"event_name":"Winding Halls","player_choice":"Embrace Madness","floor":36.0,"damage_taken":0.0},{"event_name":"Duplicator","player_choice":"One dupe","floor":38.0,"damage_taken":0.0}],"boss_relics":[],"potions_floor_spawned":[11,13,16,20,24,25,33,46],"seed_played":"-5236037847854722363","ascension_level":10,"is_trial":false}