{"gold_per_floor":[109,126,139,50,65,93,108,108,108,127,127,141,184,209,209,335,335,351,351,15,31,55,55,90,90,114,154,154,177,200,16,16,139,139,164,177,192,217,242,242,266,266,290,290,290,330,330,369,369,369],"floor_reached":51,"playtime":4120,"items_purged":[],"score":788,"play_id":"d118c1d6-5c11-46be-bdc7-a10afe87deb0","local_time":"20190629230132","is_ascension_mode":false,"campfire_choices":[{"floor":15,"key":"REST"},{"data":"Finisher","floor":23,"key":"SMITH"},{"floor":25,"key":"REST"},{"floor":32,"key":"REST"},{"data":"1","floor":40,"key":"LIFT"},{"data":"2","floor":42,"key":"LIFT"},{"data":"3","floor":44,"key":"LIFT"},{"floor":47,"key":"REST"},{"floor":49,"key":"REST"}],"neow_cost":"TEN_PERCENT_HP_LOSS","seed_source_timestamp":1398830256152304,"circlet_count":0,"master_deck":["Defend_G","Defend_G","Strike_G","Strike_G","Strike_G","Strike_G","Strike_G","Survivor","Neutralize","Terror","Backstab","Expertise","Enlightenment","Blade Dance","Cloak And Dagger+1","Deflect+1","Injury","Cloak And Dagger+1","Prepared+1","Cloak And Dagger+1","Unload","Endless Agony","Wraith Form v2","Acrobatics+1","Distraction+1","Secret Weapon+1","Finisher+1","Flying Knee","Slice+1","Quick Slash","Malaise+1","Finisher+1","Accuracy","Cloak And Dagger+1","Violence+1","Masterful Stab+1","Die Die Die","Writhe","Blade Dance+1","Blade Dance+1","Blade Dance+1","Blade Dance+1","Quick Slash","Dodge and Roll+1","Magnetism","Dagger Spray+1","Backstab","Escape Plan+1","Bouncing Flask+1"],"relics":["Ring of the Snake","Toxic Egg 2","Golden Idol","Darkstone Periapt","Shuriken","Black Star","Meat on the Bone","Paper Crane","Dodecahedron","Omamori","Dream Catcher","Centennial Puzzle","MutagenicStrength","Calling Bell","Oddly Smooth Stone","Matryoshka","Girya","Anchor","Bag of Marbles","Pen Nib","Bronze Scales","Kunai","Regal Pillow"],"potions_floor_usage":[6,12,12,13,33,33,46,50,50,50],"damage_taken":[{"damage":0,"enemies":"Jaw Worm","floor":1,"turns":5},{"damage":9,"enemies":"2 Louse","floor":2,"turns":3},{"damage":0,"enemies":"Cultist","floor":3,"turns":3},{"damage":5,"enemies":"2 Fungi Beasts","floor":5,"turns":3},{"damage":19,"enemies":"Gremlin Nob","floor":6,"turns":4},{"damage":12,"enemies":"Blue Slaver","floor":7,"turns":3},{"damage":0,"enemies":"Looter","floor":10,"turns":3},{"damage":0,"enemies":"3 Louse","floor":12,"turns":1},{"damage":17,"enemies":"3 Sentries","floor":13,"turns":8},{"damage":0,"enemies":"Blue Slaver","floor":14,"turns":2},{"damage":7,"enemies":"Hexaghost","floor":16,"turns":5},{"damage":7,"enemies":"3 Byrds","floor":18,"turns":4},{"damage":2,"enemies":"Spheric Guardian","floor":21,"turns":4},{"damage":25,"enemies":"Snake Plant","floor":22,"turns":4},{"damage":6,"enemies":"Book of Stabbing","floor":24,"turns":3},{"damage":28,"enemies":"Gremlin Leader","floor":27,"turns":6},{"damage":1,"enemies":"3 Cultists","floor":29,"turns":4},{"damage":0,"enemies":"Snecko","floor":30,"turns":1},{"damage":62,"enemies":"Automaton","floor":33,"turns":7},{"damage":47,"enemies":"3 Shapes","floor":35,"turns":3},{"damage":14,"enemies":"3 Darklings","floor":36,"turns":3},{"damage":8,"enemies":"Spire Growth","floor":37,"turns":4},{"damage":14,"enemies":"Sphere and 2 Shapes","floor":38,"turns":3},{"damage":0,"enemies":"Transient","floor":39,"turns":5},{"damage":37,"enemies":"4 Shapes","floor":41,"turns":3},{"damage":6,"enemies":"Nemesis","floor":46,"turns":3},{"damage":13,"enemies":"Giant Head","floor":48,"turns":4},{"damage":29,"enemies":"Donu and Deca","floor":50,"turns":7}],"seed_played":"-7277096156612578949","potions_obtained":[{"floor":2,"key":"Explosive Potion"},{"floor":3,"key":"Weak Potion"},{"floor":6,"key":"Fruit Juice"},{"floor":7,"key":"Strength Potion"},{"floor":14,"key":"Regen Potion"},{"floor":18,"key":"SteroidPotion"},{"floor":22,"key":"Ancient Potion"},{"floor":27,"key":"SkillPotion"},{"floor":30,"key":"Regen Potion"},{"floor":39,"key":"FearPotion"},{"floor":41,"key":"Poison Potion"},{"floor":46,"key":"SkillPotion"}],"is_trial":false,"path_per_floor":["M","M","M","$","M","E","M","?","T","M","?","M","E","M","R","B",null,"M","T","$","M","M","R","E","R","T","E","?","M","M","$","R","B",null,"M","M","M","M","M","R","M","R","T","R","?","E","R","E","R","B",null],"character_chosen":"THE_SILENT","items_purchased":["Enlightenment","Distraction+1","Secret Weapon+1","Finisher","Flying Knee","Violence+1"],"campfire_rested":5,"item_purchase_floors":[4,20,20,20,20,31],"current_hp_per_floor":[63,54,54,54,49,30,18,18,18,18,18,23,6,6,26,19,68,61,61,61,59,46,46,40,60,60,44,44,43,43,43,63,18,74,39,37,41,39,39,39,14,14,14,14,14,25,47,46,74,45],"gold":369,"neow_bonus":"REMOVE_TWO","is_prod":false,"is_daily":false,"chose_seed":false,"campfire_upgraded":1,"win_rate":0.0,"timestamp":1561863692,"path_taken":["M","M","M","$","M","E","M","?","T","M","?","M","E","M","R","BOSS","M","?","$","M","M","R","E","R","T","E","?","M","M","$","R","BOSS","M","M","M","M","M","R","M","R","T","R","?","E","R","E","R","BOSS"],"build_version":"2019-01-23","purchased_purges":0,"victory":true,"max_hp_per_floor":[63,63,63,63,63,63,63,63,63,63,63,68,68,68,68,68,68,68,68,68,68,68,68,68,68,68,68,68,68,68,68,68,68,74,74,74,74,74,74,74,74,74,74,74,74,74,74,74,74,74],"card_choices":[{"not_picked":["Prepared","Tactician"],"picked":"Terror","floor":1},{"not_picked":["Infinite Blades","Deadly Poison"],"picked":"Backstab","floor":2},{"not_picked":["All Out Attack","Blade Dance"],"picked":"Expertise","floor":3},{"not_picked":["Backflip","Leg Sweep"],"picked":"Blade Dance","floor":5},{"not_picked":["Deadly Poison","Eviscerate"],"picked":"Cloak And Dagger","floor":6},{"not_picked":["Expertise+1","Eviscerate"],"picked":"Deflect+1","floor":7},{"not_picked":["Slice","PiercingWail+1"],"picked":"Cloak And Dagger+1","floor":10},{"not_picked":["Dash","Leg Sweep+1"],"picked":"Cloak And Dagger+1","floor":12},{"not_picked":["Dagger Spray","Sucker Punch"],"picked":"Unload","floor":13},{"not_picked":["Deadly Poison+1","Bane"],"picked":"Endless Agony","floor":14},{"not_picked":["Envenom","Venomology+1"],"picked":"Wraith Form v2","floor":16},{"not_picked":["Well Laid Plans","Blur+1"],"picked":"Acrobatics+1","floor":18},{"not_picked":["Cloak And Dagger+1","Dodge and Roll+1"],"picked":"Slice+1","floor":21},{"not_picked":["Cloak And Dagger+1","Poisoned Stab+1"],"picked":"Quick Slash","floor":22},{"not_picked":["Prepared+1","Eviscerate+1"],"picked":"Malaise+1","floor":24},{"not_picked":["Bane","Choke"],"picked":"Finisher+1","floor":27},{"not_picked":["Reflex+1","Calculated Gamble+1"],"picked":"Accuracy","floor":29},{"not_picked":["Backflip+1","Deflect+1"],"picked":"Cloak And Dagger+1","floor":30},{"not_picked":["Dodge and Roll+1","Choke"],"picked":"Masterful Stab+1","floor":32},{"not_picked":["Night Terror+1","Venomology+1"],"picked":"Die Die Die","floor":33},{"not_picked":["Prepared+1","Endless Agony+1"],"picked":"Blade Dance+1","floor":35},{"not_picked":["Outmaneuver+1","Crippling Poison+1"],"picked":"Blade Dance+1","floor":36},{"not_picked":["Footwork","Bane"],"picked":"Blade Dance+1","floor":37},{"not_picked":["Leg Sweep+1","Dagger Spray+1"],"picked":"Blade Dance+1","floor":38},{"not_picked":["Leg Sweep+1","Flechettes+1"],"picked":"Quick Slash","floor":39},{"not_picked":["Deadly Poison+1","Sucker Punch"],"picked":"Dodge and Roll+1","floor":41},{"not_picked":["Impatience+1","Transmutation+1"],"picked":"Magnetism","floor":45},{"not_picked":["Deflect+1","Blur+1"],"picked":"Dagger Spray+1","floor":46},{"not_picked":["PiercingWail+1","Outmaneuver+1"],"picked":"Backstab","floor":47},{"not_picked":["Caltrops","Dagger Throw"],"picked":"Escape Plan+1","floor":48},{"not_picked":["Dodge and Roll+1","Prepared+1"],"picked":"Bouncing Flask+1","floor":49}],"player_experience":21051,"relics_obtained":[{"floor":6,"key":"Toxic Egg 2"},{"floor":9,"key":"Darkstone Periapt"},{"floor":13,"key":"Shuriken"},{"floor":19,"key":"Meat on the Bone"},{"floor":24,"key":"Paper Crane"},{"floor":24,"key":"Dodecahedron"},{"floor":26,"key":"Omamori"},{"floor":27,"key":"Dream Catcher"},{"floor":27,"key":"Centennial Puzzle"},{"floor":34,"key":"Oddly Smooth Stone"},{"floor":34,"key":"Matryoshka"},{"floor":34,"key":"Girya"},{"floor":43,"key":"Anchor"},{"floor":43,"key":"Bag of Marbles"},{"floor":46,"key":"Pen Nib"},{"floor":46,"key":"Bronze Scales"},{"floor":48,"key":"Kunai"},{"floor":48,"key":"Regal Pillow"}],"event_choices":[{"damage_healed":0,"gold_gain":0,"player_choice":"Take Wound","damage_taken":0,"relics_obtained":["Golden Idol"],"max_hp_gain":0,"max_hp_loss":0,"event_name":"Golden Idol","floor":8,"gold_loss":0,"cards_obtained":["Injury"]},{"damage_healed":0,"gold_gain":0,"cards_transformed":["Defend_G"],"player_choice":"Transformed","damage_taken":0,"max_hp_gain":0,"max_hp_loss":0,"event_name":"Transmorgrifier","floor":11,"gold_loss":0,"cards_obtained":["Prepared"]},{"damage_healed":0,"gold_gain":0,"player_choice":"Inject Mutagens","damage_taken":0,"relics_obtained":["MutagenicStrength"],"max_hp_gain":0,"max_hp_loss":0,"event_name":"Drug Dealer","floor":28,"gold_loss":0},{"damage_healed":0,"gold_gain":0,"player_choice":"Memory 1","damage_taken":0,"max_hp_gain":0,"max_hp_loss":0,"event_name":"SensoryStone","floor":45,"gold_loss":0}],"is_beta":false,"boss_relics":[{"not_picked":["Astrolabe","Lizard Tail"],"picked":"Black Star"},{"not_picked":["Philosopher\u0027s Stone","Snecko Eye"],"picked":"Calling Bell"}],"items_purged_floors":[],"is_endless":false,"potions_floor_spawned":[2,3,6,7,14,18,22,27,30,39,41,46],"ascension_level":0}