{"path_per_floor":["M","?","?","M","M","R","E","R","T","R","?","E","T","M","R"],"character_chosen":"DEFECT","items_purchased":[],"gold_per_floor":[14,14,14,28,46,46,78,78,146,146,146,179,179,197,197,197],"floor_reached":16,"campfire_rested":1,"playtime":379,"item_purchase_floors":[],"current_hp_per_floor":[65,65,65,65,64,64,41,41,41,41,41,36,36,36,60,0],"items_purged":[],"gold":197,"score":162,"play_id":"d75403ff-14c6-4c71-967d-8e7d77a7ec60","local_time":"20180521144504","is_prod":false,"is_daily":false,"chose_seed":false,"is_ascension_mode":true,"campfire_upgraded":3,"timestamp":1526906704,"campfire_choices":[{"data":"Beam Cell","floor":6.0,"key":"SMITH"},{"data":"Dualcast","floor":8.0,"key":"SMITH"},{"data":"Streamline","floor":10.0,"key":"SMITH"},{"floor":15.0,"key":"REST"}],"path_taken":["M","?","?","?","M","R","E","R","T","R","?","E","?","?","R","BOSS"],"build_version":"2018-05-18","seed_source_timestamp":194353715484100,"purchased_purges":0,"victory":false,"master_deck":["Strike_B","Strike_B","Defend_B+1","Defend_B","Defend_B","Zap+1","Dualcast+1","AscendersBane","Streamline+1","Meteor Strike","Beam Cell+1"],"max_hp_per_floor":[75,75,75,75,75,75,77,77,77,77,77,79,79,81,81,81],"relics":["Cracked Core","Singing Bowl","Frozen Egg 2","Boot","Bottled Flame"],"card_choices":[{"not_picked":["Stack","Barrage"],"picked":"Streamline","floor":1.0},{"not_picked":["Turbo","Streamline"],"picked":"Beam Cell","floor":4.0},{"not_picked":["Steam","Barrage","Scrape"],"picked":"SKIP","floor":5.0},{"not_picked":["Beam Cell","Go for the Eyes","Barrage"],"picked":"Singing Bowl","floor":7.0},{"not_picked":["Beam Cell","Rebound","Streamline"],"picked":"Singing Bowl","floor":12.0},{"not_picked":["Steam","Streamline","Axe Kick"],"picked":"Singing Bowl","floor":14.0}],"player_experience":701886,"potions_floor_usage":[],"damage_taken":[{"damage":3.0,"enemies":"Jaw Worm","floor":1.0,"turns":4.0},{"damage":0.0,"enemies":"Small Slimes","floor":4.0,"turns":2.0},{"damage":1.0,"enemies":"2 Louse","floor":5.0,"turns":2.0},{"damage":25.0,"enemies":"Lagavulin","floor":7.0,"turns":5.0},{"damage":7.0,"enemies":"Gremlin Nob","floor":12.0,"turns":3.0},{"damage":2.0,"enemies":"Lots of Slimes","floor":14.0,"turns":3.0},{"damage":61,"enemies":"Hexaghost","floor":16,"turns":9}],"relics_obtained":[{"floor":7.0,"key":"Singing Bowl"},{"floor":9.0,"key":"Frozen Egg 2"},{"floor":12.0,"key":"Boot"},{"floor":13.0,"key":"Bottled Flame"}],"event_choices":[{"event_name":"Living Wall","player_choice":"Grow","floor":2.0,"damage_taken":0.0},{"event_name":"Transmorgrifier","player_choice":"Transform","floor":3.0,"damage_taken":0.0},{"event_name":"Upgrade Shrine","player_choice":"Upgraded","floor":11.0,"damage_taken":0.0}],"boss_relics":[],"items_purged_floors":[],"potions_floor_spawned":[5],"seed_played":"-1364061970761830858","killed_by":"Hexaghost","ascension_level":10,"potions_obtained":[{"floor":5.0,"key":"EssenceOfSteel"}],"is_trial":false}