{"gold_per_floor":[20,40,40,315,27,60,70,104,104,104,116,134,84,97,97,198,198,218,235,21,32,132,132,157,174,220,220,145,145,244,271,271,368,368,387,287,299,317,317,348,348,359,359,410,410],"floor_reached":45,"playtime":1726,"items_purged":["Regret","Perfected Strike","Clothesline"],"score":548,"play_id":"e862d828-a25d-4253-9025-69f3efe2d7a0","local_time":"20190415185905","is_ascension_mode":false,"campfire_choices":[{"floor":10,"key":"REST"},{"data":"Body Slam","floor":15,"key":"SMITH"},{"floor":23,"key":"REST"},{"floor":32,"key":"REST"},{"floor":41,"key":"REST"}],"neow_cost":"NO_GOLD","seed_source_timestamp":429558088045176,"circlet_count":0,"master_deck":["Bash+1","Thunderclap+1","Feel No Pain","Apotheosis+1","Shrug It Off","Carnage","Carnage","Bludgeon","Body Slam+1","Offering","Seeing Red","Double Tap","Offering","Ghostly Armor","Infernal Blade","Body Slam+1","Mayhem+1","Entrench","Exhume","Warcry","Whirlwind+1","Barricade"],"relics":["Burning Blood","Incense Burner","War Paint","The Courier","Pandora\u0027s Box","Nunchaku","Paper Frog","Ice Cream","Juzu Bracelet","MutagenicStrength","Whetstone","Mark of Pain","Charon\u0027s Ashes","Mercury Hourglass","Dead Branch"],"potions_floor_usage":[8,16,16,19,33,44,45],"damage_taken":[{"damage":16,"enemies":"Small Slimes","floor":1,"turns":4},{"damage":8,"enemies":"Jaw Worm","floor":2,"turns":4},{"damage":30,"enemies":"3 Sentries","floor":6,"turns":8},{"damage":1,"enemies":"Cultist","floor":7,"turns":3},{"damage":27,"enemies":"Gremlin Nob","floor":8,"turns":3},{"damage":5,"enemies":"Blue Slaver","floor":11,"turns":3},{"damage":0,"enemies":"2 Fungi Beasts","floor":12,"turns":2},{"damage":8,"enemies":"Large Slime","floor":14,"turns":4},{"damage":30,"enemies":"Hexaghost","floor":16,"turns":8},{"damage":6,"enemies":"Spheric Guardian","floor":18,"turns":2},{"damage":22,"enemies":"3 Byrds","floor":19,"turns":2},{"damage":32,"enemies":"Shelled Parasite and Fungi","floor":21,"turns":4},{"damage":1,"enemies":"Colosseum Slavers","floor":22,"turns":2},{"damage":13,"enemies":"Colosseum Nobs","floor":22,"turns":3},{"damage":14,"enemies":"Gremlin Leader","floor":24,"turns":3},{"damage":12,"enemies":"Snake Plant","floor":25,"turns":1},{"damage":61,"enemies":"Champ","floor":33,"turns":8},{"damage":27,"enemies":"Orb Walker","floor":35,"turns":2},{"damage":19,"enemies":"3 Shapes","floor":37,"turns":2},{"damage":18,"enemies":"Maw","floor":38,"turns":3},{"damage":18,"enemies":"Giant Head","floor":40,"turns":2},{"damage":38,"enemies":"Spire Growth","floor":42,"turns":3},{"damage":18,"enemies":"2 Orb Walkers","floor":44,"turns":2},{"damage":38,"enemies":"Writhing Mass","floor":45,"turns":1}],"seed_played":"6855399782019158208","potions_obtained":[{"floor":6,"key":"PowerPotion"},{"floor":12,"key":"Poison Potion"},{"floor":14,"key":"Explosive Potion"},{"floor":16,"key":"Weak Potion"},{"floor":18,"key":"SneckoOil"},{"floor":21,"key":"Dexterity Potion"},{"floor":27,"key":"SteroidPotion"},{"floor":27,"key":"FairyPotion"},{"floor":37,"key":"SpeedPotion"},{"floor":42,"key":"PowerPotion"},{"floor":44,"key":"Fire Potion"}],"is_trial":false,"path_per_floor":["M","M","?","?","$","E","M","E","T","R","M","M","?","M","R","B",null,"M","M","$","M","?","R","E","M","T","?","?","?","?","T","R","B",null,"M","$","M","M","?","E","R","M","T","?","M"],"character_chosen":"IRONCLAD","items_purchased":["Apotheosis","Shrug It Off","Mayhem"],"campfire_rested":4,"item_purchase_floors":[5,5,20],"current_hp_per_floor":[70,68,52,52,52,28,33,12,12,36,37,43,43,41,41,17,80,80,64,64,38,36,60,52,46,46,46,46,46,46,46,70,15,80,59,59,46,34,34,22,46,14,14,13,0],"gold":410,"neow_bonus":"ONE_RARE_RELIC","is_prod":false,"is_daily":false,"chose_seed":false,"campfire_upgraded":1,"win_rate":0,"timestamp":1555372745,"path_taken":["M","M","?","?","$","E","M","E","T","R","M","?","?","M","R","BOSS","M","M","$","M","?","R","E","M","T","?","?","?","?","?","R","BOSS","M","$","M","M","?","E","R","M","T","?","M"],"build_version":"2019-01-23","purchased_purges":3,"victory":false,"max_hp_per_floor":[80,80,80,80,80,80,80,80,80,80,80,80,80,80,80,80,80,80,80,80,80,80,80,80,80,80,80,80,80,80,80,80,80,80,80,80,80,80,80,80,80,80,80,80,80],"card_choices":[{"not_picked":["Anger","Cleave"],"picked":"Thunderclap","floor":1},{"not_picked":["True Grit","Hemokinesis"],"picked":"Feel No Pain","floor":2},{"not_picked":["Heavy Blade","True Grit"],"picked":"Carnage","floor":6},{"not_picked":["Rage","Sword Boomerang"],"picked":"Carnage","floor":7},{"not_picked":["Anger","Sword Boomerang","Clash"],"picked":"SKIP","floor":8},{"not_picked":["Havoc","True Grit"],"picked":"Bludgeon","floor":11},{"not_picked":["Cleave","Twin Strike"],"picked":"Body Slam","floor":12},{"not_picked":["Second Wind","Anger","Shockwave"],"picked":"SKIP","floor":14},{"not_picked":["Bludgeon","Exhume"],"picked":"Offering","floor":16},{"not_picked":["Body Slam","Havoc","Thunderclap"],"picked":"SKIP","floor":18},{"not_picked":["Wild Strike","Iron Wave"],"picked":"Body Slam+1","floor":19},{"not_picked":["Rage","Wild Strike","Warcry"],"picked":"SKIP","floor":21},{"not_picked":["Wild Strike","Flex"],"picked":"Entrench","floor":22},{"not_picked":["Hemokinesis","Clash","Thunderclap+1"],"picked":"SKIP","floor":24},{"not_picked":["Havoc","Corruption","Pommel Strike"],"picked":"SKIP","floor":25},{"not_picked":["Immolate","Barricade"],"picked":"Exhume","floor":33},{"not_picked":["Pummel","Armaments+1"],"picked":"Warcry","floor":35},{"not_picked":["Clothesline","Perfected Strike+1","Headbutt+1"],"picked":"SKIP","floor":37},{"not_picked":["Clothesline+1","Combust","True Grit+1"],"picked":"SKIP","floor":38},{"not_picked":["Armaments","Pommel Strike","Twin Strike+1"],"picked":"SKIP","floor":40},{"not_picked":["Shrug It Off+1","Flex"],"picked":"Whirlwind+1","floor":42},{"not_picked":["Shrug It Off","Reckless Charge+1"],"picked":"Barricade","floor":44}],"player_experience":779705,"relics_obtained":[{"floor":6,"key":"War Paint"},{"floor":8,"key":"The Courier"},{"floor":22,"key":"Nunchaku"},{"floor":22,"key":"Paper Frog"},{"floor":24,"key":"Ice Cream"},{"floor":26,"key":"Juzu Bracelet"},{"floor":31,"key":"Whetstone"},{"floor":40,"key":"Charon\u0027s Ashes"},{"floor":43,"key":"Mercury Hourglass"},{"floor":44,"key":"Dead Branch"}],"event_choices":[{"damage_healed":0,"gold_gain":0,"player_choice":"Entered Light","damage_taken":16,"max_hp_gain":0,"max_hp_loss":0,"event_name":"Shining Light","floor":3,"gold_loss":0,"cards_upgraded":["Defend_R","Defend_R"]},{"damage_healed":0,"gold_gain":275,"player_choice":"Desecrate","damage_taken":0,"max_hp_gain":0,"max_hp_loss":0,"event_name":"Golden Shrine","floor":4,"gold_loss":0,"cards_obtained":["Regret"]},{"cards_removed":["Strike_R"],"damage_healed":0,"gold_gain":0,"player_choice":"Card Removal","damage_taken":0,"max_hp_gain":0,"max_hp_loss":0,"event_name":"The Cleric","floor":13,"gold_loss":50},{"damage_healed":0,"gold_gain":0,"player_choice":"Fight","damage_taken":0,"max_hp_gain":0,"max_hp_loss":0,"event_name":"Colosseum","floor":22,"gold_loss":0},{"damage_healed":0,"gold_gain":0,"player_choice":"Fought Nobs","damage_taken":0,"max_hp_gain":0,"max_hp_loss":0,"event_name":"Colosseum","floor":22,"gold_loss":0},{"damage_healed":0,"gold_gain":0,"player_choice":"Got Potions","damage_taken":0,"max_hp_gain":0,"max_hp_loss":0,"event_name":"Lab","floor":27,"gold_loss":0},{"cards_removed":["Corruption"],"damage_healed":0,"gold_gain":0,"player_choice":"Gave Gold","damage_taken":0,"max_hp_gain":0,"max_hp_loss":0,"event_name":"Beggar","floor":28,"gold_loss":75},{"damage_healed":0,"gold_gain":0,"player_choice":"Inject Mutagens","damage_taken":0,"relics_obtained":["MutagenicStrength"],"max_hp_gain":0,"max_hp_loss":0,"event_name":"Drug Dealer","floor":29,"gold_loss":0},{"damage_healed":0,"gold_gain":99,"player_choice":"Stole From Cult","damage_taken":0,"max_hp_gain":0,"max_hp_loss":0,"event_name":"Nest","floor":30,"gold_loss":0},{"damage_healed":0,"gold_gain":0,"player_choice":"Upgraded","damage_taken":0,"max_hp_gain":0,"max_hp_loss":0,"event_name":"Upgrade Shrine","floor":39,"gold_loss":0,"cards_upgraded":["Mayhem"]},{"damage_healed":0,"gold_gain":0,"player_choice":"Fight","damage_taken":0,"max_hp_gain":0,"max_hp_loss":0,"event_name":"Mysterious Sphere","floor":44,"gold_loss":0}],"is_beta":false,"boss_relics":[{"not_picked":["Coffee Dripper","Tiny House"],"picked":"Pandora\u0027s Box"},{"not_picked":["Astrolabe","Calling Bell"],"picked":"Mark of Pain"}],"items_purged_floors":[5,20,36],"is_endless":false,"potions_floor_spawned":[6,12,14,16,18,21,37,42,44],"killed_by":"Writhing Mass","ascension_level":0}