{"gold_per_floor":[112,112,112,62,78,78,110,90,90,90,105,105,116,131,131,131],"floor_reached":16,"playtime":540,"items_purged":[],"score":115,"play_id":"cf9eff9b-9316-482e-bd8e-3250295a00f8","local_time":"20190729182111","is_ascension_mode":true,"campfire_choices":[{"data":"Accuracy","floor":6,"key":"SMITH"},{"data":"Blade Dance","floor":10,"key":"SMITH"},{"floor":12,"key":"RECALL"},{"data":"Neutralize","floor":15,"key":"SMITH"}],"neow_cost":"TEN_PERCENT_HP_LOSS","seed_source_timestamp":1554971015316857,"circlet_count":0,"master_deck":["Strike_G","Strike_G","Strike_G","Strike_G","Strike_G","Defend_G","Defend_G","Defend_G","Defend_G","Defend_G","Survivor","Neutralize+1","A Thousand Cuts+1","Accuracy+1","Blade Dance+1","Slice"],"relics":["Ring of the Snake","Gremlin Horn","The Specimen","Anchor"],"potions_floor_usage":[16,16],"damage_taken":[{"damage":0,"enemies":"2 Louse","floor":1,"turns":5},{"damage":1,"enemies":"Cultist","floor":5,"turns":4},{"damage":14,"enemies":"3 Sentries","floor":7,"turns":6},{"damage":0,"enemies":"Jaw Worm","floor":11,"turns":2},{"damage":6,"enemies":"Looter","floor":13,"turns":3},{"damage":0,"enemies":"2 Fungi Beasts","floor":14,"turns":3},{"damage":32,"enemies":"The Guardian","floor":16,"turns":11}],"seed_played":"-3732949145867767466","potions_obtained":[{"floor":1,"key":"FearPotion"},{"floor":7,"key":"Dexterity Potion"},{"floor":8,"key":"SmokeBomb"}],"is_trial":false,"path_per_floor":["M","?","?","$","M","R","E","?","T","R","M","R","M","M","R","B"],"character_chosen":"THE_SILENT","items_purchased":["Blade Dance"],"campfire_rested":0,"item_purchase_floors":[4],"current_hp_per_floor":[63,63,51,51,50,50,36,36,36,36,36,36,30,30,30,0],"gold":131,"neow_bonus":"THREE_RARE_CARDS","is_prod":false,"is_daily":false,"chose_seed":false,"campfire_upgraded":3,"win_rate":0,"timestamp":1564438871,"path_taken":["M","?","?","$","M","R","E","?","T","R","M","R","?","M","R","BOSS"],"build_version":"2019-07-17","purchased_purges":0,"victory":false,"max_hp_per_floor":[63,63,63,63,63,63,63,63,63,63,63,63,63,63,63,63],"card_choices":[{"not_picked":["Phantasmal Killer","Venomology"],"picked":"A Thousand Cuts","floor":0},{"not_picked":["Quick Slash","Dodge and Roll"],"picked":"Accuracy","floor":1},{"not_picked":["Heel Hook","Noxious Fumes","All Out Attack"],"picked":"SKIP","floor":5},{"not_picked":["Deflect","Flying Knee","Bane"],"picked":"SKIP","floor":7},{"not_picked":["Sucker Punch","Underhanded Strike","Caltrops"],"picked":"SKIP","floor":11},{"not_picked":["Riddle With Holes","Reflex","Corpse Explosion"],"picked":"SKIP","floor":13},{"not_picked":["Tactician","Acrobatics"],"picked":"Slice","floor":14}],"player_experience":211844,"relics_obtained":[{"floor":7,"key":"The Specimen"},{"floor":9,"key":"Anchor"}],"event_choices":[{"damage_healed":0,"gold_gain":0,"player_choice":"Grow","damage_taken":0,"max_hp_gain":0,"max_hp_loss":0,"event_name":"Living Wall","floor":2,"gold_loss":0,"cards_upgraded":["A Thousand Cuts"]},{"damage_healed":0,"gold_gain":0,"player_choice":"Success","damage_taken":12,"relics_obtained":["Gremlin Horn"],"max_hp_gain":0,"max_hp_loss":0,"event_name":"Scrap Ooze","floor":3,"gold_loss":0},{"damage_healed":0,"gold_gain":0,"player_choice":"Bought 1 Potion","damage_taken":0,"max_hp_gain":0,"max_hp_loss":0,"event_name":"The Woman in Blue","floor":8,"gold_loss":0}],"is_beta":false,"boss_relics":[],"items_purged_floors":[],"is_endless":false,"potions_floor_spawned":[1,7],"killed_by":"The Guardian","ascension_level":3}