{"path_per_floor":["M","$","?","M","$","E","?","R","T","E","R","E","?","E","R","B",null,"M","M","M","?","$","E","R","M","T","M","R","?","R","?","R","B",null,"M","M","?","M","?","E","M","R","T","$","M","?","?","$","R","B"],"character_chosen":"IRONCLAD","items_purchased":["Feed","Whetstone"],"gold_per_floor":[119,44,44,62,62,91,41,41,41,72,72,107,107,141,141,241,241,258,274,284,209,54,84,84,102,102,113,113,13,13,13,13,108,108,126,141,141,158,0,32,45,45,45,45,56,56,56,56,56,56],"floor_reached":51,"campfire_rested":3,"playtime":3291,"current_hp_per_floor":[80,80,62,68,68,77,77,77,77,42,42,39,39,22,49,10,92,84,76,78,78,78,46,46,23,23,18,49,49,80,80,80,41,107,109,107,97,79,79,57,49,49,49,49,21,21,109,109,109,63],"items_purged":[],"gold":56,"play_id":"ce887c6d-2eb0-45b0-82b9-7423f4cb5892","is_prod":false,"is_daily":false,"is_ascension_mode":true,"campfire_upgraded":3,"path_taken":["M","$","?","M","?","E","?","R","T","E","R","E","?","E","R","BOSS","M","M","M","?","$","E","R","M","T","M","R","?","R","?","R","BOSS","M","M","?","M","?","E","M","R","T","$","M","?","?","$","R","BOSS"],"build_version":"2018-02-01-PROD3","purchased_purges":1,"victory":true,"master_deck":["Strike_R","Strike_R+1","Strike_R","Strike_R+1","Defend_R","Defend_R","Defend_R","Bash+1","Feed","Offering","Battle Trance+1","Brutality+1","Headbutt+1","Spot Weakness+1","J.A.X.","Offering","Battle Trance+1","Madness","Madness","Injury","Heavy Blade+1"],"max_hp_per_floor":[80,80,80,80,80,83,83,83,83,86,86,89,89,92,92,92,92,95,98,101,101,101,101,101,101,101,104,104,104,104,104,104,107,107,110,110,110,113,113,113,116,116,116,116,119,119,109,109,109,109],"relics":["Burning Blood","NeowsBlessing","Letter Opener","Bag of Preparation","Girya","Bag of Marbles","Pen Nib","Torii","Cursed Key","Whetstone","Gambling Chip","Kunai","Question Card","Red Mask","Oddly Smooth Stone","Vajra"],"card_choices":[{"not_picked":["Clash","Disarm"],"picked":"Offering"},{"not_picked":["Hemokinesis","Intimidate"],"picked":"Battle Trance"},{"not_picked":["Corruption","Pommel Strike"],"picked":"Brutality"},{"not_picked":["Infernal Blade","Metallicize"],"picked":"Headbutt"},{"not_picked":["Feel No Pain","Uppercut"],"picked":"Spot Weakness"},{"not_picked":["Berserk","Exhume"],"picked":"Offering"},{"not_picked":["Cleave","Intimidate","Fiend Fire"],"picked":"Battle Trance"},{"not_picked":["Pommel Strike","Metallicize","Iron Wave"],"picked":"Heavy Blade"}],"player_experience":114615,"potions_floor_usage":[12,14,23,23,33,38,40,41],"damage_taken":[{"damage":0,"enemies":"Small Slimes","floor":1,"turns":1},{"damage":0,"enemies":"Jaw Worm","floor":4,"turns":1},{"damage":0,"enemies":"Lagavulin","floor":6,"turns":1},{"damage":44,"enemies":"3 Sentries","floor":10,"turns":9},{"damage":12,"enemies":"Gremlin Nob","floor":12,"turns":3},{"damage":26,"enemies":"3 Sentries","floor":14,"turns":5},{"damage":45,"enemies":"Slime Boss","floor":16,"turns":7},{"damage":17,"enemies":"Spheric Guardian","floor":18,"turns":3},{"damage":17,"enemies":"2 Thieves","floor":19,"turns":3},{"damage":7,"enemies":"Snecko","floor":20,"turns":3},{"damage":41,"enemies":"Book of Stabbing","floor":23,"turns":3},{"damage":29,"enemies":"Snake Plant","floor":25,"turns":2},{"damage":14,"enemies":"Centurion and Healer","floor":27,"turns":2},{"damage":48,"enemies":"Champ","floor":33,"turns":4},{"damage":7,"enemies":"Orb Walker","floor":35,"turns":1},{"damage":8,"enemies":"3 Darklings","floor":36,"turns":2},{"damage":27,"enemies":"4 Shapes","floor":38,"turns":3},{"damage":28,"enemies":"Giant Head","floor":40,"turns":5},{"damage":17,"enemies":"Sphere and 2 Shapes","floor":41,"turns":3},{"damage":37,"enemies":"Maw","floor":45,"turns":5},{"damage":52,"enemies":"Donu and Deca","floor":50,"turns":4}],"event_choices":[{"event_name":"Scrap Ooze","player_choice":"success","floor":3,"damage_taken":18},{"event_name":"The Cleric","player_choice":"Card Removal","floor":7,"damage_taken":0},{"event_name":"Golden Idol","player_choice":"Ignored","floor":13,"damage_taken":0},{"event_name":"Beggar","player_choice":"Gave Gold","floor":21,"damage_taken":0},{"event_name":"Drug Dealer","player_choice":"Got JAXXED","floor":29,"damage_taken":0},{"event_name":"Back to Basics","player_choice":"Elegance","floor":31,"damage_taken":0},{"event_name":"Winding Halls","player_choice":"Embrace Madness","floor":37,"damage_taken":0},{"event_name":"Tomb of Lord Red Mask","player_choice":"Paid","floor":39,"damage_taken":0},{"event_name":"Mysterious Sphere","player_choice":"Ignore","floor":46,"damage_taken":0},{"event_name":"The Moai Head","player_choice":"Heal","floor":47,"damage_taken":0}],"boss_relics":[{"not_picked":["Eternal Feather","Velvet Choker"],"picked":"Cursed Key"},{"not_picked":["Snecko Eye","Philosopher\u0027s Stone"],"picked":"Question Card"}],"potions_floor_spawned":[4,12,16,19,27,33,36,38,41,45],"seed_played":"-6281565790360865801","ascension_level":3,"is_trial":false}