{"gold_per_floor":[118,129,54,74,74,104,115,144,144,144,144,144,155,168,168,239,239,257,257,257,56,75,75,93,103,127,127],"floor_reached":27,"playtime":828,"items_purged":["Strike_R"],"score":376,"play_id":"8cad98f1-cbe3-4c59-bad1-d6dc8f1fe126","local_time":"20190114001017","is_ascension_mode":true,"campfire_choices":[{"data":"Offering","floor":10.0,"key":"SMITH"},{"floor":12.0,"key":"REST"},{"data":"Rampage","floor":15.0,"key":"SMITH"},{"data":"Demon Form","floor":23,"key":"SMITH"}],"neow_cost":"TEN_PERCENT_HP_LOSS","seed_source_timestamp":546142725074657,"circlet_count":0,"master_deck":["AscendersBane","Strike_R","Strike_R","Strike_R","Defend_R","Defend_R","Defend_R","Bash+1","Thunderclap","Headbutt","Offering+1","Heavy Blade","Rampage+1","Demon Form+1","Heavy Blade+1","Necronomicurse","Trip"],"special_seed":0,"relics":["Burning Blood","Oddly Smooth Stone","Odd Mushroom","Bottled Lightning","Coffee Dripper","Necronomicon","Tiny Chest","Bronze Scales"],"potions_floor_usage":[25,27],"damage_taken":[{"damage":6.0,"enemies":"Cultist","floor":1.0,"turns":4.0},{"damage":4.0,"enemies":"2 Louse","floor":2.0,"turns":4.0},{"damage":10.0,"enemies":"Small Slimes","floor":4.0,"turns":4.0},{"damage":25.0,"enemies":"3 Sentries","floor":6.0,"turns":6.0},{"damage":9.0,"enemies":"Blue Slaver","floor":7.0,"turns":3.0},{"damage":27.0,"enemies":"The Mushroom Lair","floor":8.0,"turns":4.0},{"damage":11.0,"enemies":"Exordium Thugs","floor":13.0,"turns":3.0},{"damage":11.0,"enemies":"Looter","floor":14.0,"turns":2.0},{"damage":12.0,"enemies":"Slime Boss","floor":16.0,"turns":7.0},{"damage":8.0,"enemies":"Spheric Guardian","floor":18.0,"turns":4.0},{"damage":12,"enemies":"3 Byrds","floor":22,"turns":3},{"damage":6,"enemies":"Snake Plant","floor":24,"turns":2},{"damage":24,"enemies":"Sentry and Sphere","floor":25,"turns":4},{"damage":20,"enemies":"Shelled Parasite and Fungi","floor":27,"turns":1}],"seed_played":"-11823972322545471","potions_obtained":[{"floor":1.0,"key":"SteroidPotion"},{"floor":4.0,"key":"PowerPotion"},{"floor":7.0,"key":"EntropicBrew"},{"floor":24,"key":"Regen Potion"}],"is_trial":false,"path_per_floor":["M","M","$","M","?","E","M","?","T","R","?","R","M","M","R","B",null,"M","?","?","$","M","R","M","M","T","M"],"character_chosen":"IRONCLAD","items_purchased":["Trip","Tiny Chest"],"campfire_rested":1,"item_purchase_floors":[21,21],"current_hp_per_floor":[68,68,68,64,64,45,42,21,21,21,21,41,36,31,31,25,57,55,55,34,34,28,28,28,15,15,0],"gold":127,"neow_bonus":"REMOVE_TWO","is_prod":false,"is_daily":false,"chose_seed":false,"campfire_upgraded":3,"win_rate":0,"timestamp":1547421017,"path_taken":["M","M","$","?","?","E","?","?","T","R","?","R","M","M","R","BOSS","M","?","?","$","?","R","M","M","T","M"],"build_version":"2019-01-10","purchased_purges":1,"victory":false,"max_hp_per_floor":[68,68,68,68,68,68,68,68,68,68,68,68,68,68,68,68,68,68,68,68,68,68,68,68,68,68,68],"card_choices":[{"not_picked":["Wild Strike","True Grit"],"picked":"Thunderclap","floor":1.0},{"not_picked":["Bloodletting","Fire Breathing"],"picked":"Headbutt","floor":2.0},{"not_picked":["Cleave","Pommel Strike","Body Slam"],"picked":"SKIP","floor":4.0},{"not_picked":["Body Slam","Searing Blow"],"picked":"Offering","floor":6.0},{"not_picked":["Cleave","Carnage","Warcry"],"picked":"SKIP","floor":7.0},{"not_picked":["Dual Wield","Iron Wave"],"picked":"Heavy Blade","floor":8.0},{"not_picked":["Pommel Strike","Armaments"],"picked":"Rampage","floor":13.0},{"not_picked":["Heavy Blade","Twin Strike","Armaments"],"picked":"SKIP","floor":14.0},{"not_picked":["Juggernaut","Dark Embrace"],"picked":"Demon Form","floor":16.0},{"not_picked":["Flex","Flame Barrier"],"picked":"Heavy Blade+1","floor":18.0},{"not_picked":["Thunderclap+1","Iron Wave","Clash"],"picked":"SKIP","floor":22},{"not_picked":["Infernal Blade","Dropkick","Pommel Strike"],"picked":"SKIP","floor":24},{"not_picked":["Combust","Hemokinesis+1","Rampage"],"picked":"SKIP","floor":25}],"player_experience":735722,"relics_obtained":[{"floor":6.0,"key":"Oddly Smooth Stone"},{"floor":8.0,"key":"Odd Mushroom"},{"floor":9.0,"key":"Bottled Lightning"},{"floor":20.0,"key":"Necronomicon"},{"floor":26,"key":"Bronze Scales"}],"event_choices":[{"damage_healed":0.0,"max_hp_gain":0.0,"max_hp_loss":0.0,"gold_gain":0.0,"event_name":"Match and Keep!","player_choice":"0 cards matched","floor":5.0,"gold_loss":0.0,"damage_taken":0.0,"cards_obtained":[]},{"damage_healed":0.0,"max_hp_gain":0.0,"max_hp_loss":0.0,"gold_gain":0.0,"event_name":"Match and Keep!","player_choice":"0 cards matched","floor":5.0,"gold_loss":0.0,"damage_taken":0.0,"cards_obtained":[]},{"damage_healed":0.0,"max_hp_gain":0.0,"max_hp_loss":0.0,"gold_gain":0.0,"event_name":"Mushrooms","player_choice":"Fought Mushrooms","floor":8.0,"gold_loss":0.0,"damage_taken":0.0},{"damage_healed":0.0,"max_hp_gain":0.0,"max_hp_loss":0.0,"gold_gain":0.0,"event_name":"Living Wall","player_choice":"Grow","floor":11.0,"gold_loss":0.0,"damage_taken":0.0,"cards_upgraded":["Bash"]},{"damage_healed":0.0,"max_hp_gain":0.0,"max_hp_loss":0.0,"gold_gain":0.0,"event_name":"Ghosts","player_choice":"Ignored","floor":19.0,"gold_loss":0.0,"damage_taken":0.0},{"damage_healed":0.0,"max_hp_gain":0.0,"max_hp_loss":0.0,"gold_gain":0.0,"event_name":"Cursed Tome","player_choice":"Obtained Book","floor":20.0,"gold_loss":0.0,"damage_taken":21.0}],"is_beta":false,"boss_relics":[{"not_picked":["Empty Cage","Eternal Feather"],"picked":"Coffee Dripper"}],"items_purged_floors":[3],"is_endless":false,"potions_floor_spawned":[1,4,7,8,14,24],"killed_by":"Shelled Parasite and Fungi","ascension_level":15}