{"path_per_floor":["M","$","?","?","?","E","R","T","T","M","E","M","R","$","R","B",null,"M","M","?","?","$"],"character_chosen":"IRONCLAD","items_purchased":["Pommel Strike","Strength Potion","Orichalcum"],"gold_per_floor":[116,92,92,92,92,125,125,125,149,163,191,203,203,78,78,183,183,193,210,210,210,66],"floor_reached":23,"campfire_rested":1,"playtime":897,"current_hp_per_floor":[67,67,64,64,64,52,52,52,52,49,10,18,18,18,42,16,64,55,41,67,67,67],"items_purged":["Defend_R"],"gold":66,"score":273,"play_id":"06ab1ce4-ea91-45ed-b3d1-54ce22f5cb61","is_prod":false,"is_daily":false,"is_ascension_mode":true,"campfire_upgraded":2,"path_taken":["M","$","?","?","?","E","R","?","T","M","E","M","R","?","R","BOSS","M","M","?","?","$","E"],"build_version":"2018-02-15-PROD1","purchased_purges":1,"victory":false,"master_deck":["Strike_R","Strike_R","Strike_R","Defend_R+1","Defend_R","Defend_R+1","Bash+1","Pommel Strike","Pummel","Shrug It Off+1","Warcry","Flex","Demon Form","Flame Barrier"],"max_hp_per_floor":[80,80,80,80,80,80,80,80,80,80,80,80,80,80,80,80,80,80,80,80,80,80],"relics":["Burning Blood","Bronze Scales","Juzu Bracelet","Dream Catcher","Bird Faced Urn","Lantern","War Paint","Eternal Feather","Orichalcum"],"card_choices":[{"not_picked":["Clash","Iron Wave"],"picked":"Shrug It Off"},{"not_picked":["Rage","Uppercut"],"picked":"Warcry"},{"not_picked":["Combust","Warcry"],"picked":"Flex"},{"not_picked":["Bludgeon","Immolate"],"picked":"Demon Form"},{"not_picked":["Flex","Twin Strike"],"picked":"Flame Barrier"}],"player_experience":308718,"potions_floor_usage":[11,12,16,19],"damage_taken":[{"damage":11,"enemies":"Jaw Worm","floor":1,"turns":4},{"damage":18,"enemies":"Gremlin Nob","floor":6,"turns":4},{"damage":9,"enemies":"2 Louse","floor":10,"turns":2},{"damage":45,"enemies":"Lagavulin","floor":11,"turns":7},{"damage":4,"enemies":"Small Slimes","floor":12,"turns":3},{"damage":32,"enemies":"Hexaghost","floor":16,"turns":8},{"damage":17,"enemies":"Chosen","floor":18,"turns":5},{"damage":22,"enemies":"Shell Parasite","floor":19,"turns":4},{"damage":69,"enemies":"Gremlin Leader","floor":23,"turns":6}],"event_choices":[{"event_name":"Scrap Ooze","player_choice":"success","floor":3,"damage_taken":3},{"event_name":"Liars Game","player_choice":"disagreed","floor":4,"damage_taken":0},{"event_name":"Transmorgrifier","player_choice":"Transform","floor":5,"damage_taken":0},{"event_name":"The Library","player_choice":"Heal","floor":20,"damage_taken":0},{"event_name":"Back to Basics","player_choice":"Elegance","floor":21,"damage_taken":0}],"boss_relics":[{"not_picked":["Runic Dome","Philosopher\u0027s Stone"],"picked":"Eternal Feather"}],"potions_floor_spawned":[6,10,11,16,19],"seed_played":"3008856981629348033","killed_by":"Gremlin Leader","ascension_level":8,"is_trial":false}