{"path_per_floor":["M","?","?","M","M","R","M","$","T","R","M","R","$","?","R","B",null,"M","?","M","$","?","E","R","?","T","R","M","?","?","$","R","B",null,"M","?","?","$","?","R","M","R","T","?","$","?","?","?","R"],"character_chosen":"DEFECT","items_purchased":["Capacitor","Echo Form","Bottled Tornado","Swift Potion"],"gold_per_floor":[117,117,117,131,144,144,159,34,34,34,44,44,44,74,74,177,177,196,196,210,110,110,135,135,135,158,158,178,178,178,35,35,130,130,146,446,446,321,321,321,340,340,386,386,98,98,98,0,0,0],"floor_reached":50,"campfire_rested":1,"playtime":2030,"current_hp_per_floor":[70,75,75,69,67,67,66,66,66,66,66,66,66,66,66,37,80,72,56,44,44,44,9,33,33,33,33,22,22,48,48,48,15,80,79,79,79,79,79,79,67,67,67,67,67,57,57,57,57,0],"items_purged":["Strike_B","Strike_B","Defend_B"],"gold":0,"score":490,"play_id":"42404ac6-1892-44c3-a041-bb398bb9f4e5","local_time":"20180502001049","is_prod":false,"is_daily":false,"chose_seed":false,"is_ascension_mode":false,"campfire_upgraded":2,"timestamp":1525212649,"path_taken":["M","?","?","?","M","R","M","$","T","R","M","R","?","?","R","BOSS","M","?","M","$","?","E","R","?","T","R","M","?","?","$","R","BOSS","M","?","?","$","?","R","M","R","T","?","$","?","?","?","R","BOSS"],"build_version":"2018-04-30","seed_source_timestamp":571613706194391,"purchased_purges":3,"victory":false,"master_deck":["Defend_B","Defend_B","Zap+1","Dualcast","Glacier","Cold Snap+1","Static Discharge","Capacitor","Rainbow+1","Capacitor+1","Rebound+1","White Noise+1","Bite+1","Bite+1","Bite+1","Bite+1","Bite+1","Sunder+1","Echo Form+1","Machine Learning+1","Barrage+1","Loop+1","Barrage+1","Bandage Up","Madness","Madness"],"max_hp_per_floor":[75,80,80,80,80,80,80,80,80,80,80,80,80,80,80,80,80,80,80,80,80,80,80,80,80,80,80,80,80,80,80,80,80,80,80,80,80,80,80,80,80,80,80,80,80,80,80,80,80,80],"relics":["Cracked Core","Shovel","Letter Opener","Juzu Bracelet","Frozen Egg 2","Ginger","Shuriken","Molten Egg 2","Nuclear Battery","Enchiridion","Whetstone","Orrery","Bronze Scales","Ancient Tea Set","Bottled Tornado","Red Mask","Blue Candle"],"card_choices":[{"not_picked":["Chaos","Doom and Gloom"],"picked":"Skim","floor":1.0},{"not_picked":["Blizzard","Axe Kick"],"picked":"Glacier","floor":4.0},{"not_picked":["Barrage","Axe Kick"],"picked":"Cold Snap","floor":5.0},{"not_picked":["Coolheaded","Hello World"],"picked":"Static Discharge","floor":7.0},{"not_picked":["Reboot","Multi-Cast"],"picked":"Rainbow","floor":16.0},{"not_picked":["Axe Kick","Tempest"],"picked":"Capacitor","floor":18.0},{"not_picked":["Capacitor","Skim"],"picked":"Rebound","floor":20.0},{"not_picked":["Beam Cell","Rebound"],"picked":"White Noise","floor":23.0},{"not_picked":["Genetic Algorithm","Beam Cell"],"picked":"Sunder","floor":28.0},{"not_picked":["Amplify","Biased Cognition"],"picked":"Machine Learning","floor":33.0},{"not_picked":["Skim","Sweeping Beam"],"picked":"Barrage","floor":34.0},{"not_picked":["Sunder","Cold Snap"],"picked":"Loop","floor":34.0},{"not_picked":["Aggregate","Scrape"],"picked":"Barrage","floor":34.0},{"not_picked":["Finesse","Dramatic Entrance"],"picked":"Bandage Up","floor":39}],"player_experience":575492,"potions_floor_usage":[50,50],"damage_taken":[{"damage":5.0,"enemies":"Cultist","floor":1.0,"turns":3.0},{"damage":6.0,"enemies":"Jaw Worm","floor":4.0,"turns":4.0},{"damage":2.0,"enemies":"Small Slimes","floor":5.0,"turns":3.0},{"damage":1.0,"enemies":"Looter","floor":7.0,"turns":4.0},{"damage":0.0,"enemies":"Blue Slaver","floor":11.0,"turns":5.0},{"damage":29.0,"enemies":"The Guardian","floor":16.0,"turns":20.0},{"damage":8.0,"enemies":"Chosen","floor":18.0,"turns":4.0},{"damage":12.0,"enemies":"Spheric Guardian","floor":20.0,"turns":5.0},{"damage":35.0,"enemies":"Book of Stabbing","floor":23.0,"turns":5.0},{"damage":35.0,"enemies":"Centurion and Healer","floor":28.0,"turns":5.0},{"damage":63.0,"enemies":"Automaton","floor":33.0,"turns":11.0},{"damage":19.0,"enemies":"Flame Bruiser 1 Orb","floor":35.0,"turns":4.0},{"damage":31,"enemies":"3 Darklings","floor":41,"turns":5},{"damage":115,"enemies":"Awakened One","floor":50,"turns":11}],"event_choices":[{"event_name":"Big Fish","player_choice":"Donut","floor":2.0,"damage_taken":0.0},{"event_name":"Living Wall","player_choice":"Forget","floor":3.0,"damage_taken":0.0},{"event_name":"Dead Adventurer","player_choice":"Searched \u00273\u0027 times","floor":14.0,"damage_taken":0.0},{"event_name":"Cursed Tome","player_choice":"Obtained Book","floor":19.0,"damage_taken":0.0},{"event_name":"Back to Basics","player_choice":"Elegance","floor":22.0,"damage_taken":0.0},{"event_name":"Vampires","player_choice":"Became a vampire (Vial)","floor":25.0,"damage_taken":0.0},{"event_name":"Drug Dealer","player_choice":"Ignored","floor":29.0,"damage_taken":0.0},{"event_name":"The Library","player_choice":"Heal","floor":30.0,"damage_taken":0.0},{"event_name":"Wheel of Change","player_choice":"Gold","floor":36.0,"damage_taken":0.0},{"event_name":"Mysterious Sphere","player_choice":"Ignore","floor":37,"damage_taken":0},{"event_name":"SensoryStone","player_choice":"Memory 1","floor":39,"damage_taken":0},{"event_name":"Winding Halls","player_choice":"Embrace Madness","floor":46,"damage_taken":0},{"event_name":"Upgrade Shrine","player_choice":"Upgraded","floor":47,"damage_taken":0},{"event_name":"Tomb of Lord Red Mask","player_choice":"Paid","floor":48,"damage_taken":0}],"boss_relics":[],"potions_floor_spawned":[5,7,20,33,35],"seed_played":"2061424157168029223","killed_by":"Awakened One","ascension_level":0,"is_trial":false}