{"gold_per_floor":[20,20,30,30,54,92,92,92,143,143,143],"floor_reached":11,"playtime":304,"items_purged":[],"score":78,"play_id":"10c10f34-0b32-4417-b266-9d8d7d234d5f","local_time":"20190716193505","is_ascension_mode":true,"campfire_choices":[{"floor":7,"key":"REST"},{"floor":10,"key":"RECALL"}],"neow_cost":"NO_GOLD","seed_source_timestamp":436431593418461,"circlet_count":0,"master_deck":["Strike_B","Strike_B","Strike_B","Strike_B","Defend_B","Defend_B","Defend_B","Defend_B","Zap","Dualcast","All For One","Beam Cell","Gash","Turbo+1","Echo Form","Reinforced Body"],"relics":["Cracked Core","Golden Idol","Dream Catcher"],"potions_floor_usage":[6,6],"damage_taken":[{"damage":1,"enemies":"Cultist","floor":1,"turns":3},{"damage":3,"enemies":"2 Louse","floor":3,"turns":3},{"damage":0,"enemies":"Small Slimes","floor":5,"turns":2},{"damage":32,"enemies":"3 Sentries","floor":6,"turns":7},{"damage":60,"enemies":"Gremlin Nob","floor":11,"turns":5}],"seed_played":"2773763139935022566","potions_obtained":[{"floor":1,"key":"SkillPotion"},{"floor":5,"key":"Regen Potion"}],"is_trial":false,"path_per_floor":["M","$","M","?","M","E","R","?","T","R","E"],"character_chosen":"DEFECT","items_purchased":[],"campfire_rested":1,"item_purchase_floors":[],"current_hp_per_floor":[74,74,71,53,53,36,58,58,58,58,0],"gold":143,"neow_bonus":"THREE_RARE_CARDS","is_prod":false,"is_daily":false,"chose_seed":false,"campfire_upgraded":0,"win_rate":0,"timestamp":1563320105,"path_taken":["M","$","M","?","M","E","R","?","T","R","E"],"build_version":"2019-07-05","purchased_purges":0,"victory":false,"max_hp_per_floor":[75,75,75,75,75,75,75,75,75,75,75],"card_choices":[{"not_picked":["Meteor Strike","Reboot"],"picked":"All For One","floor":0},{"not_picked":["Consume","Streamline"],"picked":"Beam Cell","floor":1},{"not_picked":["Cold Snap","Beam Cell"],"picked":"Gash","floor":3},{"not_picked":["FTL","Steam Power"],"picked":"Turbo","floor":5},{"not_picked":["Compile Driver","White Noise"],"picked":"Echo Form","floor":6},{"not_picked":["Sweeping Beam","Barrage"],"picked":"Reinforced Body","floor":7}],"player_experience":171072,"relics_obtained":[{"floor":6,"key":"Dream Catcher"}],"event_choices":[{"damage_healed":0,"gold_gain":0,"player_choice":"Take Damage","damage_taken":18,"relics_obtained":["Golden Idol"],"max_hp_gain":0,"max_hp_loss":0,"event_name":"Golden Idol","floor":4,"gold_loss":0},{"damage_healed":0,"gold_gain":0,"player_choice":"Grow","damage_taken":0,"max_hp_gain":0,"max_hp_loss":0,"event_name":"Living Wall","floor":8,"gold_loss":0,"cards_upgraded":["Turbo"]}],"is_beta":false,"boss_relics":[],"items_purged_floors":[],"is_endless":false,"potions_floor_spawned":[1,5],"killed_by":"Gremlin Nob","ascension_level":2}