{"gold_per_floor":[113,38,38,48,66,66,66,101,101,101,112,36,36,52,52,52],"floor_reached":16,"playtime":479,"items_purged":[],"score":200,"play_id":"0bfa7e44-bae2-493d-88c1-c930aefb2f0c","local_time":"20190225232917","is_ascension_mode":true,"campfire_choices":[{"data":"Zap","floor":6,"key":"SMITH"},{"data":"Static Discharge","floor":10,"key":"SMITH"},{"data":"Redo","floor":13,"key":"SMITH"},{"data":"Coolheaded","floor":15,"key":"SMITH"}],"neow_cost":"TEN_PERCENT_HP_LOSS","seed_source_timestamp":1533076715098815,"circlet_count":0,"master_deck":["AscendersBane","Strike_B","Strike_B","Defend_B","Defend_B","Zap+1","Dualcast","Static Discharge+1","Steam","Coolheaded+1","Redo+1","Skim"],"relics":["Cracked Core","Emotion Chip","Gremlin Horn"],"potions_floor_usage":[],"damage_taken":[{"damage":15,"enemies":"Small Slimes","floor":1,"turns":3},{"damage":9,"enemies":"Jaw Worm","floor":4,"turns":3},{"damage":0,"enemies":"2 Louse","floor":5,"turns":2},{"damage":12,"enemies":"Lagavulin","floor":8,"turns":8},{"damage":4,"enemies":"Looter","floor":11,"turns":3},{"damage":6,"enemies":"Large Slime","floor":14,"turns":5},{"damage":13,"enemies":"Hexaghost","floor":16,"turns":8}],"seed_played":"8078192857964152031","potions_obtained":[{"floor":1,"key":"Explosive Potion"},{"floor":4,"key":"Dexterity Potion"},{"floor":8,"key":"Weak Potion"}],"is_trial":false,"path_per_floor":["M","?","?","M","M","R","$","E","T","R","M","$","R","M","R","B"],"character_chosen":"DEFECT","items_purchased":["Skim"],"campfire_rested":0,"item_purchase_floors":[12],"current_hp_per_floor":[49,49,42,33,33,33,33,21,21,21,17,17,17,11,11,0],"gold":52,"neow_bonus":"REMOVE_TWO","is_prod":false,"is_daily":false,"chose_seed":false,"campfire_upgraded":4,"win_rate":0,"timestamp":1551133757,"path_taken":["M","?","?","M","M","R","?","E","T","R","M","$","R","M","R","BOSS"],"build_version":"2019-01-23","purchased_purges":0,"victory":false,"max_hp_per_floor":[64,64,64,64,64,64,64,64,64,64,64,64,64,64,64,64],"card_choices":[{"not_picked":["Scrape","Stack"],"picked":"Static Discharge","floor":1},{"not_picked":["Force Field","Barrage"],"picked":"Steam","floor":4},{"not_picked":["Cold Snap","Skim"],"picked":"Coolheaded","floor":5},{"not_picked":["Streamline","Hello World","Leap"],"picked":"SKIP","floor":8},{"not_picked":["Steam","Double Energy"],"picked":"Redo","floor":11},{"not_picked":["Turbo","Force Field","Redo"],"picked":"SKIP","floor":14}],"player_experience":902736,"relics_obtained":[{"floor":8,"key":"Emotion Chip"},{"floor":9,"key":"Gremlin Horn"}],"event_choices":[{"cards_removed":["Strike_B"],"damage_healed":0,"gold_gain":0,"player_choice":"Card Removal","damage_taken":0,"max_hp_gain":0,"max_hp_loss":0,"event_name":"The Cleric","floor":2,"gold_loss":75},{"cards_removed":["Defend_B"],"damage_healed":0,"gold_gain":0,"player_choice":"Card Removal","damage_taken":7,"max_hp_gain":0,"max_hp_loss":0,"event_name":"Golden Wing","floor":3,"gold_loss":0}],"is_beta":false,"boss_relics":[],"items_purged_floors":[],"is_endless":false,"potions_floor_spawned":[1,4,8],"killed_by":"Hexaghost","ascension_level":20}