{"gold_per_floor":[110,110,129,71,87,87,87,102,129,143,154,154,185,21,21,100,100,118,118,128,78,91,91,101,0,53,72,88,49,49,65,65,65],"floor_reached":33,"playtime":1199,"items_purged":["Strike_B"],"score":464,"play_id":"09d91a76-4a09-42a1-a9c7-4969cd0a46df","local_time":"20190218011248","is_ascension_mode":true,"campfire_choices":[{"data":"Dualcast","floor":6.0,"key":"SMITH"},{"floor":12.0,"key":"REST"},{"data":"Defragment","floor":15.0,"key":"SMITH"},{"data":"Turbo","floor":23.0,"key":"SMITH"},{"data":"Force Field","floor":32,"key":"SMITH"}],"neow_cost":"NONE","seed_source_timestamp":1067969575036240,"circlet_count":0,"master_deck":["AscendersBane","Defend_B+1","Defend_B+1","Defend_B+1","Zap+1","Dualcast+1","Gash","Sweeping Beam","Gash","Gash","Self Repair","Defragment+1","All For One","Streamline+1","Self Repair+1","Static Discharge+1","Heatsinks+1","Turbo+1","Force Field+1","Force Field","Conserve Battery"],"special_seed":0,"relics":["Cracked Core","Blood Vial","Strawberry","Astrolabe","Oddly Smooth Stone"],"potions_floor_usage":[33],"damage_taken":[{"damage":4.0,"enemies":"2 Louse","floor":1.0,"turns":4.0},{"damage":0.0,"enemies":"Small Slimes","floor":3.0,"turns":3.0},{"damage":7.0,"enemies":"Jaw Worm","floor":5.0,"turns":3.0},{"damage":8.0,"enemies":"Exordium Wildlife","floor":8.0,"turns":3.0},{"damage":8.0,"enemies":"Blue Slaver","floor":10.0,"turns":2.0},{"damage":0.0,"enemies":"Gremlin Gang","floor":11.0,"turns":3.0},{"damage":30.0,"enemies":"Lagavulin","floor":13.0,"turns":6.0},{"damage":31.0,"enemies":"Hexaghost","floor":16.0,"turns":7.0},{"damage":8.0,"enemies":"3 Byrds","floor":18.0,"turns":1.0},{"damage":8.0,"enemies":"Spheric Guardian","floor":20.0,"turns":3.0},{"damage":17.0,"enemies":"Centurion and Healer","floor":22.0,"turns":5.0},{"damage":31.0,"enemies":"Shelled Parasite and Fungi","floor":24.0,"turns":3.0},{"damage":30.0,"enemies":"Snake Plant","floor":27.0,"turns":3.0},{"damage":41.0,"enemies":"Cultist and Chosen","floor":28.0,"turns":4.0},{"damage":5,"enemies":"Snecko","floor":31,"turns":6},{"damage":55,"enemies":"Collector","floor":33,"turns":7}],"seed_played":"9146418540810924278","potions_obtained":[{"floor":1.0,"key":"SteroidPotion"},{"floor":8.0,"key":"GamblersBrew"},{"floor":16.0,"key":"SkillPotion"},{"floor":20.0,"key":"Block Potion"},{"floor":24.0,"key":"PowerPotion"},{"floor":31,"key":"Fire Potion"}],"is_trial":false,"path_per_floor":["M","?","M","$","M","R","?","M","T","M","M","R","E","$","R","B",null,"M","?","M","?","M","R","M","?","T","M","M","$","?","M","R","B"],"character_chosen":"DEFECT","items_purchased":["Ball Lightning","Defragment","Force Field"],"campfire_rested":1,"item_purchase_floors":[4,14,29],"current_hp_per_floor":[60,60,60,60,53,53,46,38,38,32,34,55,34,34,34,12,62,63,63,74,74,76,76,64,64,64,46,24,24,24,38,38,0],"gold":65,"neow_bonus":"UPGRADE_CARD","is_prod":false,"is_daily":false,"chose_seed":false,"campfire_upgraded":4,"win_rate":0,"timestamp":1550448768,"path_taken":["M","?","M","$","M","R","?","M","T","M","M","R","E","?","R","BOSS","M","?","M","?","M","R","?","?","T","M","M","$","?","M","R","BOSS"],"build_version":"2019-01-23","purchased_purges":1,"victory":false,"max_hp_per_floor":[71,71,71,71,71,71,71,71,71,71,71,71,78,78,78,78,78,78,78,78,78,78,78,78,78,78,78,78,78,78,78,78,78],"card_choices":[{"not_picked":["Aggregate","Chaos"],"picked":"Gash","floor":1.0},{"not_picked":["Compile Driver","Go for the Eyes"],"picked":"Sweeping Beam","floor":3.0},{"not_picked":["Chill","Auto Shields"],"picked":"Gash","floor":5.0},{"not_picked":["Rip and Tear","Barrage","Turbo"],"picked":"SKIP","floor":8.0},{"not_picked":["BootSequence","Go for the Eyes"],"picked":"Gash","floor":10.0},{"not_picked":["Darkness","Stack","Redo"],"picked":"SKIP","floor":11.0},{"not_picked":["Doom and Gloom","Storm"],"picked":"Self Repair","floor":13.0},{"not_picked":["Reboot","Meteor Strike"],"picked":"All For One","floor":16.0},{"not_picked":["Redo","Rip and Tear"],"picked":"Heatsinks","floor":18.0},{"not_picked":["Sunder","Redo","Recycle"],"picked":"SKIP","floor":20.0},{"not_picked":["Stack","Rebound"],"picked":"Turbo","floor":22.0},{"not_picked":["Leap","Rebound","Go for the Eyes"],"picked":"SKIP","floor":24.0},{"not_picked":["Go for the Eyes","Ball Lightning","FTL"],"picked":"SKIP","floor":27.0},{"not_picked":["Steam Power","Coolheaded"],"picked":"Force Field","floor":28},{"not_picked":["Beam Cell","Chaos"],"picked":"Conserve Battery","floor":31}],"player_experience":814367,"relics_obtained":[{"floor":9.0,"key":"Blood Vial"},{"floor":13.0,"key":"Strawberry"},{"floor":26.0,"key":"Oddly Smooth Stone"}],"event_choices":[{"cards_removed":["Strike_B"],"damage_healed":0.0,"max_hp_gain":0.0,"max_hp_loss":0.0,"gold_gain":0.0,"event_name":"Living Wall","player_choice":"Forget","floor":2.0,"gold_loss":0.0,"damage_taken":0.0},{"cards_removed":["Strike_B"],"damage_healed":0.0,"max_hp_gain":0.0,"max_hp_loss":0.0,"gold_gain":0.0,"event_name":"Golden Wing","player_choice":"Card Removal","floor":7.0,"gold_loss":0.0,"damage_taken":7.0},{"damage_healed":0.0,"max_hp_gain":0.0,"max_hp_loss":0.0,"gold_gain":0.0,"event_name":"Back to Basics","player_choice":"Simplicity","floor":19.0,"gold_loss":0.0,"damage_taken":0.0,"cards_upgraded":["Defend_B","Defend_B","Defend_B"]},{"damage_healed":0.0,"max_hp_gain":0.0,"max_hp_loss":0.0,"gold_gain":0.0,"event_name":"Designer","player_choice":"Upgrade","floor":21.0,"gold_loss":50.0,"damage_taken":0.0,"cards_upgraded":["Heatsinks"]},{"damage_healed":0.0,"max_hp_gain":0.0,"max_hp_loss":0.0,"gold_gain":0.0,"event_name":"Masked Bandits","player_choice":"Paid Fearfully","floor":25.0,"gold_loss":101.0,"damage_taken":0.0},{"damage_healed":0,"gold_gain":0,"player_choice":"Ignored","damage_taken":0,"max_hp_gain":0,"max_hp_loss":0,"event_name":"Ghosts","floor":30,"gold_loss":0}],"is_beta":false,"boss_relics":[{"not_picked":["Busted Crown","Lizard Tail"],"picked":"Astrolabe"}],"items_purged_floors":[14],"is_endless":false,"potions_floor_spawned":[1,8,16,20,24,31],"killed_by":"Collector","ascension_level":17}