{"gold_per_floor":[119,194,31,43,43,112,112,128,153,153,153,173,214,230,230,230],"floor_reached":16,"playtime":375,"items_purged":["Strike_G"],"score":236,"play_id":"98abff45-4412-4955-b1d1-35dc558a257e","local_time":"20190116094603","is_ascension_mode":true,"campfire_choices":[{"data":"Neutralize","floor":7,"key":"SMITH"},{"data":"Blade Dance","floor":10,"key":"SMITH"},{"data":"Cloak And Dagger","floor":15,"key":"SMITH"}],"neow_cost":"NONE","seed_source_timestamp":656461537604438,"circlet_count":0,"master_deck":["AscendersBane","Defend_G","Defend_G","Defend_G","Defend_G","Defend_G","Strike_G","Strike_G","Strike_G","Strike_G","Survivor","Neutralize+1","Dagger Throw","Blur","Blade Dance+1","Acrobatics","Finisher","Flying Knee","Cloak And Dagger+1","Backflip"],"relics":["Ring of the Snake","NeowsBlessing","Golden Idol","Tiny Chest","Bag of Preparation","Bag of Marbles"],"potions_floor_usage":[13],"damage_taken":[{"damage":0,"enemies":"Jaw Worm","floor":1,"turns":1},{"damage":0,"enemies":"2 Louse","floor":4,"turns":1},{"damage":0,"enemies":"Lagavulin","floor":6,"turns":1},{"damage":0,"enemies":"Small Slimes","floor":8,"turns":3},{"damage":11,"enemies":"Exordium Wildlife","floor":12,"turns":4},{"damage":22,"enemies":"Gremlin Nob","floor":13,"turns":4},{"damage":0,"enemies":"Red Slaver","floor":14,"turns":2},{"damage":17,"enemies":"Hexaghost","floor":16,"turns":14}],"seed_played":"-925542800963650433","potions_obtained":[{"floor":1,"key":"PowerPotion"},{"floor":4,"key":"Energy Potion"}],"is_trial":false,"path_per_floor":["M","?","$","M","?","E","R","M","T","R","?","M","E","M","R","B"],"character_chosen":"THE_SILENT","items_purchased":["Blur","Blade Dance"],"campfire_rested":0,"item_purchase_floors":[3,3],"current_hp_per_floor":[59,48,48,48,25,25,25,25,25,25,47,36,14,14,14,0],"gold":230,"neow_bonus":"THREE_ENEMY_KILL","is_prod":false,"is_daily":false,"chose_seed":false,"campfire_upgraded":3,"win_rate":0,"timestamp":1547628363,"path_taken":["M","?","$","M","?","E","R","M","T","R","?","?","E","M","R","BOSS"],"build_version":"2019-01-10","purchased_purges":1,"victory":false,"max_hp_per_floor":[66,66,66,66,66,66,66,66,66,66,66,66,66,66,66,66],"card_choices":[{"not_picked":["Bouncing Flask","Eviscerate"],"picked":"Dagger Throw","floor":1},{"not_picked":["Underhanded Strike","Dodge and Roll"],"picked":"Acrobatics","floor":4},{"not_picked":["Poisoned Stab","Acrobatics"],"picked":"Finisher","floor":6},{"not_picked":["Acrobatics","Backstab"],"picked":"Flying Knee","floor":8},{"not_picked":["Sucker Punch","Poisoned Stab"],"picked":"Cloak And Dagger","floor":12},{"not_picked":["Finisher","Calculated Gamble"],"picked":"Backflip","floor":13},{"not_picked":["Backflip","Escape Plan","Prepared"],"picked":"SKIP","floor":14}],"player_experience":751299,"relics_obtained":[{"floor":6,"key":"Tiny Chest"},{"floor":9,"key":"Bag of Preparation"},{"floor":13,"key":"Bag of Marbles"}],"event_choices":[{"damage_healed":0,"gold_gain":75,"player_choice":"Gather Gold","damage_taken":11,"max_hp_gain":0,"max_hp_loss":0,"event_name":"World of Goop","floor":2,"gold_loss":0},{"damage_healed":0,"gold_gain":0,"player_choice":"Take Damage","damage_taken":23,"relics_obtained":["Golden Idol"],"max_hp_gain":0,"max_hp_loss":0,"event_name":"Golden Idol","floor":5,"gold_loss":0},{"damage_healed":22,"gold_gain":0,"player_choice":"Banana","damage_taken":0,"max_hp_gain":0,"max_hp_loss":0,"event_name":"Big Fish","floor":11,"gold_loss":0}],"is_beta":false,"boss_relics":[],"items_purged_floors":[3],"is_endless":false,"potions_floor_spawned":[1,4,12],"killed_by":"Hexaghost","ascension_level":15}