{"gold_per_floor":[116,391,410,429,445,478,478,478],"floor_reached":8,"playtime":191,"items_purged":[],"score":58,"play_id":"d4d90b98-bd7c-4953-970d-e911a1be3fb0","local_time":"20190428193828","is_ascension_mode":false,"campfire_choices":[{"floor":7,"key":"REST"}],"neow_cost":"NONE","seed_source_timestamp":80488228105062,"circlet_count":0,"master_deck":["Strike_R","Strike_R","Strike_R","Strike_R","Strike_R","Defend_R","Defend_R","Defend_R","Defend_R","Bash","Thunderclap","Regret","Heavy Blade","Warcry","Shrug It Off"],"relics":["Burning Blood","NeowsBlessing","Ornamental Fan"],"potions_floor_usage":[5,8,8],"damage_taken":[{"damage":0,"enemies":"Jaw Worm","floor":1,"turns":1},{"damage":0,"enemies":"Cultist","floor":3,"turns":1},{"damage":0,"enemies":"2 Louse","floor":4,"turns":1},{"damage":19,"enemies":"Large Slime","floor":5,"turns":2},{"damage":57,"enemies":"Lagavulin","floor":6,"turns":6},{"damage":40,"enemies":"The Mushroom Lair","floor":8,"turns":4}],"seed_played":"866219048616842444","potions_obtained":[{"floor":3,"key":"Fire Potion"},{"floor":5,"key":"FearPotion"},{"floor":6,"key":"Dexterity Potion"}],"is_trial":false,"path_per_floor":["M","?","M","M","M","E","R","?"],"character_chosen":"IRONCLAD","items_purchased":[],"campfire_rested":1,"item_purchase_floors":[],"current_hp_per_floor":[80,80,80,80,67,16,40,0],"gold":478,"neow_bonus":"THREE_ENEMY_KILL","is_prod":false,"is_daily":false,"chose_seed":false,"campfire_upgraded":0,"win_rate":0,"timestamp":1556498308,"path_taken":["M","?","?","M","M","E","R","?"],"build_version":"2019-01-23","purchased_purges":0,"victory":false,"max_hp_per_floor":[80,80,80,80,80,80,80,80],"card_choices":[{"not_picked":["Perfected Strike","Wild Strike"],"picked":"Thunderclap","floor":1},{"not_picked":["Blood for Blood","Hemokinesis"],"picked":"Heavy Blade","floor":3},{"not_picked":["Havoc","Entrench","Perfected Strike"],"picked":"SKIP","floor":4},{"not_picked":["Body Slam","Clash"],"picked":"Warcry","floor":5},{"not_picked":["Blood for Blood","Rupture"],"picked":"Shrug It Off","floor":6}],"player_experience":800387,"relics_obtained":[{"floor":6,"key":"Ornamental Fan"}],"event_choices":[{"damage_healed":0,"gold_gain":275,"player_choice":"Desecrate","damage_taken":0,"max_hp_gain":0,"max_hp_loss":0,"event_name":"Golden Shrine","floor":2,"gold_loss":0,"cards_obtained":["Regret"]},{"damage_healed":0,"gold_gain":0,"player_choice":"Fought Mushrooms","damage_taken":0,"max_hp_gain":0,"max_hp_loss":0,"event_name":"Mushrooms","floor":8,"gold_loss":0}],"is_beta":false,"boss_relics":[],"items_purged_floors":[],"is_endless":false,"potions_floor_spawned":[3,5,6],"killed_by":"The Mushroom Lair","ascension_level":0}