{"gold_per_floor":[110,128,145,24,24,24,54,70,119,136,170,170,189,222,222,300,300,259,269,269,286,171,171,203,222,274,284,284,317,336,361,361,361],"floor_reached":33,"playtime":1638,"items_purged":["Strike_G"],"score":818,"play_id":"be5b2847-cded-48ce-87fc-147567e446b9","local_time":"20190728022151","is_ascension_mode":true,"campfire_choices":[{"data":"Neutralize","floor":6.0,"key":"SMITH"},{"data":"Footwork","floor":12.0,"key":"SMITH"},{"data":"Acrobatics","floor":15.0,"key":"SMITH"},{"data":"Ghostly","floor":23,"key":"SMITH"},{"data":"Ghostly","floor":28,"key":"SMITH"},{"floor":32,"key":"REST"}],"neow_cost":"NONE","seed_source_timestamp":540774397627339,"circlet_count":0,"master_deck":["AscendersBane","Strike_G","Strike_G+1","Strike_G","Strike_G","Defend_G","Defend_G","Defend_G","Defend_G","Defend_G","Survivor","Neutralize+1","Dash+1","Backflip","Terror","Footwork+1","Flechettes","Backflip","Acrobatics+1","Caltrops+1","Wraith Form v2+1","Ghostly+1","Ghostly+1","Ghostly","Well Laid Plans+1","Deflect","Crippling Poison+1","Setup+1"],"special_seed":0,"relics":["Ring of the Snake","Matryoshka","PreservedInsect","Whetstone","Frozen Egg 2","Ancient Tea Set","Sozu","Sundial","Boot","Pen Nib","Unceasing Top","Red Mask"],"potions_floor_usage":[],"damage_taken":[{"damage":3.0,"enemies":"Cultist","floor":1.0,"turns":4.0},{"damage":7.0,"enemies":"Small Slimes","floor":2.0,"turns":5.0},{"damage":0.0,"enemies":"2 Louse","floor":3.0,"turns":3.0},{"damage":16.0,"enemies":"Lagavulin","floor":7.0,"turns":6.0},{"damage":5.0,"enemies":"Exordium Thugs","floor":8.0,"turns":5.0},{"damage":1.0,"enemies":"Blue Slaver","floor":10.0,"turns":3.0},{"damage":9.0,"enemies":"3 Sentries","floor":11.0,"turns":6.0},{"damage":1.0,"enemies":"Exordium Wildlife","floor":13.0,"turns":4.0},{"damage":0.0,"enemies":"Lagavulin","floor":14.0,"turns":6.0},{"damage":0.0,"enemies":"The Guardian","floor":16.0,"turns":12.0},{"damage":24.0,"enemies":"2 Thieves","floor":18.0,"turns":5.0},{"damage":11,"enemies":"Spheric Guardian","floor":19,"turns":6},{"damage":3,"enemies":"Snake Plant","floor":21,"turns":7},{"damage":0,"enemies":"Slavers","floor":24,"turns":7},{"damage":1,"enemies":"Snecko","floor":25,"turns":8},{"damage":1,"enemies":"3 Cultists","floor":27,"turns":6},{"damage":6,"enemies":"Book of Stabbing","floor":29,"turns":5},{"damage":2,"enemies":"Sentry and Sphere","floor":30,"turns":8},{"damage":7,"enemies":"Masked Bandits","floor":31,"turns":5},{"damage":23,"enemies":"Collector","floor":33,"turns":12}],"seed_played":"5669870709581655961","potions_obtained":[{"floor":2.0,"key":"FearPotion"},{"floor":8.0,"key":"Block Potion"},{"floor":10.0,"key":"Swift Potion"},{"floor":13.0,"key":"PowerPotion"}],"is_trial":false,"path_per_floor":["M","M","M","$","?","R","E","M","T","M","E","R","M","E","R","B",null,"M","M","?","M","$","R","E","M","T","M","R","E","M","?","R","B"],"character_chosen":"THE_SILENT","items_purchased":["Footwork","Flechettes","Well Laid Plans+1"],"campfire_rested":1,"item_purchase_floors":[4,4,22],"current_hp_per_floor":[62,55,55,55,55,55,39,34,34,33,24,24,23,23,23,23,60,36,25,25,22,22,22,22,21,21,20,20,14,12,5,15,0],"gold":361,"neow_bonus":"TEN_PERCENT_HP_BONUS","is_prod":false,"is_daily":false,"chose_seed":false,"campfire_upgraded":5,"win_rate":0,"timestamp":1564248111,"path_taken":["M","M","M","?","?","R","E","M","T","M","E","R","M","E","R","BOSS","M","M","?","M","$","R","E","M","T","M","R","E","M","?","R","BOSS"],"build_version":"2019-07-17","purchased_purges":1,"victory":false,"max_hp_per_floor":[72,72,72,72,72,72,72,72,72,72,72,72,72,72,72,72,72,72,72,36,36,36,36,36,36,36,36,36,36,36,36,36,36],"card_choices":[{"not_picked":["Dagger Throw","Masterful Stab"],"picked":"Dash","floor":1.0},{"not_picked":["Dodge and Roll","Sucker Punch"],"picked":"Backflip","floor":2.0},{"not_picked":["Backflip","Prepared"],"picked":"Terror","floor":3.0},{"not_picked":["Dodge and Roll","Slice"],"picked":"Backflip","floor":7.0},{"not_picked":["Deflect","Phantasmal Killer"],"picked":"Acrobatics","floor":8.0},{"not_picked":["Quick Slash","Blade Dance","Bane"],"picked":"SKIP","floor":10.0},{"not_picked":["Quick Slash","Blade Dance","Bane"],"picked":"SKIP","floor":10.0},{"not_picked":["Acrobatics","Skewer","Dagger Throw"],"picked":"SKIP","floor":11.0},{"not_picked":["Poisoned Stab","Backflip","Bane"],"picked":"SKIP","floor":13.0},{"not_picked":["Distraction","Sucker Punch"],"picked":"Caltrops+1","floor":14.0},{"not_picked":["Glass Knife","Die Die Die"],"picked":"Wraith Form v2+1","floor":16.0},{"not_picked":["Eviscerate","Predator+1","Bouncing Flask"],"picked":"SKIP","floor":18.0},{"not_picked":["Eviscerate","Flying Knee","Cloak And Dagger"],"picked":"SKIP","floor":19},{"not_picked":["Skewer","Finisher","Dagger Throw"],"picked":"SKIP","floor":21},{"not_picked":["Skewer","Finisher","Dagger Throw"],"picked":"SKIP","floor":21},{"not_picked":["All Out Attack","Glass Knife","Poisoned Stab"],"picked":"SKIP","floor":24},{"not_picked":["Predator+1","Flechettes","Accuracy+1"],"picked":"SKIP","floor":25},{"not_picked":["Catalyst","Outmaneuver"],"picked":"Deflect","floor":27},{"not_picked":["Tactician","Phantasmal Killer","Dodge and Roll"],"picked":"SKIP","floor":29},{"not_picked":["Dagger Spray","Calculated Gamble"],"picked":"Crippling Poison+1","floor":30},{"not_picked":["Leg Sweep","Endless Agony"],"picked":"Setup+1","floor":31}],"player_experience":1036355,"relics_obtained":[{"floor":7.0,"key":"Matryoshka"},{"floor":9.0,"key":"PreservedInsect"},{"floor":9.0,"key":"Whetstone"},{"floor":11.0,"key":"Frozen Egg 2"},{"floor":14.0,"key":"Ancient Tea Set"},{"floor":24,"key":"Sundial"},{"floor":26,"key":"Boot"},{"floor":26,"key":"Pen Nib"},{"floor":29,"key":"Unceasing Top"},{"floor":31,"key":"Red Mask"}],"event_choices":[{"damage_healed":0.0,"max_hp_gain":0.0,"max_hp_loss":0.0,"gold_gain":0.0,"event_name":"Liars Game","player_choice":"Ignored","floor":5.0,"gold_loss":0.0,"damage_taken":0.0},{"damage_healed":0,"gold_gain":0,"player_choice":"Became a Ghost","damage_taken":0,"max_hp_gain":0,"max_hp_loss":36,"event_name":"Ghosts","floor":20,"gold_loss":0,"cards_obtained":["Ghostly","Ghostly","Ghostly"]},{"damage_healed":0,"gold_gain":0,"player_choice":"Fought Bandits","damage_taken":0,"max_hp_gain":0,"max_hp_loss":0,"event_name":"Masked Bandits","floor":31,"gold_loss":0}],"is_beta":false,"boss_relics":[{"not_picked":["Runic Pyramid","Coffee Dripper"],"picked":"Sozu"}],"items_purged_floors":[22],"is_endless":false,"potions_floor_spawned":[2,8,10,13,19,25,27,31],"killed_by":"Collector","ascension_level":20}