{"gold_per_floor":[119,119,145,160,176,207,207,221,244,244,261,261,272,272,272,272],"floor_reached":16,"playtime":358,"items_purged":[],"score":102,"play_id":"64775ac5-aa0f-465a-9186-e42d1e83b9ba","local_time":"20181204211605","is_ascension_mode":false,"campfire_choices":[{"floor":7,"key":"REST"},{"floor":10,"key":"RECALL"},{"floor":15,"key":"REST"}],"neow_cost":"NONE","seed_source_timestamp":909271471599384,"circlet_count":0,"master_deck":["Strike_R","Strike_R","Strike_R","Strike_R","Strike_R","Defend_R","Defend_R+1","Defend_R","Defend_R+1","Bash","Thunderclap","Whirlwind","Infernal Blade","Warcry","Dropkick","Seeing Red","Cleave"],"relics":["Burning Blood","NeowsBlessing","Regal Pillow","Dream Catcher","Strawberry","Ornamental Fan"],"potions_floor_usage":[6,16,16],"damage_taken":[{"damage":0,"enemies":"Cultist","floor":1,"turns":1},{"damage":0,"enemies":"Jaw Worm","floor":4,"turns":1},{"damage":0,"enemies":"Small Slimes","floor":5,"turns":1},{"damage":78,"enemies":"Lagavulin","floor":6,"turns":7},{"damage":10,"enemies":"3 Louse","floor":8,"turns":3},{"damage":17,"enemies":"Large Slime","floor":11,"turns":4},{"damage":5,"enemies":"Lots of Slimes","floor":13,"turns":2},{"damage":57,"enemies":"Hexaghost","floor":16,"turns":9}],"seed_played":"-2271549317238199692","potions_obtained":[{"floor":5,"key":"PowerPotion"},{"floor":8,"key":"Dexterity Potion"},{"floor":11,"key":"Poison Potion"}],"is_trial":false,"path_per_floor":["M","T","T","M","M","E","R","M","T","R","M","?","M","?","R","B"],"character_chosen":"IRONCLAD","items_purchased":[],"campfire_rested":2,"item_purchase_floors":[],"current_hp_per_floor":[80,80,80,80,80,8,47,43,50,50,39,22,23,16,57,0],"gold":272,"neow_bonus":"THREE_ENEMY_KILL","is_prod":false,"is_daily":false,"chose_seed":false,"campfire_upgraded":0,"win_rate":0,"timestamp":1543979765,"path_taken":["M","?","?","M","M","E","R","M","T","R","M","?","M","?","R","BOSS"],"build_version":"2018-11-15","purchased_purges":0,"victory":false,"max_hp_per_floor":[80,80,80,80,80,80,80,80,87,87,87,87,87,87,87,87],"card_choices":[{"not_picked":["Perfected Strike","Havoc"],"picked":"Thunderclap","floor":1},{"not_picked":["Inflame","Searing Blow"],"picked":"Whirlwind","floor":4},{"not_picked":["Dual Wield","Perfected Strike"],"picked":"Infernal Blade","floor":5},{"not_picked":["Brutality","Ghostly Armor"],"picked":"Warcry","floor":6},{"not_picked":["Entrench","True Grit"],"picked":"Dropkick","floor":7},{"not_picked":["Body Slam","Heavy Blade","Anger"],"picked":"SKIP","floor":8},{"not_picked":["Carnage","Heavy Blade","Flame Barrier"],"picked":"SKIP","floor":11},{"not_picked":["Entrench","True Grit"],"picked":"Seeing Red","floor":13},{"not_picked":["Perfected Strike","Heavy Blade"],"picked":"Cleave","floor":15}],"player_experience":701494,"relics_obtained":[{"floor":3,"key":"Regal Pillow"},{"floor":6,"key":"Dream Catcher"},{"floor":9,"key":"Strawberry"}],"event_choices":[{"damage_healed":0,"gold_gain":0,"player_choice":"Entered Light","damage_taken":17,"max_hp_gain":0,"max_hp_loss":0,"event_name":"Shining Light","floor":12,"gold_loss":0,"cards_upgraded":["Defend_R","Defend_R"]},{"damage_healed":0,"gold_gain":0,"player_choice":"Success","damage_taken":7,"relics_obtained":["Ornamental Fan"],"max_hp_gain":0,"max_hp_loss":0,"event_name":"Scrap Ooze","floor":14,"gold_loss":0}],"is_beta":false,"boss_relics":[],"items_purged_floors":[],"is_endless":false,"potions_floor_spawned":[5,8,11],"killed_by":"Hexaghost","ascension_level":0}