{"gold_per_floor":[115,115,34,34,48,48,48,48,74,102,142,153,153,5,5,104,104,123,123,107,107,107,135,135,135],"floor_reached":25,"playtime":1510,"items_purged":[],"score":253,"play_id":"3eb6b751-04b4-4844-9b9c-045116a441eb","local_time":"20190630131506","is_ascension_mode":true,"campfire_choices":[{"floor":6,"key":"RECALL"},{"data":"Infinite Blades","floor":8,"key":"SMITH"},{"floor":15,"key":"REST"},{"floor":24,"key":"REST"}],"neow_cost":"PERCENT_DAMAGE","seed_source_timestamp":1452685718953376,"circlet_count":0,"master_deck":["Defend_G+1","Defend_G","Defend_G","Defend_G","Defend_G","Survivor+1","Neutralize","Panacea","Magnetism","Infinite Blades+1","Acrobatics","Finisher","Finisher","Noxious Fumes","Burst","RitualDagger","Acrobatics+1","Bite","Bite","Bite","Bite","Bite","Writhe","Catalyst"],"relics":["Ring of the Serpent","War Paint","Bag of Preparation","Boot","Regal Pillow","Tingsha","StoneCalendar"],"potions_floor_usage":[23,23,23],"damage_taken":[{"damage":0,"enemies":"2 Louse","floor":1,"turns":5},{"damage":5,"enemies":"Cultist","floor":5,"turns":5},{"damage":18,"enemies":"Lagavulin","floor":10,"turns":10},{"damage":3,"enemies":"Jaw Worm","floor":11,"turns":3},{"damage":9,"enemies":"2 Fungi Beasts","floor":12,"turns":3},{"damage":22,"enemies":"Hexaghost","floor":16,"turns":9},{"damage":14,"enemies":"Spheric Guardian","floor":18,"turns":7},{"damage":20,"enemies":"2 Thieves","floor":20,"turns":4},{"damage":34,"enemies":"Book of Stabbing","floor":23,"turns":5},{"damage":52,"enemies":"Gremlin Leader","floor":25,"turns":6}],"seed_played":"-727824380977344858","potions_obtained":[{"floor":1,"key":"Fire Potion"},{"floor":11,"key":"GhostInAJar"},{"floor":12,"key":"SpeedPotion"},{"floor":20,"key":"Fire Potion"}],"is_trial":false,"path_per_floor":["M","?","$","T","M","R","$","R","T","E","M","M","?","$","R","B",null,"M","?","M","?","?","E","R","E"],"character_chosen":"THE_SILENT","items_purchased":["Infinite Blades","Regal Pillow"],"campfire_rested":2,"item_purchase_floors":[3,14],"current_hp_per_floor":[49,49,49,49,44,44,44,44,44,26,23,14,11,11,47,25,70,56,50,30,30,30,6,35,0],"gold":135,"neow_bonus":"RANDOM_COLORLESS_2","is_prod":false,"is_daily":false,"chose_seed":false,"campfire_upgraded":1,"win_rate":0,"timestamp":1561914906,"path_taken":["M","?","$","?","M","R","$","R","T","E","?","M","?","$","R","BOSS","M","?","M","?","?","E","R","E"],"build_version":"2019-01-23","purchased_purges":0,"victory":false,"max_hp_per_floor":[70,70,70,70,70,70,70,70,70,70,70,70,70,70,70,70,70,70,70,70,49,49,49,49,49],"card_choices":[{"not_picked":["All Out Attack","Bane","Quick Slash"],"picked":"SKIP","floor":1},{"not_picked":["Flying Knee","Predator"],"picked":"Acrobatics","floor":5},{"not_picked":["Sucker Punch","Slice"],"picked":"Finisher","floor":10},{"not_picked":["Backstab","Masterful Stab"],"picked":"Finisher","floor":11},{"not_picked":["Acrobatics","Reflex"],"picked":"Noxious Fumes","floor":12},{"not_picked":["Malaise","Bullet Time"],"picked":"Burst","floor":16},{"not_picked":["Bouncing Flask+1","All Out Attack","Predator"],"picked":"SKIP","floor":18},{"not_picked":["Sucker Punch","Crippling Poison+1"],"picked":"Acrobatics+1","floor":20},{"not_picked":["Sucker Punch","Poisoned Stab"],"picked":"Catalyst","floor":23}],"player_experience":59004,"relics_obtained":[{"floor":9,"key":"War Paint"},{"floor":10,"key":"Bag of Preparation"},{"floor":23,"key":"StoneCalendar"}],"event_choices":[{"cards_removed":["Strike_G"],"damage_healed":0,"gold_gain":0,"player_choice":"Purged","damage_taken":0,"max_hp_gain":0,"max_hp_loss":0,"event_name":"Purifier","floor":2,"gold_loss":0},{"damage_healed":0,"gold_gain":0,"player_choice":"Success","damage_taken":3,"relics_obtained":["Boot"],"max_hp_gain":0,"max_hp_loss":0,"event_name":"Scrap Ooze","floor":13,"gold_loss":0},{"damage_healed":0,"gold_gain":0,"player_choice":"Joined the Cult","damage_taken":6,"max_hp_gain":0,"max_hp_loss":0,"event_name":"Nest","floor":19,"gold_loss":0,"cards_obtained":["RitualDagger"]},{"damage_healed":0,"gold_gain":0,"player_choice":"Became a vampire","damage_taken":0,"max_hp_gain":0,"max_hp_loss":21,"event_name":"Vampires","floor":21,"gold_loss":0,"cards_obtained":["Bite","Bite","Bite","Bite","Bite"]},{"damage_healed":0,"gold_gain":0,"player_choice":"Opened","damage_taken":0,"relics_obtained":["Tingsha"],"max_hp_gain":0,"max_hp_loss":0,"event_name":"The Mausoleum","floor":22,"gold_loss":0,"cards_obtained":["Writhe"]}],"is_beta":false,"boss_relics":[{"not_picked":["Calling Bell","Busted Crown"],"picked":"Ring of the Serpent"}],"items_purged_floors":[],"is_endless":false,"potions_floor_spawned":[1,11,12,20],"killed_by":"Gremlin Leader","ascension_level":1}