{"gold_per_floor":[112,123,48,48,68,68,103,103,181,192,212,10,10,28,28,28],"floor_reached":16,"playtime":423,"items_purged":["Strike_R"],"score":102,"play_id":"08358717-0461-43fa-961f-0eb16815e29b","local_time":"20190605204743","is_ascension_mode":false,"campfire_choices":[{"data":"Bash","floor":6,"key":"SMITH"},{"data":"Corruption","floor":8,"key":"SMITH"},{"data":"Infernal Blade","floor":15,"key":"SMITH"}],"neow_cost":"PERCENT_DAMAGE","seed_source_timestamp":1776786516730600,"circlet_count":0,"master_deck":["Strike_R","Strike_R","Defend_R","Defend_R","Defend_R","Bash+1","Clash","Intimidate+1","Dropkick","Cleave+1","Corruption+1","Double Tap","Infernal Blade+1"],"relics":["Burning Blood","Happy Flower","Sling"],"potions_floor_usage":[7,16],"damage_taken":[{"damage":6,"enemies":"Cultist","floor":1,"turns":3},{"damage":3,"enemies":"2 Louse","floor":2,"turns":2},{"damage":3,"enemies":"Jaw Worm","floor":5,"turns":2},{"damage":16,"enemies":"Gremlin Nob","floor":7,"turns":4},{"damage":0,"enemies":"3 Louse","floor":10,"turns":2},{"damage":7,"enemies":"Exordium Thugs","floor":11,"turns":3},{"damage":3,"enemies":"Large Slime","floor":14,"turns":2},{"damage":46,"enemies":"The Guardian","floor":16,"turns":7}],"seed_played":"4939115878308095559","potions_obtained":[{"floor":2,"key":"SpeedPotion"},{"floor":5,"key":"LiquidBronze"},{"floor":11,"key":"SpeedPotion"},{"floor":14,"key":"Weak Potion"}],"is_trial":false,"path_per_floor":["M","M","$","?","M","R","E","R","T","M","M","$","?","M","R","B"],"character_chosen":"IRONCLAD","items_purchased":["Sling"],"campfire_rested":0,"item_purchase_floors":[12],"current_hp_per_floor":[56,59,59,59,62,62,52,52,52,58,57,57,41,44,44,0],"gold":28,"neow_bonus":"TRANSFORM_TWO_CARDS","is_prod":false,"is_daily":false,"chose_seed":false,"campfire_upgraded":3,"win_rate":0,"timestamp":1559785663,"path_taken":["M","?","?","?","M","R","E","R","T","?","M","$","?","M","R","BOSS"],"build_version":"2019-01-23","purchased_purges":1,"victory":false,"max_hp_per_floor":[80,80,80,80,80,80,80,80,80,80,80,80,80,80,80,80],"card_choices":[{"not_picked":["Iron Wave","Wild Strike"],"picked":"Dropkick","floor":1},{"not_picked":["Rampage","Clothesline"],"picked":"Cleave","floor":2},{"not_picked":["Headbutt","Anger","Fire Breathing"],"picked":"SKIP","floor":5},{"not_picked":["Thunderclap","Entrench"],"picked":"Corruption","floor":7},{"not_picked":["Entrench","Wild Strike","Sword Boomerang"],"picked":"SKIP","floor":10},{"not_picked":["Clothesline","Shrug It Off"],"picked":"Double Tap","floor":11},{"not_picked":["Metallicize","Shockwave"],"picked":"Infernal Blade","floor":14}],"player_experience":814777,"relics_obtained":[{"floor":7,"key":"Happy Flower"}],"event_choices":[{"cards_removed":["Defend_R"],"damage_healed":0,"gold_gain":0,"player_choice":"Purged","damage_taken":0,"max_hp_gain":0,"max_hp_loss":0,"event_name":"Purifier","floor":4,"gold_loss":0},{"damage_healed":0,"gold_gain":0,"player_choice":"Entered Light","damage_taken":16,"max_hp_gain":0,"max_hp_loss":0,"event_name":"Shining Light","floor":13,"gold_loss":0,"cards_upgraded":["Intimidate","Cleave"]}],"is_beta":false,"boss_relics":[],"items_purged_floors":[3],"is_endless":false,"potions_floor_spawned":[2,5,11,14],"killed_by":"The Guardian","ascension_level":0}