{"gold_per_floor":[114,63,63,81,2,2,13,13,38,19,19,19,29,29],"floor_reached":14,"playtime":328,"items_purged":[],"score":152,"play_id":"c9237fcb-cc7b-4ddf-937c-cee9a96e9068","local_time":"20190220142641","is_ascension_mode":true,"campfire_choices":[{"data":"Neutralize","floor":6.0,"key":"SMITH"},{"data":"Footwork","floor":8.0,"key":"SMITH"}],"neow_cost":"PERCENT_DAMAGE","seed_source_timestamp":1213022839556245,"circlet_count":0,"master_deck":["AscendersBane","Defend_G","Defend_G","Defend_G","Defend_G","Defend_G","Strike_G","Strike_G","Strike_G","Strike_G","Strike_G","Survivor","Neutralize+1","Deadly Poison","Backflip","Slice","Footwork+1","Backflip","Footwork","Burst"],"special_seed":0,"relics":["Ring of the Snake","Du-Vu Doll","Ancient Tea Set"],"potions_floor_usage":[14],"damage_taken":[{"damage":0.0,"enemies":"Cultist","floor":1.0,"turns":5.0},{"damage":1.0,"enemies":"Small Slimes","floor":4.0,"turns":3.0},{"damage":0.0,"enemies":"Jaw Worm","floor":7.0,"turns":3.0},{"damage":15.0,"enemies":"Exordium Thugs","floor":10.0,"turns":5.0},{"damage":0.0,"enemies":"Looter","floor":13.0,"turns":4.0},{"damage":24,"enemies":"Gremlin Gang","floor":14,"turns":2}],"seed_played":"-5083067527978116270","potions_obtained":[{"floor":4.0,"key":"Swift Potion"},{"floor":13.0,"key":"EssenceOfSteel"}],"is_trial":false,"path_per_floor":["M","$","?","M","$","R","M","R","T","M","?","?","M","M"],"character_chosen":"THE_SILENT","items_purchased":["Backflip","Footwork"],"campfire_rested":0,"item_purchase_floors":[2,5],"current_hp_per_floor":[44,44,40,39,39,39,39,39,39,24,24,24,24,0],"gold":29,"neow_bonus":"ONE_RARE_RELIC","is_prod":false,"is_daily":false,"chose_seed":false,"campfire_upgraded":2,"win_rate":0,"timestamp":1550669201,"path_taken":["M","$","?","?","?","R","M","R","T","?","?","?","M","M"],"build_version":"2019-01-23","purchased_purges":0,"victory":false,"max_hp_per_floor":[66,66,66,66,66,66,66,66,66,66,66,66,66,66],"card_choices":[{"not_picked":["Concentrate","Distraction"],"picked":"Deadly Poison","floor":1.0},{"not_picked":["Acrobatics","Bane"],"picked":"Slice","floor":4.0},{"not_picked":["Terror","Finisher"],"picked":"Backflip","floor":7.0},{"not_picked":["Backstab","Poisoned Stab"],"picked":"Footwork","floor":10.0},{"not_picked":["Poisoned Stab","Dodge and Roll"],"picked":"Burst","floor":13.0}],"player_experience":828161,"relics_obtained":[{"floor":9.0,"key":"Ancient Tea Set"}],"event_choices":[{"damage_healed":0.0,"max_hp_gain":0.0,"max_hp_loss":0.0,"gold_gain":0.0,"event_name":"The Woman in Blue","player_choice":"Bought 0 Potions","floor":3.0,"gold_loss":0.0,"damage_taken":0.0},{"damage_healed":0.0,"max_hp_gain":0.0,"max_hp_loss":0.0,"gold_gain":0.0,"event_name":"Scrap Ooze","player_choice":"Fled","floor":11.0,"gold_loss":0.0,"damage_taken":0.0},{"damage_healed":0.0,"max_hp_gain":0.0,"max_hp_loss":0.0,"gold_gain":0.0,"event_name":"Shining Light","player_choice":"Ignored","floor":12.0,"gold_loss":0.0,"damage_taken":0.0}],"is_beta":false,"boss_relics":[],"items_purged_floors":[],"is_endless":false,"potions_floor_spawned":[4,13],"killed_by":"Gremlin Gang","ascension_level":18}