{"gold_per_floor":[113,113,38,59,79,103,121,136,136,160,67,67,90,108,108,233,296,320,419,435,87,87,87,130,130,153,153,167,167],"floor_reached":29,"playtime":1155,"items_purged":["Injury","Strike_B"],"score":239,"play_id":"7fe7bb4f-a1bd-43b9-af4d-c88f98ee80ad","local_time":"20190712004540","is_ascension_mode":false,"campfire_choices":[{"data":"Static Discharge","floor":12,"key":"SMITH"},{"data":"Defragment","floor":15,"key":"SMITH"},{"data":"Amplify","floor":23,"key":"SMITH"},{"floor":25,"key":"REST"}],"neow_cost":"NONE","seed_source_timestamp":22207150445843,"circlet_count":0,"master_deck":["Strike_B","Strike_B","Strike_B","Defend_B","Defend_B","Defend_B","Defend_B","Zap","Dualcast","Defragment","Sunder","Ball Lightning","Genetic Algorithm","Ball Lightning","Static Discharge+1","Redo","Defragment+1","Tempest+1","Amplify+1","Melter","Compile Driver+1","BootSequence+1"],"relics":["Cracked Core","Golden Idol","Bottled Tornado","Tiny House","Singing Bowl","MutagenicStrength","Gambling Chip","Dream Catcher"],"potions_floor_usage":[7,16,16,16,28,29],"damage_taken":[{"damage":4,"enemies":"2 Louse","floor":1,"turns":3},{"damage":1,"enemies":"Jaw Worm","floor":4,"turns":4},{"damage":0,"enemies":"Cultist","floor":5,"turns":4},{"damage":0,"enemies":"Looter","floor":6,"turns":3},{"damage":3,"enemies":"Gremlin Gang","floor":7,"turns":2},{"damage":13,"enemies":"Red Slaver","floor":8,"turns":2},{"damage":30,"enemies":"Exordium Thugs","floor":10,"turns":4},{"damage":8,"enemies":"Blue Slaver","floor":13,"turns":3},{"damage":10,"enemies":"Looter","floor":14,"turns":2},{"damage":4,"enemies":"The Guardian","floor":16,"turns":6},{"damage":21,"enemies":"Chosen","floor":18,"turns":4},{"damage":20,"enemies":"3 Byrds","floor":20,"turns":3},{"damage":44,"enemies":"Slavers","floor":24,"turns":4},{"damage":16,"enemies":"Centurion and Healer","floor":28,"turns":6},{"damage":21,"enemies":"Gremlin Leader","floor":29,"turns":3}],"seed_played":"142225876271616959","potions_obtained":[{"floor":1,"key":"Explosive Potion"},{"floor":5,"key":"PowerPotion"},{"floor":8,"key":"FocusPotion"},{"floor":13,"key":"Strength Potion"},{"floor":17,"key":"SpeedPotion"},{"floor":24,"key":"SpeedPotion"},{"floor":28,"key":"Explosive Potion"}],"is_trial":false,"path_per_floor":["M","?","$","M","M","M","M","M","T","M","$","R","M","M","R","B",null,"M","?","M","$","?","R","E","R","T","T","M","E"],"character_chosen":"DEFECT","items_purchased":["Static Discharge","Redo","Singing Bowl"],"campfire_rested":1,"item_purchase_floors":[11,11,21],"current_hp_per_floor":[78,78,78,77,77,77,74,61,61,31,31,31,23,13,13,9,87,66,66,46,46,46,46,2,28,28,28,14,0],"gold":167,"neow_bonus":"TEN_PERCENT_HP_BONUS","is_prod":false,"is_daily":false,"chose_seed":false,"campfire_upgraded":3,"win_rate":0,"timestamp":1562906740,"path_taken":["M","?","$","M","M","M","M","M","T","M","$","R","M","M","R","BOSS","M","?","M","$","?","R","E","R","T","?","M","E"],"build_version":"2019-07-05","purchased_purges":2,"victory":false,"max_hp_per_floor":[82,82,82,82,82,82,82,82,82,82,82,82,82,82,82,82,87,87,87,87,87,87,87,87,87,87,87,89,89],"card_choices":[{"not_picked":["White Noise","Turbo"],"picked":"Defragment","floor":1},{"not_picked":["Compile Driver","Conserve Battery","Barrage"],"picked":"SKIP","floor":4},{"not_picked":["Streamline","Aggregate"],"picked":"Sunder","floor":5},{"not_picked":["Stack","Sweeping Beam"],"picked":"Ball Lightning","floor":6},{"not_picked":["Undo","Beam Cell"],"picked":"Genetic Algorithm","floor":7},{"not_picked":["Genetic Algorithm","Doom and Gloom"],"picked":"Ball Lightning","floor":8},{"not_picked":["Coolheaded","Beam Cell","Glacier"],"picked":"SKIP","floor":10},{"not_picked":["Scrape","Leap"],"picked":"Defragment","floor":13},{"not_picked":["Cold Snap","Fission"],"picked":"Tempest","floor":14},{"not_picked":["Fission","Electrodynamics"],"picked":"Amplify","floor":16},{"not_picked":["Ball Lightning","Streamline"],"picked":"Melter","floor":17},{"not_picked":["Beam Cell+1","Cold Snap+1","Rebound"],"picked":"SKIP","floor":18},{"not_picked":["Go for the Eyes","Conserve Battery+1"],"picked":"Compile Driver+1","floor":20},{"not_picked":["Streamline","Doom and Gloom"],"picked":"BootSequence+1","floor":24},{"not_picked":["Beam Cell","Undo","Coolheaded"],"picked":"Singing Bowl","floor":28}],"player_experience":142040,"relics_obtained":[{"floor":9,"key":"Bottled Tornado"},{"floor":24,"key":"Gambling Chip"},{"floor":26,"key":"Dream Catcher"}],"event_choices":[{"damage_healed":0,"gold_gain":0,"player_choice":"Take Wound","damage_taken":0,"relics_obtained":["Golden Idol"],"max_hp_gain":0,"max_hp_loss":0,"event_name":"Golden Idol","floor":2,"gold_loss":0,"cards_obtained":["Injury"]},{"damage_healed":0,"gold_gain":99,"player_choice":"Stole From Cult","damage_taken":0,"max_hp_gain":0,"max_hp_loss":0,"event_name":"Nest","floor":19,"gold_loss":0},{"damage_healed":0,"gold_gain":0,"player_choice":"Inject Mutagens","damage_taken":0,"relics_obtained":["MutagenicStrength"],"max_hp_gain":0,"max_hp_loss":0,"event_name":"Drug Dealer","floor":22,"gold_loss":0}],"is_beta":false,"boss_relics":[{"not_picked":["Orrery","Velvet Choker"],"picked":"Tiny House"}],"items_purged_floors":[3,21],"is_endless":false,"potions_floor_spawned":[1,5,8,13,14,24,28],"killed_by":"Gremlin Leader","ascension_level":0}