{"gold_per_floor":[114,114,129,147,160,160,179,179,202,237,237,237,237],"floor_reached":13,"playtime":345,"items_purged":[],"score":98,"play_id":"93a1ce6c-fb43-48ba-96ed-72f374626831","local_time":"20190729162856","is_ascension_mode":true,"campfire_choices":[{"data":"Noxious Fumes","floor":6,"key":"SMITH"},{"data":"Noxious Fumes","floor":8,"key":"SMITH"},{"data":"PiercingWail","floor":11,"key":"SMITH"}],"neow_cost":"NONE","seed_source_timestamp":1548431442684664,"circlet_count":0,"master_deck":["Strike_G","Strike_G","Strike_G","Strike_G","Strike_G","Defend_G","Defend_G","Defend_G","Defend_G","Defend_G","Survivor","Neutralize","Flechettes","Noxious Fumes+1","Noxious Fumes+1","PiercingWail+1"],"relics":["Ring of the Snake","NeowsBlessing","Smiling Mask","Strawberry","Potion Belt"],"potions_floor_usage":[5,5,13],"damage_taken":[{"damage":0,"enemies":"Small Slimes","floor":1,"turns":1},{"damage":0,"enemies":"Cultist","floor":3,"turns":1},{"damage":0,"enemies":"2 Louse","floor":4,"turns":1},{"damage":18,"enemies":"Exordium Thugs","floor":5,"turns":4},{"damage":17,"enemies":"Lots of Slimes","floor":7,"turns":4},{"damage":19,"enemies":"3 Sentries","floor":10,"turns":6},{"damage":25,"enemies":"Gremlin Gang","floor":13,"turns":2}],"seed_played":"-6283821831406118671","potions_obtained":[{"floor":1,"key":"AttackPotion"},{"floor":4,"key":"Weak Potion"},{"floor":5,"key":"LiquidBronze"},{"floor":7,"key":"AttackPotion"}],"is_trial":false,"path_per_floor":["M","?","M","M","M","R","M","R","T","E","R","?","M"],"character_chosen":"THE_SILENT","items_purchased":[],"campfire_rested":0,"item_purchase_floors":[],"current_hp_per_floor":[70,70,70,70,52,52,35,35,35,23,23,23,0],"gold":237,"neow_bonus":"THREE_ENEMY_KILL","is_prod":false,"is_daily":false,"chose_seed":false,"campfire_upgraded":3,"win_rate":0,"timestamp":1564432136,"path_taken":["M","?","M","M","?","R","M","R","T","E","R","?","M"],"build_version":"2019-07-17","purchased_purges":0,"victory":false,"max_hp_per_floor":[70,70,70,70,70,70,70,70,70,77,77,77,77],"card_choices":[{"not_picked":["Cloak And Dagger","Deadly Poison"],"picked":"Terror","floor":1},{"not_picked":["Blur","Outmaneuver"],"picked":"Flechettes","floor":3},{"not_picked":["Distraction","Infinite Blades"],"picked":"Noxious Fumes","floor":4},{"not_picked":["Dagger Spray","Tactician"],"picked":"Noxious Fumes","floor":5},{"not_picked":["Backflip","Choke","Eviscerate"],"picked":"SKIP","floor":7},{"not_picked":["Endless Agony","Well Laid Plans"],"picked":"PiercingWail","floor":10}],"player_experience":205446,"relics_obtained":[{"floor":9,"key":"Smiling Mask"},{"floor":10,"key":"Strawberry"}],"event_choices":[{"cards_removed":["Terror"],"damage_healed":0,"gold_gain":0,"player_choice":"Offered Uncommon","damage_taken":0,"max_hp_gain":0,"max_hp_loss":0,"event_name":"Bonfire Elementals","floor":2,"gold_loss":0},{"damage_healed":0,"gold_gain":0,"player_choice":"Gave Potion","damage_taken":0,"relics_obtained":["Potion Belt"],"max_hp_gain":0,"max_hp_loss":0,"event_name":"WeMeetAgain","floor":12,"gold_loss":0}],"is_beta":false,"boss_relics":[],"items_purged_floors":[],"is_endless":false,"potions_floor_spawned":[1,4,5,7],"killed_by":"Gremlin Gang","ascension_level":3}