{"gold_per_floor":[115,127,52,52,52,52,66,109,133,151,176,141,141,86,86,184,184,204,204,222,222,222],"floor_reached":22,"playtime":675,"items_purged":["Strike_B"],"score":368,"play_id":"ab950822-4ba2-468a-bfc0-df6284407fe6","local_time":"20190305215605","is_ascension_mode":true,"campfire_choices":[{"data":"Zap","floor":6.0,"key":"SMITH"},{"data":"Dualcast","floor":13.0,"key":"SMITH"},{"data":"Steam","floor":15.0,"key":"SMITH"}],"neow_cost":"NONE","seed_source_timestamp":73747213586420,"circlet_count":0,"master_deck":["AscendersBane","Strike_B+1","Strike_B+1","Defend_B","Defend_B","Defend_B","Defend_B","Zap+1","Dualcast+1","Electrodynamics","Conserve Battery","Compile Driver","Steam+1","Ball Lightning","Coolheaded","Capacitor"],"special_seed":0,"relics":["Cracked Core","Bloody Idol","Juzu Bracelet","Whetstone","Eternal Feather"],"potions_floor_usage":[22],"damage_taken":[{"damage":2.0,"enemies":"Jaw Worm","floor":1.0,"turns":3.0},{"damage":0.0,"enemies":"Small Slimes","floor":2.0,"turns":2.0},{"damage":0.0,"enemies":"2 Louse","floor":7.0,"turns":1.0},{"damage":37.0,"enemies":"Gremlin Nob","floor":8.0,"turns":4.0},{"damage":1.0,"enemies":"2 Fungi Beasts","floor":10.0,"turns":2.0},{"damage":6.0,"enemies":"Exordium Thugs","floor":11.0,"turns":3.0},{"damage":17.0,"enemies":"The Guardian","floor":16.0,"turns":12.0},{"damage":17,"enemies":"Chosen","floor":18,"turns":5},{"damage":14,"enemies":"2 Thieves","floor":20,"turns":3},{"damage":37,"enemies":"Chosen and Byrds","floor":22,"turns":3}],"seed_played":"-3321172860775721238","potions_obtained":[{"floor":8.0,"key":"Fire Potion"},{"floor":10.0,"key":"AttackPotion"},{"floor":11.0,"key":"SkillPotion"},{"floor":16.0,"key":"Fire Potion"}],"is_trial":false,"path_per_floor":["M","M","$","?","?","R","M","E","T","M","M","?","R","$","R","B",null,"M","?","M","?","M"],"character_chosen":"DEFECT","items_purchased":["Ball Lightning"],"campfire_rested":0,"item_purchase_floors":[14],"current_hp_per_floor":[62,62,62,55,55,55,55,18,18,17,11,27,27,27,27,10,51,34,34,20,20,0],"gold":222,"neow_bonus":"ONE_RANDOM_RARE_CARD","is_prod":false,"is_daily":false,"chose_seed":false,"campfire_upgraded":3,"win_rate":0,"timestamp":1551819365,"path_taken":["M","M","$","?","?","R","M","E","T","M","M","?","R","$","R","BOSS","M","?","M","?","M"],"build_version":"2019-01-23","purchased_purges":1,"victory":false,"max_hp_per_floor":[71,71,71,71,64,64,64,64,64,64,64,64,64,64,64,64,64,64,64,64,64,64],"card_choices":[{"not_picked":["Leap","Gash","Go for the Eyes"],"picked":"SKIP","floor":1.0},{"not_picked":["Sweeping Beam","Darkness","Aggregate"],"picked":"SKIP","floor":2.0},{"not_picked":["Sweeping Beam","Darkness","Aggregate"],"picked":"SKIP","floor":2.0},{"not_picked":["Heatsinks","Beam Cell"],"picked":"Conserve Battery","floor":7.0},{"not_picked":["Turbo","Genetic Algorithm"],"picked":"Compile Driver","floor":8.0},{"not_picked":["Darkness","Chaos","Gash"],"picked":"SKIP","floor":10.0},{"not_picked":["Cold Snap","Stack"],"picked":"Steam","floor":11.0},{"not_picked":["Compile Driver","Beam Cell","Conserve Battery"],"picked":"SKIP","floor":18},{"not_picked":["Reprogram","Beam Cell"],"picked":"Capacitor","floor":20}],"player_experience":941174,"relics_obtained":[{"floor":8.0,"key":"Juzu Bracelet"},{"floor":9.0,"key":"Whetstone"}],"event_choices":[{"cards_removed":["Strike_B"],"damage_healed":0.0,"max_hp_gain":0.0,"max_hp_loss":0.0,"gold_gain":0.0,"event_name":"Golden Wing","player_choice":"Card Removal","floor":4.0,"gold_loss":0.0,"damage_taken":7.0},{"damage_healed":0.0,"max_hp_gain":0.0,"max_hp_loss":7.0,"gold_gain":0.0,"event_name":"Golden Idol","player_choice":"Lose Max HP","floor":5.0,"gold_loss":0.0,"damage_taken":0.0,"relics_obtained":["Golden Idol"]},{"damage_healed":16.0,"max_hp_gain":0.0,"max_hp_loss":0.0,"gold_gain":0.0,"event_name":"The Cleric","player_choice":"Healed","floor":12.0,"gold_loss":35.0,"damage_taken":0.0},{"damage_healed":0,"gold_gain":0,"player_choice":"Read","damage_taken":0,"max_hp_gain":0,"max_hp_loss":0,"event_name":"The Library","floor":19,"gold_loss":0,"cards_obtained":["Coolheaded"]},{"damage_healed":0,"gold_gain":0,"player_choice":"Gave Idol","damage_taken":0,"relics_obtained":["Bloody Idol"],"max_hp_gain":0,"max_hp_loss":0,"event_name":"Forgotten Altar","floor":21,"relics_lost":["Golden Idol"],"gold_loss":0}],"is_beta":false,"boss_relics":[{"not_picked":["Calling Bell","Orrery"],"picked":"Eternal Feather"}],"items_purged_floors":[3],"is_endless":false,"potions_floor_spawned":[8,10,11,16],"killed_by":"Chosen and Byrds","ascension_level":20}