{"gold_per_floor":[113,29,42,52,24,24,16,16,40,68,97,127,139,167,179,191],"floor_reached":16,"playtime":575,"items_purged":[],"score":192,"play_id":"bb0bb8b6-e9c0-4e99-acb5-dbfe229762c8","local_time":"20190228213235","is_ascension_mode":true,"campfire_choices":[{"data":"Neutralize","floor":6,"key":"SMITH"},{"data":"Noxious Fumes","floor":8,"key":"SMITH"},{"data":"Acrobatics","floor":13,"key":"SMITH"},{"data":"Deflect","floor":15,"key":"SMITH"}],"neow_cost":"NONE","seed_source_timestamp":48405825908844,"circlet_count":0,"master_deck":["AscendersBane","Defend_G","Defend_G","Defend_G","Defend_G","Defend_G","Strike_G","Strike_G","Strike_G","Strike_G","Strike_G","Survivor","Neutralize+1","Deflect","Noxious Fumes+1","Infinite Blades","Acrobatics+1","Slice","Deflect+1","Noxious Fumes","Backflip"],"relics":["Philosopher\u0027s Stone","MawBank"],"potions_floor_usage":[16],"damage_taken":[{"damage":0,"enemies":"2 Louse","floor":1,"turns":4},{"damage":11,"enemies":"Small Slimes","floor":3,"turns":4},{"damage":2,"enemies":"Cultist","floor":4,"turns":4},{"damage":16,"enemies":"Exordium Thugs","floor":7,"turns":5},{"damage":2,"enemies":"Blue Slaver","floor":10,"turns":4},{"damage":2,"enemies":"3 Louse","floor":11,"turns":4},{"damage":4,"enemies":"Looter","floor":12,"turns":4},{"damage":0,"enemies":"2 Fungi Beasts","floor":14,"turns":4},{"damage":25,"enemies":"Hexaghost","floor":16,"turns":10}],"seed_played":"-8383344885214920600","potions_obtained":[{"floor":3,"key":"Poison Potion"},{"floor":4,"key":"Energy Potion"},{"floor":10,"key":"Weak Potion"},{"floor":12,"key":"EssenceOfSteel"}],"is_trial":false,"path_per_floor":["M","$","M","M","$","R","M","R","T","M","M","M","R","M","R","B"],"character_chosen":"THE_SILENT","items_purchased":["Noxious Fumes","Acrobatics"],"campfire_rested":0,"item_purchase_floors":[2,5],"current_hp_per_floor":[59,59,48,46,46,46,30,30,30,28,26,22,22,22,22,0],"gold":191,"neow_bonus":"BOSS_RELIC","is_prod":false,"is_daily":false,"chose_seed":false,"campfire_upgraded":4,"win_rate":0,"timestamp":1551385955,"path_taken":["M","$","M","M","$","R","M","R","T","M","M","M","R","M","R","BOSS"],"build_version":"2019-01-23","purchased_purges":0,"victory":false,"max_hp_per_floor":[66,66,66,66,66,66,66,66,66,66,66,66,66,66,66,66],"card_choices":[{"not_picked":["Slice","Riddle With Holes"],"picked":"Deflect","floor":1},{"not_picked":["Setup","Tactician"],"picked":"Infinite Blades","floor":3},{"not_picked":["Poisoned Stab","Predator","Caltrops"],"picked":"SKIP","floor":4},{"not_picked":["Dodge and Roll","Dagger Throw"],"picked":"Slice","floor":7},{"not_picked":["Bane","Dagger Throw"],"picked":"Deflect","floor":10},{"not_picked":["Reflex","Flechettes","Terror"],"picked":"SKIP","floor":11},{"not_picked":["PiercingWail","Distraction"],"picked":"Noxious Fumes","floor":12},{"not_picked":["Cloak And Dagger","Underhanded Strike"],"picked":"Backflip","floor":14}],"player_experience":918017,"relics_obtained":[{"floor":9,"key":"MawBank"}],"event_choices":[],"is_beta":false,"boss_relics":[],"items_purged_floors":[],"is_endless":false,"potions_floor_spawned":[3,4,10,12],"killed_by":"Hexaghost","ascension_level":20}