{"gold_per_floor":[117,117,128,25,35,35,69,69,96,134,59,59,59,137,137,137],"floor_reached":16,"playtime":358,"items_purged":["Strike_R"],"score":212,"play_id":"76b2cac6-4571-45c4-b0b7-a61449426aa4","local_time":"20190308213320","is_ascension_mode":true,"campfire_choices":[{"data":"Bash","floor":6.0,"key":"SMITH"},{"data":"Metallicize","floor":12.0,"key":"SMITH"},{"data":"Iron Wave","floor":15.0,"key":"SMITH"}],"neow_cost":"TEN_PERCENT_HP_LOSS","seed_source_timestamp":11908286019107,"circlet_count":0,"master_deck":["AscendersBane","Strike_R","Strike_R","Strike_R","Strike_R","Defend_R","Defend_R","Defend_R","Defend_R","Bash+1","Cleave","Iron Wave+1","Metallicize+1","Thunderclap"],"special_seed":0,"relics":["Burning Blood","Mango","Blood Vial","Golden Idol","Omamori","Potion Belt","Singing Bowl"],"potions_floor_usage":[],"damage_taken":[{"damage":10.0,"enemies":"Small Slimes","floor":1.0,"turns":4.0},{"damage":1.0,"enemies":"Cultist","floor":3.0,"turns":3.0},{"damage":1.0,"enemies":"2 Louse","floor":5.0,"turns":2.0},{"damage":27.0,"enemies":"Gremlin Nob","floor":7.0,"turns":4.0},{"damage":39.0,"enemies":"Lagavulin","floor":10.0,"turns":6.0},{"damage":39,"enemies":"The Guardian","floor":16,"turns":5}],"seed_played":"8828152888543210337","potions_obtained":[{"floor":7.0,"key":"SkillPotion"}],"is_trial":false,"path_per_floor":["M","?","M","$","M","R","E","?","T","E","$","R","$","T","R","B"],"character_chosen":"IRONCLAD","items_purchased":["Metallicize","Thunderclap"],"campfire_rested":0,"item_purchase_floors":[4,4],"current_hp_per_floor":[78,78,82,82,82,82,61,61,61,30,30,30,30,30,30,0],"gold":137,"neow_bonus":"ONE_RARE_RELIC","is_prod":false,"is_daily":false,"chose_seed":false,"campfire_upgraded":3,"win_rate":0,"timestamp":1552077200,"path_taken":["M","?","?","$","M","R","E","?","T","E","$","R","$","?","R","BOSS"],"build_version":"2019-01-23","purchased_purges":1,"victory":false,"max_hp_per_floor":[82,82,82,82,82,82,82,74,74,74,74,74,74,74,74,74],"card_choices":[{"not_picked":["Heavy Blade","Corruption"],"picked":"Cleave","floor":1.0},{"not_picked":["Clothesline","Rupture"],"picked":"Iron Wave","floor":3.0},{"not_picked":["Perfected Strike","Havoc","Sever Soul"],"picked":"SKIP","floor":5.0},{"not_picked":["Anger","Entrench","Thunderclap"],"picked":"SKIP","floor":7.0},{"not_picked":["Corruption","Bludgeon","Headbutt"],"picked":"SKIP","floor":10.0}],"player_experience":958548,"relics_obtained":[{"floor":7.0,"key":"Blood Vial"},{"floor":9.0,"key":"Omamori"},{"floor":10.0,"key":"Potion Belt"},{"floor":14.0,"key":"Singing Bowl"}],"event_choices":[{"damage_healed":0.0,"max_hp_gain":0.0,"max_hp_loss":0.0,"gold_gain":0.0,"event_name":"Match and Keep!","player_choice":"0 cards matched","floor":2.0,"gold_loss":0.0,"damage_taken":0.0,"cards_obtained":[]},{"damage_healed":0.0,"max_hp_gain":0.0,"max_hp_loss":8.0,"gold_gain":0.0,"event_name":"Golden Idol","player_choice":"Lose Max HP","floor":8.0,"gold_loss":0.0,"damage_taken":0.0,"relics_obtained":["Golden Idol"]}],"is_beta":false,"boss_relics":[],"items_purged_floors":[11],"is_endless":false,"potions_floor_spawned":[7],"killed_by":"The Guardian","ascension_level":20}