{"gold_per_floor":[117,117,130,143,160,160,192,192,241,241,271,301,301],"floor_reached":13,"playtime":374,"items_purged":[],"score":166,"play_id":"6ca4c6db-927b-4bef-8825-de5fc561aad4","local_time":"20190303164230","is_ascension_mode":true,"campfire_choices":[{"data":"Zap","floor":6.0,"key":"SMITH"},{"data":"Redo","floor":8.0,"key":"SMITH"},{"data":"Dualcast","floor":10.0,"key":"SMITH"}],"neow_cost":"NONE","seed_source_timestamp":197677445473106,"circlet_count":0,"master_deck":["AscendersBane","Strike_B","Strike_B","Strike_B","Defend_B","Defend_B","Defend_B","Defend_B","Zap+1","Dualcast+1","Capacitor","Self Repair","Chill","BootSequence","Redo+1","All For One"],"special_seed":0,"relics":["Cracked Core","Dodecahedron","Boot","Tiny Chest"],"potions_floor_usage":[],"damage_taken":[{"damage":4.0,"enemies":"Small Slimes","floor":1.0,"turns":4.0},{"damage":0.0,"enemies":"2 Louse","floor":3.0,"turns":3.0},{"damage":5.0,"enemies":"Jaw Worm","floor":4.0,"turns":4.0},{"damage":5.0,"enemies":"Looter","floor":5.0,"turns":3.0},{"damage":45.0,"enemies":"Lagavulin","floor":7.0,"turns":8.0},{"damage":15,"enemies":"3 Sentries","floor":13,"turns":2}],"seed_played":"-3558269216872928071","potions_obtained":[{"floor":1.0,"key":"Energy Potion"},{"floor":4.0,"key":"Fire Potion"},{"floor":7.0,"key":"FearPotion"}],"is_trial":false,"path_per_floor":["M","?","M","M","M","R","E","R","T","R","?","?","E"],"character_chosen":"DEFECT","items_purchased":[],"campfire_rested":0,"item_purchase_floors":[],"current_hp_per_floor":[60,60,67,69,71,71,33,33,33,33,33,15,0],"gold":301,"neow_bonus":"TRANSFORM_CARD","is_prod":false,"is_daily":false,"chose_seed":false,"campfire_upgraded":3,"win_rate":0,"timestamp":1551627750,"path_taken":["M","?","M","M","M","R","E","R","T","R","?","?","E"],"build_version":"2019-01-23","purchased_purges":0,"victory":false,"max_hp_per_floor":[71,71,71,71,71,71,71,71,71,71,71,71,71],"card_choices":[{"not_picked":["FTL","Redo"],"picked":"Self Repair","floor":1.0},{"not_picked":["Reprogram","Streamline"],"picked":"Chill","floor":3.0},{"not_picked":["Turbo","Gash"],"picked":"BootSequence","floor":4.0},{"not_picked":["Leap","Cold Snap"],"picked":"Redo","floor":5.0},{"not_picked":["Streamline","All For One","Gash"],"picked":"SKIP","floor":7.0},{"not_picked":["Streamline","All For One","Gash"],"picked":"SKIP","floor":7.0},{"not_picked":["Streamline","Gash"],"picked":"All For One","floor":7.0}],"player_experience":932407,"relics_obtained":[{"floor":7.0,"key":"Dodecahedron"},{"floor":9.0,"key":"Boot"}],"event_choices":[{"damage_healed":0.0,"max_hp_gain":0.0,"max_hp_loss":0.0,"gold_gain":0.0,"event_name":"Liars Game","player_choice":"Ignored","floor":2.0,"gold_loss":0.0,"damage_taken":0.0},{"damage_healed":0,"gold_gain":30,"player_choice":"Searched \u00271\u0027 times","damage_taken":0,"max_hp_gain":0,"max_hp_loss":0,"event_name":"Dead Adventurer","floor":11,"gold_loss":0},{"damage_healed":0,"gold_gain":0,"player_choice":"Success","damage_taken":18,"relics_obtained":["Tiny Chest"],"max_hp_gain":0,"max_hp_loss":0,"event_name":"Scrap Ooze","floor":12,"gold_loss":0}],"is_beta":false,"boss_relics":[],"items_purged_floors":[],"is_endless":false,"potions_floor_spawned":[1,4,7],"killed_by":"3 Sentries","ascension_level":20}