{"gold_per_floor":[117,42,42,42,58,58,91,91,114,139,156,171,182,196,196,196],"floor_reached":16,"playtime":376,"items_purged":[],"score":249,"play_id":"b9fdbbfe-1d80-4b72-90f8-027132a007da","local_time":"20190714143107","is_ascension_mode":true,"campfire_choices":[{"data":"Chaos","floor":6.0,"key":"SMITH"},{"data":"Streamline","floor":8.0,"key":"SMITH"},{"data":"Beam Cell","floor":15,"key":"SMITH"}],"neow_cost":"PERCENT_DAMAGE","seed_source_timestamp":476013933308140,"circlet_count":0,"master_deck":["AscendersBane","Strike_B","Strike_B","Strike_B","Defend_B","Defend_B","Defend_B","Zap","Dualcast","Chaos+1","Streamline+1","Ball Lightning","Glacier","Sweeping Beam","Capacitor","Redo","Beam Cell+1"],"special_seed":0,"relics":["Cracked Core","Kunai","Art of War","Pear"],"potions_floor_usage":[],"damage_taken":[{"damage":2.0,"enemies":"2 Louse","floor":1.0,"turns":2.0},{"damage":0.0,"enemies":"Small Slimes","floor":5.0,"turns":2.0},{"damage":28.0,"enemies":"Gremlin Nob","floor":7.0,"turns":4.0},{"damage":30.0,"enemies":"Lagavulin","floor":10.0,"turns":4.0},{"damage":0,"enemies":"Cultist","floor":11,"turns":2},{"damage":0,"enemies":"Looter","floor":12,"turns":3},{"damage":6,"enemies":"Exordium Wildlife","floor":13,"turns":2},{"damage":6,"enemies":"Blue Slaver","floor":14,"turns":3},{"damage":26,"enemies":"Hexaghost","floor":16,"turns":7}],"seed_played":"-146243089554508332","potions_obtained":[{"floor":1.0,"key":"Fire Potion"},{"floor":5.0,"key":"Block Potion"},{"floor":13,"key":"Strength Potion"}],"is_trial":false,"path_per_floor":["M","?","?","?","M","R","E","R","T","E","M","M","M","M","R","B"],"character_chosen":"DEFECT","items_purchased":[],"campfire_rested":0,"item_purchase_floors":[],"current_hp_per_floor":[58,58,58,85,85,85,57,57,57,37,37,37,31,25,25,0],"gold":196,"neow_bonus":"TWENTY_PERCENT_HP_BONUS","is_prod":false,"is_daily":false,"chose_seed":false,"campfire_upgraded":3,"win_rate":0,"timestamp":1563082267,"path_taken":["M","?","?","?","M","R","E","R","T","E","M","M","M","M","R","BOSS"],"build_version":"2019-07-05","purchased_purges":0,"victory":false,"max_hp_per_floor":[85,85,85,85,85,85,85,85,85,95,95,95,95,95,95,95],"card_choices":[{"not_picked":["Rebound","Turbo"],"picked":"Chaos","floor":1.0},{"not_picked":["Blizzard","Seek"],"picked":"Streamline","floor":5.0},{"not_picked":["Turbo","Lockon"],"picked":"Ball Lightning","floor":7.0},{"not_picked":["Conserve Battery","Blizzard"],"picked":"Glacier","floor":10.0},{"not_picked":["Cold Snap","Tempest"],"picked":"Sweeping Beam","floor":11},{"not_picked":["Chill","Redo"],"picked":"Capacitor","floor":12},{"not_picked":["Tempest","Go for the Eyes"],"picked":"Redo","floor":13},{"not_picked":["FTL","Blizzard"],"picked":"Beam Cell","floor":14}],"player_experience":987585,"relics_obtained":[{"floor":7.0,"key":"Kunai"},{"floor":9.0,"key":"Art of War"},{"floor":10.0,"key":"Pear"}],"event_choices":[{"cards_removed":["Strike_B"],"damage_healed":0.0,"max_hp_gain":0.0,"max_hp_loss":0.0,"gold_gain":0.0,"event_name":"The Cleric","player_choice":"Card Removal","floor":2.0,"gold_loss":75.0,"damage_taken":0.0},{"cards_removed":["Defend_B"],"damage_healed":0.0,"max_hp_gain":0.0,"max_hp_loss":0.0,"gold_gain":0.0,"event_name":"Living Wall","player_choice":"Forget","floor":3.0,"gold_loss":0.0,"damage_taken":0.0},{"damage_healed":28.0,"max_hp_gain":0.0,"max_hp_loss":0.0,"gold_gain":0.0,"event_name":"Big Fish","player_choice":"Banana","floor":4.0,"gold_loss":0.0,"damage_taken":0.0}],"is_beta":false,"boss_relics":[],"items_purged_floors":[],"is_endless":false,"potions_floor_spawned":[1,5,13,14],"killed_by":"Hexaghost","ascension_level":20}