{"gold_per_floor":[117,3,3,3,3,3,13,30,30,30,41,41,91,121,121,198,198,218,238,75,75,75,89,109,121,175,195,195,228,228,78,78,78],"floor_reached":33,"playtime":1255,"items_purged":["Strike_B","Decay"],"score":530,"play_id":"b98db354-0575-423e-87ea-84ef5c5d2f9b","local_time":"20190223220848","is_ascension_mode":true,"campfire_choices":[{"data":"Dualcast","floor":6.0,"key":"SMITH"},{"data":"FTL","floor":10.0,"key":"SMITH"},{"data":"Self Repair","floor":12.0,"key":"SMITH"},{"data":"Conserve Battery","floor":15.0,"key":"SMITH"},{"data":"Static Discharge","floor":28,"key":"SMITH"},{"data":"Coolheaded","floor":30,"key":"SMITH"},{"data":"Coolheaded","floor":32,"key":"SMITH"}],"neow_cost":"NONE","seed_source_timestamp":1419207131873377,"circlet_count":0,"master_deck":["AscendersBane","Strike_B","Strike_B","Strike_B","Defend_B","Defend_B","Defend_B","Defend_B","Zap+1","Dualcast+1","Compile Driver","Self Repair+1","FTL+1","Ball Lightning","Conserve Battery+1","Glacier","Compile Driver","Machine Learning","Loop","Static Discharge+1","Chill+1","Heatsinks","Coolheaded+1","Writhe","Fusion+1","Coolheaded+1"],"special_seed":0,"relics":["Cracked Core","StoneCalendar","Lantern","Boot","Cursed Key","Orichalcum","PreservedInsect"],"potions_floor_usage":[25,25],"damage_taken":[{"damage":1.0,"enemies":"Cultist","floor":1.0,"turns":3.0},{"damage":7.0,"enemies":"Jaw Worm","floor":7.0,"turns":3.0},{"damage":3.0,"enemies":"2 Louse","floor":8.0,"turns":2.0},{"damage":15.0,"enemies":"Gremlin Gang","floor":11.0,"turns":3.0},{"damage":12.0,"enemies":"Lagavulin","floor":14.0,"turns":6.0},{"damage":35.0,"enemies":"Slime Boss","floor":16.0,"turns":7.0},{"damage":0.0,"enemies":"Spheric Guardian","floor":18.0,"turns":3.0},{"damage":7.0,"enemies":"Chosen","floor":19.0,"turns":5.0},{"damage":24.0,"enemies":"Sentry and Sphere","floor":23.0,"turns":5.0},{"damage":10.0,"enemies":"Snecko","floor":24.0,"turns":5.0},{"damage":12,"enemies":"3 Cultists","floor":25,"turns":5},{"damage":12,"enemies":"Snake Plant","floor":27,"turns":4},{"damage":32,"enemies":"Gremlin Leader","floor":29,"turns":7},{"damage":31,"enemies":"Collector","floor":33,"turns":3}],"seed_played":"-5343155498620683331","potions_obtained":[{"floor":8.0,"key":"SkillPotion"},{"floor":14.0,"key":"Fire Potion"},{"floor":16.0,"key":"Block Potion"},{"floor":23.0,"key":"PowerPotion"},{"floor":24.0,"key":"PowerPotion"},{"floor":29,"key":"Fire Potion"}],"is_trial":false,"path_per_floor":["M","$","?","?","?","R","M","M","T","R","M","R","?","E","R","B",null,"M","M","$","?","$","M","M","M","T","M","R","E","R","$","R","B"],"character_chosen":"DEFECT","items_purchased":["Self Repair","FTL","Static Discharge","Coolheaded"],"campfire_rested":0,"item_purchase_floors":[2,2,20,31],"current_hp_per_floor":[63,63,58,58,71,71,71,68,68,68,60,60,60,58,58,33,62,71,71,71,71,71,57,57,55,55,53,53,31,31,31,31,0],"gold":78,"neow_bonus":"UPGRADE_CARD","is_prod":false,"is_daily":false,"chose_seed":false,"campfire_upgraded":7,"win_rate":0,"timestamp":1550956128,"path_taken":["M","$","?","?","?","R","M","M","T","R","M","R","?","E","R","BOSS","M","?","$","?","$","M","?","M","T","M","R","E","R","$","R","BOSS"],"build_version":"2019-01-23","purchased_purges":2,"victory":false,"max_hp_per_floor":[71,71,71,71,71,71,71,71,71,71,71,71,71,71,71,71,71,71,71,71,71,71,71,71,71,71,71,71,71,71,71,71,71],"card_choices":[{"not_picked":["Streamline","Redo"],"picked":"Compile Driver","floor":1.0},{"not_picked":["Beam Cell","Aggregate"],"picked":"Ball Lightning","floor":7.0},{"not_picked":["Ball Lightning","Cold Snap"],"picked":"Conserve Battery","floor":8.0},{"not_picked":["Cold Snap","Skim"],"picked":"Glacier","floor":11.0},{"not_picked":["Meteor Strike","BootSequence"],"picked":"Compile Driver","floor":14.0},{"not_picked":["Meteor Strike","Creative AI"],"picked":"Machine Learning","floor":16.0},{"not_picked":["Leap","Cold Snap+1"],"picked":"Loop","floor":18.0},{"not_picked":["Sweeping Beam","Rebound","Hologram"],"picked":"SKIP","floor":19.0},{"not_picked":["Hologram","Rebound"],"picked":"Chill+1","floor":23.0},{"not_picked":["Conserve Battery","Heatsinks","Lockon"],"picked":"SKIP","floor":24.0},{"not_picked":["Conserve Battery","Lockon"],"picked":"Heatsinks","floor":24.0},{"not_picked":["Sweeping Beam","Streamline"],"picked":"Coolheaded","floor":25},{"not_picked":["Hologram+1","Heatsinks","Turbo"],"picked":"SKIP","floor":27},{"not_picked":["Blizzard","BootSequence"],"picked":"Fusion+1","floor":29}],"player_experience":881395,"relics_obtained":[{"floor":9.0,"key":"Lantern"},{"floor":14.0,"key":"Boot"},{"floor":26,"key":"Orichalcum"},{"floor":29,"key":"PreservedInsect"}],"event_choices":[{"damage_healed":0.0,"max_hp_gain":0.0,"max_hp_loss":0.0,"gold_gain":0.0,"event_name":"Scrap Ooze","player_choice":"Success","floor":3.0,"gold_loss":0.0,"damage_taken":5.0,"relics_obtained":["StoneCalendar"]},{"damage_healed":0.0,"max_hp_gain":0.0,"max_hp_loss":0.0,"gold_gain":0.0,"event_name":"Shining Light","player_choice":"Ignored","floor":4.0,"gold_loss":0.0,"damage_taken":0.0},{"damage_healed":23.0,"max_hp_gain":0.0,"max_hp_loss":0.0,"gold_gain":0.0,"event_name":"Big Fish","player_choice":"Banana","floor":5.0,"gold_loss":0.0,"damage_taken":0.0},{"damage_healed":0.0,"max_hp_gain":0.0,"max_hp_loss":0.0,"gold_gain":50.0,"event_name":"Golden Shrine","player_choice":"Pray","floor":13.0,"gold_loss":0.0,"damage_taken":0.0},{"damage_healed":0.0,"max_hp_gain":0.0,"max_hp_loss":0.0,"gold_gain":0.0,"event_name":"Wheel of Change","player_choice":"Cursed","floor":21.0,"gold_loss":0.0,"damage_taken":0.0,"cards_obtained":["Decay"]}],"is_beta":false,"boss_relics":[{"not_picked":["Fusion Hammer","Busted Crown"],"picked":"Cursed Key"}],"items_purged_floors":[20,31],"is_endless":false,"potions_floor_spawned":[8,14,16,23,24,29],"killed_by":"Collector","ascension_level":20}