{"gold_per_floor":[367,367,380,398,59,88,88,113,191,224,224,243,275,275,275,275],"floor_reached":16,"playtime":663,"items_purged":[],"score":141,"play_id":"eed1819a-1c66-4c12-831f-ccb0ec75b67e","local_time":"20190630211912","is_ascension_mode":true,"campfire_choices":[{"data":"Apotheosis","floor":7,"key":"SMITH"},{"data":"Limit Break","floor":15,"key":"SMITH"}],"neow_cost":"CURSE","seed_source_timestamp":1482579243184974,"circlet_count":0,"master_deck":["Strike_R","Strike_R","Strike_R","Strike_R","Strike_R","Defend_R","Defend_R","Defend_R","Defend_R","Bash","Shame","Dual Wield","Combust","Apotheosis+1","Seeing Red","Carnage","Limit Break+1","Bludgeon","Injury"],"relics":["Burning Blood","Bag of Marbles","Dead Branch","Anchor","Question Card","Vajra","Smiling Mask","Golden Idol"],"potions_floor_usage":[10,10,16,16],"damage_taken":[{"damage":9,"enemies":"2 Louse","floor":1,"turns":3},{"damage":1,"enemies":"Cultist","floor":3,"turns":3},{"damage":14,"enemies":"Jaw Worm","floor":4,"turns":5},{"damage":13,"enemies":"Gremlin Nob","floor":6,"turns":4},{"damage":24,"enemies":"3 Sentries","floor":8,"turns":5},{"damage":21,"enemies":"Lagavulin","floor":10,"turns":5},{"damage":1,"enemies":"Looter","floor":12,"turns":2},{"damage":26,"enemies":"Gremlin Nob","floor":13,"turns":4},{"damage":37,"enemies":"The Guardian","floor":16,"turns":6}],"seed_played":"7086265185100617983","potions_obtained":[{"floor":2,"key":"SpeedPotion"},{"floor":2,"key":"FearPotion"},{"floor":2,"key":"PowerPotion"},{"floor":3,"key":"Regen Potion"},{"floor":12,"key":"EssenceOfSteel"},{"floor":13,"key":"Strength Potion"}],"is_trial":false,"path_per_floor":["M","?","M","M","$","E","R","E","T","E","?","M","E","?","R","B"],"character_chosen":"IRONCLAD","items_purchased":["Apotheosis","Bag of Marbles"],"campfire_rested":0,"item_purchase_floors":[5,5],"current_hp_per_floor":[77,77,80,72,72,65,65,47,47,47,52,57,37,37,37,0],"gold":275,"neow_bonus":"TWO_FIFTY_GOLD","is_prod":false,"is_daily":false,"chose_seed":false,"campfire_upgraded":2,"win_rate":0,"timestamp":1561943952,"path_taken":["M","?","?","M","$","E","R","E","T","E","?","M","E","?","R","BOSS"],"build_version":"2019-01-23","purchased_purges":0,"victory":false,"max_hp_per_floor":[80,80,80,80,80,80,80,80,80,80,85,85,85,85,85,85],"card_choices":[{"not_picked":["Uppercut","Shrug It Off"],"picked":"Dual Wield","floor":1},{"not_picked":["Sentinel","Armaments","Intimidate"],"picked":"SKIP","floor":3},{"not_picked":["Perfected Strike","Whirlwind"],"picked":"Combust","floor":4},{"not_picked":["Body Slam","Rupture"],"picked":"Seeing Red","floor":6},{"not_picked":["Sword Boomerang","Wild Strike","Feel No Pain"],"picked":"SKIP","floor":8},{"not_picked":["Warcry","Twin Strike","Clothesline"],"picked":"Carnage","floor":10},{"not_picked":["Hemokinesis","Iron Wave","Twin Strike"],"picked":"Limit Break","floor":12},{"not_picked":["Armaments","Second Wind","Havoc"],"picked":"Bludgeon","floor":13}],"player_experience":87697,"relics_obtained":[{"floor":6,"key":"Dead Branch"},{"floor":8,"key":"Anchor"},{"floor":9,"key":"Question Card"},{"floor":10,"key":"Vajra"},{"floor":13,"key":"Smiling Mask"}],"event_choices":[{"damage_healed":0,"gold_gain":0,"player_choice":"Got Potions","damage_taken":0,"max_hp_gain":0,"max_hp_loss":0,"event_name":"Lab","floor":2,"gold_loss":0},{"damage_healed":0,"gold_gain":0,"player_choice":"Donut","damage_taken":0,"max_hp_gain":5,"max_hp_loss":0,"event_name":"Big Fish","floor":11,"gold_loss":0},{"damage_healed":0,"gold_gain":0,"player_choice":"Take Wound","damage_taken":0,"relics_obtained":["Golden Idol"],"max_hp_gain":0,"max_hp_loss":0,"event_name":"Golden Idol","floor":14,"gold_loss":0,"cards_obtained":["Injury"]}],"is_beta":false,"boss_relics":[],"items_purged_floors":[],"is_endless":false,"potions_floor_spawned":[3,8,12,13],"killed_by":"The Guardian","ascension_level":2}