{"gold_per_floor":[111,36,36,111,82,82,82,102,102,102,102,146,160,160,160,250,250,268,286,49,49,49,49,49,49,49,67,67,67,87,111,111,111],"floor_reached":33,"playtime":1119,"items_purged":["Strike_B"],"score":532,"play_id":"57be0582-08d4-4c39-b03e-b69e5e83dc9e","local_time":"20190303163531","is_ascension_mode":true,"campfire_choices":[{"data":"Zap","floor":6,"key":"SMITH"},{"data":"Consume","floor":10,"key":"SMITH"},{"data":"Redo","floor":15,"key":"SMITH"},{"floor":23,"key":"REST"},{"data":"Seek","floor":25,"key":"SMITH"},{"floor":28,"key":"REST"},{"data":"Conserve Battery","floor":32,"key":"SMITH"}],"neow_cost":"NONE","seed_source_timestamp":196529414792010,"circlet_count":0,"master_deck":["AscendersBane","Strike_B","Strike_B","Defend_B","Defend_B","Defend_B","Defend_B","Zap+1","Dualcast+1","Ball Lightning","Conserve Battery+1","Consume+1","Redo+1","Seek+1","Conserve Battery","Glacier","Compile Driver"],"relics":["Cracked Core","NeowsBlessing","Mercury Hourglass","Golden Idol","Du-Vu Doll","White Beast Statue","Regal Pillow","The Courier"],"potions_floor_usage":[22,22,33,33],"damage_taken":[{"damage":0,"enemies":"Cultist","floor":1,"turns":1},{"damage":0,"enemies":"Small Slimes","floor":8,"turns":1},{"damage":0,"enemies":"3 Sentries","floor":12,"turns":1},{"damage":7,"enemies":"Jaw Worm","floor":13,"turns":2},{"damage":48,"enemies":"The Guardian","floor":16,"turns":11},{"damage":0,"enemies":"Chosen","floor":18,"turns":3},{"damage":27,"enemies":"Shell Parasite","floor":19,"turns":4},{"damage":16,"enemies":"Colosseum Slavers","floor":22,"turns":6},{"damage":15,"enemies":"Snecko","floor":27,"turns":8},{"damage":0,"enemies":"Snake Plant","floor":30,"turns":4},{"damage":1,"enemies":"Chosen and Byrds","floor":31,"turns":4},{"damage":75,"enemies":"Automaton","floor":33,"turns":8}],"seed_played":"6030679628607257289","potions_obtained":[{"floor":8,"key":"FocusPotion"},{"floor":12,"key":"Energy Potion"},{"floor":27,"key":"SpeedPotion"},{"floor":30,"key":"Fire Potion"},{"floor":31,"key":"AttackPotion"}],"is_trial":false,"path_per_floor":["M","$","?","?","$","R","?","M","T","R","?","E","M","?","R","B",null,"M","M","$","?","?","R","?","R","T","M","R","?","M","M","R","B"],"character_chosen":"DEFECT","items_purchased":["Conserve Battery","Glacier","Regal Pillow"],"campfire_rested":2,"item_purchase_floors":[5,20,20],"current_hp_per_floor":[64,64,64,53,53,53,53,53,53,53,53,53,46,64,64,16,52,52,25,25,25,9,43,43,43,43,28,62,62,62,61,61,0],"gold":111,"neow_bonus":"THREE_ENEMY_KILL","is_prod":false,"is_daily":false,"chose_seed":false,"campfire_upgraded":5,"win_rate":0,"timestamp":1551627331,"path_taken":["M","?","?","?","$","R","?","?","T","R","?","E","M","?","R","BOSS","M","M","$","?","?","R","?","R","T","?","R","?","M","M","R","BOSS"],"build_version":"2019-01-23","purchased_purges":1,"victory":false,"max_hp_per_floor":[71,71,71,71,71,71,71,71,71,71,64,64,64,64,64,64,64,64,64,64,64,64,64,64,64,64,64,64,64,64,64,64,64],"card_choices":[{"not_picked":["BootSequence","Steam"],"picked":"Ball Lightning","floor":1},{"not_picked":["Turbo","Stack"],"picked":"Consume","floor":8},{"not_picked":["Cold Snap","Multi-Cast"],"picked":"Redo","floor":12},{"not_picked":["Hello World","Undo","Blizzard"],"picked":"SKIP","floor":13},{"not_picked":["Hello World","Undo","Blizzard"],"picked":"SKIP","floor":13},{"not_picked":["Buffer","Reboot"],"picked":"Seek","floor":16},{"not_picked":["Lockon","Redo","Rebound"],"picked":"SKIP","floor":18},{"not_picked":["Stack","Streamline"],"picked":"Conserve Battery","floor":19},{"not_picked":["Go for the Eyes","Sweeping Beam"],"picked":"Compile Driver","floor":27},{"not_picked":["Storm+1","Turbo","Aggregate"],"picked":"SKIP","floor":30},{"not_picked":["Darkness","Aggregate","Fusion"],"picked":"SKIP","floor":31}],"player_experience":931288,"relics_obtained":[{"floor":9,"key":"Mercury Hourglass"},{"floor":12,"key":"Du-Vu Doll"},{"floor":26,"key":"The Courier"}],"event_choices":[{"cards_removed":["Strike_B"],"damage_healed":0,"gold_gain":0,"player_choice":"Forget","damage_taken":0,"max_hp_gain":0,"max_hp_loss":0,"event_name":"Living Wall","floor":3,"gold_loss":0},{"damage_healed":0,"gold_gain":75,"player_choice":"Gather Gold","damage_taken":11,"max_hp_gain":0,"max_hp_loss":0,"event_name":"World of Goop","floor":4,"gold_loss":0},{"damage_healed":0,"gold_gain":0,"player_choice":"Ignored","damage_taken":0,"max_hp_gain":0,"max_hp_loss":0,"event_name":"Shining Light","floor":7,"gold_loss":0},{"damage_healed":0,"gold_gain":0,"player_choice":"Lose Max HP","damage_taken":0,"relics_obtained":["Golden Idol"],"max_hp_gain":0,"max_hp_loss":7,"event_name":"Golden Idol","floor":11,"gold_loss":0},{"damage_healed":21,"gold_gain":0,"player_choice":"Banana","damage_taken":0,"max_hp_gain":0,"max_hp_loss":0,"event_name":"Big Fish","floor":14,"gold_loss":0},{"damage_healed":0,"gold_gain":0,"player_choice":"Ignored","damage_taken":0,"max_hp_gain":0,"max_hp_loss":0,"event_name":"Beggar","floor":21,"gold_loss":0},{"damage_healed":0,"gold_gain":0,"player_choice":"Fight","damage_taken":0,"max_hp_gain":0,"max_hp_loss":0,"event_name":"Colosseum","floor":22,"gold_loss":0},{"damage_healed":0,"gold_gain":0,"player_choice":"Fled From Nobs","damage_taken":0,"max_hp_gain":0,"max_hp_loss":0,"event_name":"Colosseum","floor":22,"gold_loss":0},{"damage_healed":0,"gold_gain":0,"player_choice":"Forge","damage_taken":0,"max_hp_gain":0,"max_hp_loss":0,"event_name":"Accursed Blacksmith","floor":24,"gold_loss":0,"cards_upgraded":["Dualcast"]},{"damage_healed":0,"gold_gain":0,"player_choice":"Ignored","damage_taken":0,"max_hp_gain":0,"max_hp_loss":0,"event_name":"Ghosts","floor":29,"gold_loss":0}],"is_beta":false,"boss_relics":[{"not_picked":["Lizard Tail","Busted Crown"],"picked":"White Beast Statue"}],"items_purged_floors":[2],"is_endless":false,"potions_floor_spawned":[8,12,13,18,19,22,27,30,31],"killed_by":"Automaton","ascension_level":20}