{"gold_per_floor":[210,223,237,250,5,5,38,38,38,38,57,57,57,75,75,149,149,163,183,183,198,198,198,210,210,210,245,245,245,258,287,287,360,360,372,372,387,387,67,67,86,86,86,104,48,48],"floor_reached":46,"playtime":3876,"items_purged":[],"score":897,"play_id":"979ba0f0-d511-4f7d-90e0-260baed0e4f5","local_time":"20190722003113","is_ascension_mode":true,"campfire_choices":[{"data":"Backstab","floor":6.0,"key":"SMITH"},{"data":"Neutralize","floor":8.0,"key":"SMITH"},{"data":"Dash","floor":10.0,"key":"SMITH"},{"data":"Backflip","floor":13.0,"key":"SMITH"},{"floor":15.0,"key":"REST"},{"floor":23.0,"key":"REST"},{"floor":25.0,"key":"REST"},{"floor":29.0,"key":"REST"},{"data":"Malaise","floor":32.0,"key":"SMITH"},{"data":"Backstab","floor":40.0,"key":"SMITH"},{"data":"Adrenaline","floor":42.0,"key":"SMITH"}],"neow_cost":"NONE","seed_source_timestamp":181791903239700,"circlet_count":0,"master_deck":["AscendersBane","Strike_G","Strike_G","Strike_G","Strike_G","Strike_G","Defend_G","Defend_G","Defend_G","Defend_G","Defend_G+1","Survivor","Neutralize+1","Backflip+1","Dagger Spray+1","Dash+1","Backstab+1","Dagger Throw","Blur","Bullet Time+1","Backstab+1","PiercingWail","Malaise+1","Dash+1","Adrenaline+1","Backstab+1","PiercingWail"],"special_seed":0,"relics":["Ring of the Snake","Blood Vial","Orichalcum","Pantograph","Lizard Tail","Nilry\u0027s Codex","War Paint","Calipers","Question Card","Singing Bowl","Eternal Feather","Bronze Scales","Happy Flower","Meat on the Bone"],"potions_floor_usage":[46],"damage_taken":[{"damage":11.0,"enemies":"Cultist","floor":1.0,"turns":5.0},{"damage":0.0,"enemies":"2 Louse","floor":2.0,"turns":2.0},{"damage":10.0,"enemies":"Jaw Worm","floor":3.0,"turns":8.0},{"damage":2.0,"enemies":"2 Fungi Beasts","floor":4.0,"turns":4.0},{"damage":22.0,"enemies":"Lagavulin","floor":7.0,"turns":10.0},{"damage":0.0,"enemies":"Large Slime","floor":11.0,"turns":4.0},{"damage":0.0,"enemies":"Lots of Slimes","floor":14.0,"turns":1.0},{"damage":30.0,"enemies":"Slime Boss","floor":16.0,"turns":12.0},{"damage":17.0,"enemies":"Spheric Guardian","floor":18.0,"turns":6.0},{"damage":12.0,"enemies":"Shell Parasite","floor":19.0,"turns":10.0},{"damage":6.0,"enemies":"Snake Plant","floor":21.0,"turns":5.0},{"damage":14.0,"enemies":"Chosen and Byrds","floor":24.0,"turns":7.0},{"damage":21.0,"enemies":"Slavers","floor":27.0,"turns":12.0},{"damage":20.0,"enemies":"Centurion and Healer","floor":30.0,"turns":11.0},{"damage":37.0,"enemies":"Book of Stabbing","floor":31.0,"turns":11.0},{"damage":37.0,"enemies":"Champ","floor":33.0,"turns":30.0},{"damage":4.0,"enemies":"Orb Walker","floor":35.0,"turns":4.0},{"damage":0.0,"enemies":"3 Shapes","floor":37.0,"turns":4.0},{"damage":2.0,"enemies":"3 Darklings","floor":41.0,"turns":7.0},{"damage":64.0,"enemies":"Maw","floor":44.0,"turns":9.0},{"damage":47,"enemies":"Reptomancer","floor":46,"turns":11}],"seed_played":"-7914517750521104745","potions_obtained":[{"floor":2.0,"key":"Weak Potion"},{"floor":3.0,"key":"GamblersBrew"},{"floor":4.0,"key":"Block Potion"},{"floor":14.0,"key":"Fire Potion"},{"floor":19.0,"key":"GamblersBrew"},{"floor":21.0,"key":"GhostInAJar"},{"floor":31.0,"key":"Energy Potion"},{"floor":35.0,"key":"EssenceOfSteel"}],"is_trial":false,"path_per_floor":["M","M","M","M","$","R","E","R","T","R","M","?","R","M","R","B",null,"M","M","?","M","?","R","M","R","T","E","T","R","M","E","R","B",null,"M","?","M","?","$","R","M","R","T","M","$","E"],"character_chosen":"THE_SILENT","items_purchased":["Backstab","Blood Vial","Bronze Scales","Happy Flower","SpeedPotion"],"campfire_rested":4,"item_purchase_floors":[5,5,39,39,45],"current_hp_per_floor":[48,48,38,36,36,36,16,16,16,16,18,18,18,20,39,36,59,44,34,13,9,22,41,29,48,48,29,29,48,30,30,30,20,56,56,56,58,80,80,80,78,80,80,30,30,0],"gold":48,"neow_bonus":"HUNDRED_GOLD","is_prod":false,"is_daily":false,"chose_seed":false,"campfire_upgraded":7,"win_rate":0,"timestamp":1563748273,"path_taken":["M","M","M","M","$","R","E","R","T","R","M","?","R","M","R","BOSS","M","M","?","M","?","R","M","R","T","E","?","R","M","E","R","BOSS","M","?","M","?","$","R","?","R","T","M","$","E"],"build_version":"2019-07-17","purchased_purges":0,"victory":false,"max_hp_per_floor":[66,66,66,66,66,66,66,66,66,66,66,66,66,66,66,66,66,66,66,66,66,66,66,66,66,66,66,66,66,66,68,68,68,68,70,70,70,80,80,80,80,80,80,82,82,82],"card_choices":[{"not_picked":["Tactician","Outmaneuver"],"picked":"Backflip","floor":1.0},{"not_picked":["Eviscerate","Quick Slash","Setup"],"picked":"SKIP","floor":2.0},{"not_picked":["PiercingWail","Endless Agony"],"picked":"Dagger Spray","floor":3.0},{"not_picked":["Underhanded Strike","Flying Knee"],"picked":"Dash","floor":4.0},{"not_picked":["Deflect","Bane"],"picked":"Dagger Throw","floor":7.0},{"not_picked":["Dagger Throw","Infinite Blades","Accuracy"],"picked":"SKIP","floor":11.0},{"not_picked":["Bane","Deflect"],"picked":"Blur","floor":14.0},{"not_picked":["Phantasmal Killer","Burst"],"picked":"Bullet Time","floor":16.0},{"not_picked":["Calculated Gamble","Setup","Bane"],"picked":"SKIP","floor":18.0},{"not_picked":["Escape Plan","Accuracy"],"picked":"Backstab+1","floor":19.0},{"not_picked":["Dodge and Roll","Concentrate"],"picked":"PiercingWail","floor":21.0},{"not_picked":["Skewer","Bouncing Flask"],"picked":"Malaise","floor":24.0},{"not_picked":["Expertise+1","Infinite Blades"],"picked":"Tools of the Trade","floor":27.0},{"not_picked":["Outmaneuver","Underhanded Strike","Deflect"],"picked":"Dash+1","floor":30.0},{"not_picked":["Underhanded Strike","Backflip","Deflect+1","Distraction"],"picked":"Singing Bowl","floor":31.0},{"not_picked":["Doppelganger","Venomology","Storm of Steel"],"picked":"Adrenaline","floor":33.0},{"not_picked":["Acrobatics","Finisher","Dagger Spray","Slice"],"picked":"Singing Bowl","floor":35.0},{"not_picked":["Deadly Poison+1","Slice+1","Cloak And Dagger"],"picked":"Backstab","floor":37.0},{"not_picked":["Blade Dance+1","Quick Slash+1","Acrobatics"],"picked":"PiercingWail","floor":41.0},{"not_picked":["Distraction","Outmaneuver","Deadly Poison","Blade Dance"],"picked":"Singing Bowl","floor":44.0}],"player_experience":870201,"relics_obtained":[{"floor":7.0,"key":"Orichalcum"},{"floor":9.0,"key":"Pantograph"},{"floor":20.0,"key":"Nilry\u0027s Codex"},{"floor":26.0,"key":"War Paint"},{"floor":27.0,"key":"Calipers"},{"floor":28.0,"key":"Question Card"},{"floor":31.0,"key":"Singing Bowl"},{"floor":43.0,"key":"Meat on the Bone"}],"event_choices":[{"damage_healed":0.0,"max_hp_gain":0.0,"max_hp_loss":0.0,"gold_gain":0.0,"event_name":"Upgrade Shrine","player_choice":"Upgraded","floor":12.0,"gold_loss":0.0,"damage_taken":0.0,"cards_upgraded":["Dagger Spray"]},{"damage_healed":0.0,"max_hp_gain":0.0,"max_hp_loss":0.0,"gold_gain":0.0,"event_name":"Cursed Tome","player_choice":"Obtained Book","floor":20.0,"gold_loss":0.0,"damage_taken":21.0},{"damage_healed":13.0,"max_hp_gain":0.0,"max_hp_loss":0.0,"gold_gain":0.0,"event_name":"The Library","player_choice":"Heal","floor":22.0,"gold_loss":0.0,"damage_taken":0.0},{"damage_healed":0.0,"max_hp_gain":0.0,"max_hp_loss":0.0,"gold_gain":0.0,"event_name":"Mysterious Sphere","player_choice":"Ignored","floor":36.0,"gold_loss":0.0,"damage_taken":0.0},{"cards_removed":["Tools of the Trade"],"damage_healed":12.0,"max_hp_gain":10.0,"max_hp_loss":0.0,"gold_gain":0.0,"event_name":"Bonfire Elementals","player_choice":"Offered Rare","floor":38.0,"gold_loss":0.0,"damage_taken":0.0}],"is_beta":false,"boss_relics":[{"not_picked":["Runic Dome","Tiny House"],"picked":"Lizard Tail"},{"not_picked":["Coffee Dripper","Snecko Eye"],"picked":"Eternal Feather"}],"items_purged_floors":[],"is_endless":false,"potions_floor_spawned":[2,3,4,14,19,21,31,35],"killed_by":"Reptomancer","ascension_level":17}