{"gold_per_floor":[117,128,203,378,389,389,389,389,412,443,443,453,15,33,33,137,137,153,173,173,189,189],"floor_reached":22,"playtime":640,"items_purged":[],"score":186,"play_id":"2115356f-f717-4c7f-99f7-1145f5c98ff0","local_time":"20190730214637","is_ascension_mode":false,"campfire_choices":[{"data":"Rampage","floor":6,"key":"SMITH"},{"data":"Bash","floor":8,"key":"SMITH"},{"floor":15,"key":"REST"}],"neow_cost":"NONE","seed_source_timestamp":1737806056203800,"circlet_count":0,"master_deck":["Strike_R","Strike_R","Strike_R","Strike_R","Defend_R","Defend_R","Defend_R","Defend_R","Bash+1","Doubt","Rampage+1","Flex","Immolate+1","Flex","Shrug It Off","Flex","Brutality","Decay","Normality","Normality","Thunderclap+1"],"relics":["Busted Crown","Ancient Tea Set","Molten Egg 2","Dream Catcher","Medical Kit","Matryoshka","Calling Bell","Vajra","Gremlin Horn","Ginger","Happy Flower"],"potions_floor_usage":[10,16,19,19,21,21],"damage_taken":[{"damage":11,"enemies":"2 Louse","floor":1,"turns":3},{"damage":0,"enemies":"Small Slimes","floor":2,"turns":4},{"damage":1,"enemies":"Jaw Worm","floor":5,"turns":3},{"damage":21,"enemies":"Lagavulin","floor":10,"turns":5},{"damage":0,"enemies":"Gremlin Gang","floor":12,"turns":1},{"damage":0,"enemies":"Looter","floor":14,"turns":2},{"damage":20,"enemies":"Slime Boss","floor":16,"turns":10},{"damage":50,"enemies":"Spheric Guardian","floor":18,"turns":6},{"damage":16,"enemies":"3 Byrds","floor":19,"turns":3},{"damage":20,"enemies":"Snake Plant","floor":21,"turns":4},{"damage":20,"enemies":"Snecko","floor":22,"turns":3}],"seed_played":"-1466061363033990745","potions_obtained":[{"floor":2,"key":"Dexterity Potion"},{"floor":5,"key":"SteroidPotion"},{"floor":10,"key":"Block Potion"},{"floor":12,"key":"BloodPotion"},{"floor":18,"key":"LiquidBronze"},{"floor":19,"key":"SteroidPotion"}],"is_trial":false,"path_per_floor":["M","M","?","?","M","R","?","R","T","E","?","M","$","M","R","B",null,"M","M","?","M","M"],"character_chosen":"IRONCLAD","items_purchased":["Medical Kit","Matryoshka"],"campfire_rested":1,"item_purchase_floors":[13,13],"current_hp_per_floor":[69,69,58,58,57,57,57,57,57,36,24,24,24,24,48,28,80,30,34,34,14,0],"gold":189,"neow_bonus":"BOSS_RELIC","is_prod":false,"is_daily":false,"chose_seed":false,"campfire_upgraded":2,"win_rate":0,"timestamp":1564541197,"path_taken":["M","M","?","?","M","R","?","R","T","E","?","?","$","M","R","BOSS","M","?","?","M","M"],"build_version":"2019-07-17","purchased_purges":0,"victory":false,"max_hp_per_floor":[80,80,80,80,80,80,80,80,80,80,80,80,80,80,80,80,80,80,80,80,80,80],"card_choices":[{"not_picked":["Anger"],"picked":"SKIP","floor":1},{"not_picked":["True Grit"],"picked":"SKIP","floor":2},{"not_picked":[],"picked":"Rampage","floor":5},{"not_picked":[],"picked":"Immolate","floor":10},{"not_picked":[],"picked":"Flex","floor":12},{"not_picked":[],"picked":"Shrug It Off","floor":14},{"not_picked":[],"picked":"Flex","floor":15},{"not_picked":[],"picked":"Brutality","floor":16},{"not_picked":["Corruption"],"picked":"SKIP","floor":18},{"not_picked":[],"picked":"Thunderclap+1","floor":19},{"not_picked":["Thunderclap+1"],"picked":"SKIP","floor":21}],"player_experience":827248,"relics_obtained":[{"floor":9,"key":"Ancient Tea Set"},{"floor":10,"key":"Molten Egg 2"},{"floor":17,"key":"Vajra"},{"floor":17,"key":"Gremlin Horn"},{"floor":17,"key":"Ginger"}],"event_choices":[{"damage_healed":0,"gold_gain":75,"player_choice":"Gather Gold","damage_taken":11,"max_hp_gain":0,"max_hp_loss":0,"event_name":"World of Goop","floor":3,"gold_loss":0},{"damage_healed":0,"gold_gain":175,"player_choice":"AGREE","damage_taken":0,"max_hp_gain":0,"max_hp_loss":0,"event_name":"Liars Game","floor":4,"gold_loss":0,"cards_obtained":["Doubt"]},{"damage_healed":0,"gold_gain":0,"cards_transformed":["Strike_R"],"player_choice":"Change","damage_taken":0,"max_hp_gain":0,"max_hp_loss":0,"event_name":"Living Wall","floor":7,"gold_loss":0,"cards_obtained":["Flex"]},{"damage_healed":0,"gold_gain":0,"player_choice":"Success","damage_taken":12,"relics_obtained":["Dream Catcher"],"max_hp_gain":0,"max_hp_loss":0,"event_name":"Scrap Ooze","floor":11,"gold_loss":0},{"damage_healed":0,"gold_gain":0,"player_choice":"Opened","damage_taken":0,"relics_obtained":["Happy Flower"],"max_hp_gain":0,"max_hp_loss":0,"event_name":"The Mausoleum","floor":20,"gold_loss":0}],"is_beta":false,"boss_relics":[{"not_picked":["Orrery","Runic Cube"],"picked":"Calling Bell"}],"items_purged_floors":[],"is_endless":false,"potions_floor_spawned":[2,5,10,12,18,19],"killed_by":"Snecko","ascension_level":0}