{"gold_per_floor":[116,191,206,206,221,221,250,87,112,130,30,30,30,30,30,131,131,143,68,68,68,80,94,94,104,104,104,104,104],"floor_reached":29,"playtime":782,"items_purged":["Strike_R","Strike_R"],"score":220,"play_id":"79191f50-9bba-4384-a007-dd8fd5b86bc5","local_time":"20181205225636","is_ascension_mode":false,"campfire_choices":[{"floor":6,"key":"RECALL"},{"floor":12,"key":"REST"},{"data":"Demon Form","floor":15,"key":"SMITH"},{"data":"Dual Wield","floor":24,"key":"SMITH"},{"floor":28,"key":"REST"}],"neow_cost":"NONE","seed_source_timestamp":1001304704028697,"circlet_count":0,"master_deck":["Strike_R","Strike_R","Defend_R","Defend_R","Defend_R","Defend_R","Bash","Pommel Strike","Thunderclap","Demon Form+1","Dropkick","Warcry","Corruption","Fiend Fire","Headbutt+1","Dual Wield","Dual Wield+1"],"relics":["Burning Blood","NeowsBlessing","Strawberry","Dodecahedron","Juzu Bracelet","Spirit Poop","Lizard Tail","Ornamental Fan"],"potions_floor_usage":[7,16,25,25,25],"damage_taken":[{"damage":0,"enemies":"Small Slimes","floor":1,"turns":1},{"damage":0,"enemies":"Jaw Worm","floor":3,"turns":1},{"damage":0,"enemies":"2 Louse","floor":5,"turns":1},{"damage":44,"enemies":"3 Sentries","floor":7,"turns":8},{"damage":10,"enemies":"2 Fungi Beasts","floor":10,"turns":4},{"damage":54,"enemies":"The Guardian","floor":16,"turns":7},{"damage":10,"enemies":"Chosen","floor":18,"turns":4},{"damage":24,"enemies":"Spheric Guardian","floor":22,"turns":5},{"damage":28,"enemies":"3 Cultists","floor":23,"turns":5},{"damage":6,"enemies":"Snecko","floor":25,"turns":4},{"damage":78,"enemies":"Colosseum Slavers","floor":27,"turns":5},{"damage":42,"enemies":"Gremlin Leader","floor":29,"turns":2}],"seed_played":"-2259849969272135398","potions_obtained":[{"floor":1,"key":"Weak Potion"},{"floor":5,"key":"SpeedPotion"},{"floor":7,"key":"LiquidBronze"},{"floor":18,"key":"Poison Potion"},{"floor":21,"key":"Fire Potion"},{"floor":21,"key":"Block Potion"},{"floor":25,"key":"SteroidPotion"}],"is_trial":false,"path_per_floor":["M","?","M","?","M","R","E","$","T","M","$","R","?","?","R","B",null,"M","?","?","?","M","M","R","M","T","?","R","E"],"character_chosen":"IRONCLAD","items_purchased":["Dropkick","Warcry"],"campfire_rested":2,"item_purchase_floors":[8,8],"current_hp_per_floor":[80,69,75,49,55,55,17,17,17,13,13,39,60,60,60,12,84,80,80,80,80,62,40,40,40,40,11,36,0],"gold":104,"neow_bonus":"THREE_ENEMY_KILL","is_prod":false,"is_daily":false,"chose_seed":false,"campfire_upgraded":2,"win_rate":0,"timestamp":1544072196,"path_taken":["M","?","M","?","M","R","E","$","T","M","$","R","?","?","R","BOSS","M","?","?","?","M","M","R","M","T","?","R","E"],"build_version":"2018-11-15","purchased_purges":2,"victory":false,"max_hp_per_floor":[80,80,80,87,87,87,87,87,87,87,87,87,87,84,84,84,84,84,84,84,84,84,84,84,84,84,84,84,84],"card_choices":[{"not_picked":["Havoc","Metallicize"],"picked":"Pommel Strike","floor":1},{"not_picked":["Fire Breathing","Flex"],"picked":"Thunderclap","floor":3},{"not_picked":["Bloodletting","Sentinel","Heavy Blade"],"picked":"SKIP","floor":5},{"not_picked":["Warcry","Iron Wave"],"picked":"Demon Form","floor":7},{"not_picked":["Warcry","Rupture"],"picked":"Corruption","floor":10},{"not_picked":["Bludgeon","Immolate"],"picked":"Fiend Fire","floor":16},{"not_picked":["Anger+1","Power Through"],"picked":"Headbutt+1","floor":18},{"not_picked":["Cleave+1","Heavy Blade+1"],"picked":"Dual Wield","floor":22},{"not_picked":["Perfected Strike","Rampage+1","Cleave"],"picked":"SKIP","floor":23},{"not_picked":["Twin Strike","Havoc","Disarm"],"picked":"SKIP","floor":25}],"player_experience":715389,"relics_obtained":[{"floor":7,"key":"Dodecahedron"},{"floor":9,"key":"Juzu Bracelet"},{"floor":26,"key":"Ornamental Fan"}],"event_choices":[{"damage_healed":0,"gold_gain":75,"player_choice":"Gather Gold","damage_taken":11,"max_hp_gain":0,"max_hp_loss":0,"event_name":"World of Goop","floor":2,"gold_loss":0},{"damage_healed":0,"gold_gain":0,"player_choice":"Success","damage_taken":33,"relics_obtained":["Strawberry"],"max_hp_gain":0,"max_hp_loss":0,"event_name":"Scrap Ooze","floor":4,"gold_loss":0},{"damage_healed":21,"gold_gain":0,"player_choice":"Healed and dodged fight","damage_taken":0,"max_hp_gain":0,"max_hp_loss":0,"event_name":"Mushrooms","floor":13,"gold_loss":0,"cards_obtained":["Parasite"]},{"cards_removed":["Parasite"],"damage_healed":0,"gold_gain":0,"player_choice":"Offered Curse","damage_taken":0,"relics_obtained":["Spirit Poop"],"max_hp_gain":0,"max_hp_loss":0,"event_name":"Bonfire Elementals","floor":14,"gold_loss":0},{"cards_removed":["Strike_R"],"damage_healed":0,"gold_gain":0,"player_choice":"Gave Gold","damage_taken":0,"max_hp_gain":0,"max_hp_loss":0,"event_name":"Beggar","floor":19,"gold_loss":75},{"damage_healed":0,"gold_gain":0,"player_choice":"Read","damage_taken":0,"max_hp_gain":0,"max_hp_loss":0,"event_name":"The Library","floor":20,"gold_loss":0,"cards_obtained":["Dual Wield"]},{"damage_healed":0,"gold_gain":0,"player_choice":"Got Potions","damage_taken":0,"max_hp_gain":0,"max_hp_loss":0,"event_name":"Lab","floor":21,"gold_loss":0},{"damage_healed":0,"gold_gain":0,"player_choice":"Fight","damage_taken":0,"max_hp_gain":0,"max_hp_loss":0,"event_name":"Colosseum","floor":27,"gold_loss":0},{"damage_healed":0,"gold_gain":0,"player_choice":"Fled From Nobs","damage_taken":0,"max_hp_gain":0,"max_hp_loss":0,"event_name":"Colosseum","floor":27,"gold_loss":0}],"is_beta":false,"boss_relics":[{"not_picked":["Black Blood","Busted Crown"],"picked":"Lizard Tail"}],"items_purged_floors":[8,11],"is_endless":false,"potions_floor_spawned":[1,5,7,18,22,25,27],"killed_by":"Gremlin Leader","ascension_level":0}