{"gold_per_floor":[111,36,49,49,59,59,19,94,120,151,163,175,204,232,244,256],"floor_reached":16,"playtime":582,"items_purged":[],"score":184,"play_id":"24013cb6-f5a4-4fd9-abad-769ab14c7d6f","local_time":"20190226003257","is_ascension_mode":true,"campfire_choices":[{"data":"Neutralize","floor":6,"key":"SMITH"},{"data":"Caltrops","floor":12,"key":"SMITH"},{"data":"Flechettes","floor":15,"key":"SMITH"}],"neow_cost":"NONE","seed_source_timestamp":1536738963843645,"circlet_count":0,"master_deck":["AscendersBane","Defend_G","Defend_G","Defend_G","Defend_G","Defend_G","Strike_G","Strike_G","Strike_G","Strike_G","Strike_G","Survivor","Neutralize+1","Flechettes+1","Footwork+1","Backflip","Caltrops+1","Tactician","Dagger Spray"],"special_seed":0,"relics":["Ring of the Snake","NeowsBlessing","MawBank"],"potions_floor_usage":[],"damage_taken":[{"damage":0.0,"enemies":"Small Slimes","floor":1.0,"turns":1.0},{"damage":0.0,"enemies":"Cultist","floor":3.0,"turns":1.0},{"damage":0,"enemies":"Jaw Worm","floor":5,"turns":1},{"damage":1,"enemies":"Looter","floor":7,"turns":4},{"damage":12,"enemies":"Lots of Slimes","floor":10,"turns":7},{"damage":14,"enemies":"Large Slime","floor":13,"turns":9},{"damage":4,"enemies":"Red Slaver","floor":14,"turns":5},{"damage":20,"enemies":"The Guardian","floor":16,"turns":7}],"seed_played":"-3779667743489215113","potions_obtained":[{"floor":3.0,"key":"Strength Potion"},{"floor":5,"key":"EssenceOfSteel"}],"is_trial":false,"path_per_floor":["M","$","M","?","M","R","M","?","T","M","?","R","M","M","R","B"],"character_chosen":"THE_SILENT","items_purchased":["Footwork"],"campfire_rested":0,"item_purchase_floors":[2],"current_hp_per_floor":[59,59,59,59,59,59,58,47,47,35,35,35,21,17,17,0],"gold":256,"neow_bonus":"THREE_ENEMY_KILL","is_prod":false,"is_daily":false,"chose_seed":false,"campfire_upgraded":3,"win_rate":0,"timestamp":1551137577,"path_taken":["M","$","M","?","M","R","?","?","T","M","?","R","M","?","R","BOSS"],"build_version":"2019-01-23","purchased_purges":0,"victory":false,"max_hp_per_floor":[66,66,66,66,66,66,66,66,66,66,66,66,66,66,66,66],"card_choices":[{"not_picked":["Cloak And Dagger","Blade Dance"],"picked":"Flechettes","floor":1.0},{"not_picked":["Underhanded Strike","Endless Agony","Dodge and Roll"],"picked":"SKIP","floor":3.0},{"not_picked":["Infinite Blades","Outmaneuver"],"picked":"Caltrops","floor":5},{"not_picked":["Flechettes","Sucker Punch"],"picked":"Tactician","floor":7},{"not_picked":["Dodge and Roll","Poisoned Stab"],"picked":"Dagger Spray","floor":10},{"not_picked":["Predator","Catalyst","Underhanded Strike"],"picked":"SKIP","floor":13},{"not_picked":["Skewer","Flechettes","Infinite Blades"],"picked":"SKIP","floor":14},{"not_picked":["Skewer","Flechettes","Infinite Blades"],"picked":"SKIP","floor":14}],"player_experience":904453,"relics_obtained":[{"floor":9,"key":"MawBank"}],"event_choices":[{"damage_healed":0,"gold_gain":0,"player_choice":"1 cards matched","damage_taken":0,"max_hp_gain":0,"max_hp_loss":0,"event_name":"Match and Keep!","floor":4,"gold_loss":0,"cards_obtained":["Backflip"]},{"damage_healed":0,"gold_gain":75,"player_choice":"Gather Gold","damage_taken":11,"max_hp_gain":0,"max_hp_loss":0,"event_name":"World of Goop","floor":8,"gold_loss":0},{"damage_healed":0,"gold_gain":0,"player_choice":"Forge","damage_taken":0,"max_hp_gain":0,"max_hp_loss":0,"event_name":"Accursed Blacksmith","floor":11,"gold_loss":0,"cards_upgraded":["Footwork"]}],"is_beta":false,"boss_relics":[],"items_purged_floors":[],"is_endless":false,"potions_floor_spawned":[3,5,10,13],"killed_by":"The Guardian","ascension_level":20}