{"gold_per_floor":[112,23,35,35,52,52,83,8,8,8,0],"floor_reached":11,"playtime":369,"items_purged":[],"score":135,"play_id":"e1a3f39b-dd08-4e60-9f4d-e8898d5572d6","local_time":"20190219173126","is_ascension_mode":true,"campfire_choices":[{"data":"Predator","floor":6,"key":"SMITH"}],"neow_cost":"NONE","seed_source_timestamp":1172211693512839,"circlet_count":0,"master_deck":["AscendersBane","Defend_G","Defend_G","Defend_G","Defend_G","Defend_G","Strike_G","Strike_G","Strike_G","Survivor","Neutralize","Riddle With Holes","Predator+1","Deadly Poison"],"relics":["Snecko Eye","Darkstone Periapt","Matryoshka"],"potions_floor_usage":[],"damage_taken":[{"damage":13,"enemies":"Cultist","floor":1,"turns":6},{"damage":10,"enemies":"Small Slimes","floor":3,"turns":3},{"damage":0,"enemies":"2 Louse","floor":5,"turns":3},{"damage":22,"enemies":"3 Sentries","floor":7,"turns":9},{"damage":22,"enemies":"Exordium Thugs","floor":11,"turns":2}],"seed_played":"6570438664022877754","potions_obtained":[{"floor":3,"key":"Strength Potion"},{"floor":7,"key":"EntropicBrew"}],"is_trial":false,"path_per_floor":["M","$","M","?","M","R","E","?","T","?","M"],"character_chosen":"THE_SILENT","items_purchased":["Riddle With Holes"],"campfire_rested":0,"item_purchase_floors":[2],"current_hp_per_floor":[46,46,36,36,36,36,14,14,14,14,0],"gold":0,"neow_bonus":"BOSS_RELIC","is_prod":false,"is_daily":false,"chose_seed":false,"campfire_upgraded":1,"win_rate":0,"timestamp":1550593886,"path_taken":["M","$","?","?","M","R","E","?","T","?","?"],"build_version":"2019-01-23","purchased_purges":0,"victory":false,"max_hp_per_floor":[66,66,66,66,66,66,66,66,66,66,66],"card_choices":[{"not_picked":["Prepared","Quick Slash","Outmaneuver"],"picked":"SKIP","floor":1},{"not_picked":["Cloak And Dagger","Escape Plan","Deflect"],"picked":"SKIP","floor":3},{"not_picked":["Sucker Punch","Accuracy"],"picked":"Predator","floor":5},{"not_picked":["Sucker Punch","Acrobatics"],"picked":"Deadly Poison","floor":7}],"player_experience":824471,"relics_obtained":[{"floor":7,"key":"Darkstone Periapt"},{"floor":9,"key":"Matryoshka"}],"event_choices":[{"damage_healed":0,"gold_gain":0,"player_choice":"Ignored","damage_taken":0,"max_hp_gain":0,"max_hp_loss":0,"event_name":"Shining Light","floor":4,"gold_loss":0},{"cards_removed":["Strike_G"],"damage_healed":0,"gold_gain":0,"player_choice":"Card Removal","damage_taken":0,"max_hp_gain":0,"max_hp_loss":0,"event_name":"The Cleric","floor":8,"gold_loss":75},{"cards_removed":["Strike_G"],"damage_healed":0,"gold_gain":0,"player_choice":"Purged","damage_taken":0,"max_hp_gain":0,"max_hp_loss":0,"event_name":"Purifier","floor":10,"gold_loss":0}],"is_beta":false,"boss_relics":[],"items_purged_floors":[],"is_endless":false,"potions_floor_spawned":[3,7],"killed_by":"Exordium Thugs","ascension_level":18}