{"gold_per_floor":[115,29,49,62,76,104,66,66,66,66,66,78,108,123,123,223,223,239,239,249,50,50,79,91,91,91,102,102,128,128,146,146,242,242,255,5,55,355,355],"floor_reached":39,"playtime":2941,"items_purged":["Normality"],"score":504,"play_id":"a9e2adf8-4afe-42fc-aa3e-439661af01c5","local_time":"20190630000037","is_ascension_mode":false,"campfire_choices":[{"floor":8,"key":"REST"},{"floor":10,"key":"REST"},{"data":"Loop","floor":15,"key":"SMITH"},{"data":"Electrodynamics","floor":25,"key":"SMITH"},{"floor":28,"key":"REST"},{"data":"Amplify","floor":30,"key":"SMITH"},{"floor":32,"key":"REST"}],"neow_cost":"NONE","seed_source_timestamp":1403585030833010,"circlet_count":0,"master_deck":["Strike_B","Strike_B","Strike_B","Strike_B","Defend_B","Defend_B","Defend_B","Defend_B","Zap","Dualcast","Doom and Gloom","Loop+1","Gash+1","Glacier","Lockon+1","Creative AI","Cold Snap","Glacier","Sweeping Beam","Sweeping Beam","Electrodynamics+1","Gash+1","Gash","Compile Driver","Secret Weapon","Lockon","Gash","All For One","Amplify+1","Cold Snap+1","Multi-Cast","Stack+1","Static Discharge","Chrysalis","Skim+1"],"relics":["Cracked Core","Whetstone","Matryoshka","Gremlin Horn","Cursed Key","Centennial Puzzle","MutagenicStrength","Strawberry","Smiling Mask","Letter Opener","Potion Belt","Sozu","Incense Burner"],"potions_floor_usage":[11,16,27,27,33,33,39],"damage_taken":[{"damage":0,"enemies":"Cultist","floor":1,"turns":2},{"damage":8,"enemies":"Jaw Worm","floor":3,"turns":3},{"damage":0,"enemies":"Small Slimes","floor":4,"turns":2},{"damage":9,"enemies":"2 Fungi Beasts","floor":5,"turns":3},{"damage":49,"enemies":"Lagavulin","floor":6,"turns":7},{"damage":0,"enemies":"Blue Slaver","floor":12,"turns":5},{"damage":25,"enemies":"Gremlin Nob","floor":13,"turns":4},{"damage":2,"enemies":"Gremlin Gang","floor":14,"turns":2},{"damage":35,"enemies":"Slime Boss","floor":16,"turns":7},{"damage":2,"enemies":"Chosen","floor":18,"turns":7},{"damage":4,"enemies":"3 Byrds","floor":20,"turns":4},{"damage":32,"enemies":"Gremlin Leader","floor":23,"turns":5},{"damage":8,"enemies":"Snecko","floor":24,"turns":3},{"damage":23,"enemies":"Shelled Parasite and Fungi","floor":27,"turns":6},{"damage":20,"enemies":"Book of Stabbing","floor":29,"turns":5},{"damage":21,"enemies":"Snake Plant","floor":31,"turns":3},{"damage":30,"enemies":"Automaton","floor":33,"turns":9},{"damage":32,"enemies":"3 Darklings","floor":35,"turns":3},{"damage":55,"enemies":"2 Orb Walkers","floor":37,"turns":4},{"damage":8,"enemies":"Orb Walker","floor":39,"turns":1}],"seed_played":"-6892412426826264214","potions_obtained":[{"floor":1,"key":"GamblersBrew"},{"floor":5,"key":"LiquidBronze"},{"floor":6,"key":"FearPotion"},{"floor":11,"key":"Fruit Juice"},{"floor":11,"key":"SpeedPotion"},{"floor":12,"key":"Block Potion"},{"floor":18,"key":"AttackPotion"},{"floor":27,"key":"EssenceOfSteel"},{"floor":29,"key":"PowerPotion"},{"floor":31,"key":"Strength Potion"}],"is_trial":false,"path_per_floor":["M","$","M","M","M","E","$","R","T","R","?","M","E","M","R","B",null,"M","?","M","$","?","E","M","R","T","M","R","E","R","M","R","B",null,"M","$","?","?","M"],"character_chosen":"DEFECT","items_purchased":["Loop","Gash","Glacier","Compile Driver","Secret Weapon","Static Discharge","Chrysalis"],"campfire_rested":4,"item_purchase_floors":[2,2,7,21,21,36,36],"current_hp_per_floor":[82,82,74,74,65,16,16,40,40,64,69,69,44,42,42,7,87,85,85,81,81,81,56,48,48,48,25,53,33,33,12,40,10,94,62,62,7,7,0],"gold":355,"neow_bonus":"TEN_PERCENT_HP_BONUS","is_prod":false,"is_daily":false,"chose_seed":false,"campfire_upgraded":3,"win_rate":0.0,"timestamp":1561867237,"path_taken":["M","$","M","?","M","E","?","R","T","R","?","M","E","M","R","BOSS","M","?","M","$","?","E","M","R","T","M","R","E","R","M","R","BOSS","M","$","?","?","M"],"build_version":"2019-01-23","purchased_purges":1,"victory":false,"max_hp_per_floor":[82,82,82,82,82,82,82,82,82,82,87,87,87,87,87,87,87,87,87,87,87,87,94,94,94,94,94,94,94,94,94,94,94,94,94,94,94,94,94],"card_choices":[{"not_picked":["Go for the Eyes","Hologram"],"picked":"Doom and Gloom","floor":1},{"not_picked":["Beam Cell","Cold Snap"],"picked":"Glacier","floor":3},{"not_picked":["Streamline","Gash"],"picked":"Lockon","floor":4},{"not_picked":["Stack","Sweeping Beam"],"picked":"Creative AI","floor":5},{"not_picked":["Coolheaded","Heatsinks"],"picked":"Cold Snap","floor":6},{"not_picked":["Streamline","Beam Cell","Steam"],"picked":"SKIP","floor":12},{"not_picked":["Streamline","Conserve Battery"],"picked":"Sweeping Beam","floor":13},{"not_picked":["Heatsinks","Hologram"],"picked":"Sweeping Beam","floor":14},{"not_picked":["Multi-Cast","Reboot"],"picked":"Electrodynamics","floor":16},{"not_picked":["Leap","Ball Lightning"],"picked":"Gash+1","floor":18},{"not_picked":["Hello World","Go for the Eyes"],"picked":"Gash","floor":20},{"not_picked":["Ball Lightning","Stack"],"picked":"Lockon","floor":23},{"not_picked":["Barrage+1","Steam+1"],"picked":"Gash","floor":24},{"not_picked":["Ball Lightning","Hologram"],"picked":"All For One","floor":27},{"not_picked":["Ball Lightning","Coolheaded+1"],"picked":"Amplify","floor":29},{"not_picked":["Go for the Eyes+1","Steam"],"picked":"Cold Snap+1","floor":31},{"not_picked":["Fission","Seek"],"picked":"Multi-Cast","floor":33},{"not_picked":["Blizzard","Beam Cell+1"],"picked":"Stack+1","floor":35},{"not_picked":["Barrage","Lockon"],"picked":"Skim+1","floor":37}],"player_experience":25738,"relics_obtained":[{"floor":6,"key":"Whetstone"},{"floor":9,"key":"Matryoshka"},{"floor":13,"key":"Gremlin Horn"},{"floor":23,"key":"Strawberry"},{"floor":26,"key":"Smiling Mask"},{"floor":26,"key":"Letter Opener"},{"floor":29,"key":"Potion Belt"},{"floor":37,"key":"Incense Burner"}],"event_choices":[{"damage_healed":0,"gold_gain":0,"player_choice":"Got Potions","damage_taken":0,"max_hp_gain":0,"max_hp_loss":0,"event_name":"Lab","floor":11,"gold_loss":0},{"damage_healed":0,"gold_gain":0,"player_choice":"Opened","damage_taken":0,"relics_obtained":["Centennial Puzzle"],"max_hp_gain":0,"max_hp_loss":0,"event_name":"The Mausoleum","floor":19,"gold_loss":0},{"damage_healed":0,"gold_gain":0,"player_choice":"Inject Mutagens","damage_taken":0,"relics_obtained":["MutagenicStrength"],"max_hp_gain":0,"max_hp_loss":0,"event_name":"Drug Dealer","floor":22,"gold_loss":0},{"damage_healed":0,"gold_gain":0,"player_choice":"Fight","damage_taken":0,"max_hp_gain":0,"max_hp_loss":0,"event_name":"Mysterious Sphere","floor":37,"gold_loss":0},{"damage_healed":0,"gold_gain":300,"player_choice":"Gold","damage_taken":0,"max_hp_gain":0,"max_hp_loss":0,"event_name":"Wheel of Change","floor":38,"gold_loss":0}],"is_beta":false,"boss_relics":[{"not_picked":["Fusion Hammer","Orrery"],"picked":"Cursed Key"},{"not_picked":["Tiny House","FrozenCore"],"picked":"Sozu"}],"items_purged_floors":[36],"is_endless":false,"potions_floor_spawned":[1,5,6,12,18,27,29,31],"killed_by":"Orb Walker","ascension_level":0}