{"gold_per_floor":[115,125,225,38,48,74,74,74,101,101,128,128,142,155,155,253,253,163,179,179],"floor_reached":20,"playtime":539,"items_purged":[],"score":182,"play_id":"989557c2-82bd-464a-8f73-f391d23add27","local_time":"20190711154453","is_ascension_mode":false,"campfire_choices":[{"data":"Defragment","floor":8,"key":"SMITH"},{"floor":10,"key":"REST"},{"floor":15,"key":"REST"}],"neow_cost":"NONE","seed_source_timestamp":12018647495774,"circlet_count":0,"master_deck":["Strike_B","Strike_B","Strike_B","Strike_B","Defend_B","Defend_B","Defend_B","Defend_B","Zap","Dualcast","Heatsinks","Defragment+1","Storm","Heatsinks","Darkness","Skim","Doom and Gloom","Go for the Eyes","Sweeping Beam","Conserve Battery","Creative AI","Fusion","Barrage+1"],"relics":["Cracked Core","Torii","Shuriken","Potion Belt","Blood Vial","Inserter"],"potions_floor_usage":[18,18],"damage_taken":[{"damage":2,"enemies":"2 Louse","floor":1,"turns":3},{"damage":0,"enemies":"Cultist","floor":2,"turns":4},{"damage":1,"enemies":"Jaw Worm","floor":5,"turns":3},{"damage":35,"enemies":"Gremlin Nob","floor":6,"turns":5},{"damage":26,"enemies":"Lagavulin","floor":11,"turns":6},{"damage":11,"enemies":"Large Slime","floor":13,"turns":4},{"damage":28,"enemies":"Blue Slaver","floor":14,"turns":4},{"damage":11,"enemies":"Slime Boss","floor":16,"turns":7},{"damage":30,"enemies":"2 Thieves","floor":18,"turns":5},{"damage":35,"enemies":"3 Byrds","floor":19,"turns":5},{"damage":22,"enemies":"Shelled Parasite and Fungi","floor":20,"turns":2}],"seed_played":"-4909353477205066344","potions_obtained":[{"floor":2,"key":"SpeedPotion"},{"floor":5,"key":"Dexterity Potion"},{"floor":13,"key":"Swift Potion"},{"floor":16,"key":"Strength Potion"},{"floor":19,"key":"SpeedPotion"}],"is_trial":false,"path_per_floor":["M","M","?","$","M","E","T","R","T","R","E","?","M","M","R","B",null,"M","M","M"],"character_chosen":"DEFECT","items_purchased":["Heatsinks","Darkness","Skim"],"campfire_rested":2,"item_purchase_floors":[4,4,4],"current_hp_per_floor":[73,73,73,73,72,37,37,37,37,59,33,38,29,3,27,18,80,50,17,0],"gold":179,"neow_bonus":"THREE_CARDS","is_prod":false,"is_daily":false,"chose_seed":false,"campfire_upgraded":1,"win_rate":0.0,"timestamp":1562877893,"path_taken":["M","M","?","?","M","E","?","R","T","R","E","?","M","M","R","BOSS","M","M","M"],"build_version":"2019-07-05","purchased_purges":0,"victory":false,"max_hp_per_floor":[75,75,75,75,75,75,75,75,75,75,75,80,80,80,80,80,80,80,80,80],"card_choices":[{"not_picked":["Rebound","Force Field"],"picked":"Heatsinks","floor":0},{"not_picked":["Ball Lightning","Coolheaded"],"picked":"Defragment","floor":1},{"not_picked":["Streamline","Coolheaded"],"picked":"Storm","floor":2},{"not_picked":["Beam Cell","Rebound","Compile Driver"],"picked":"SKIP","floor":5},{"not_picked":["Sunder","Melter"],"picked":"Doom and Gloom","floor":6},{"not_picked":["Steam","Rebound"],"picked":"Go for the Eyes","floor":11},{"not_picked":["Hyperbeam","Barrage"],"picked":"Sweeping Beam","floor":13},{"not_picked":["Coolheaded","Beam Cell"],"picked":"Conserve Battery","floor":14},{"not_picked":["Amplify","Fission"],"picked":"Creative AI","floor":16},{"not_picked":["Turbo+1","Conserve Battery"],"picked":"Fusion","floor":18},{"not_picked":["Ball Lightning","Steam"],"picked":"Barrage+1","floor":19}],"player_experience":76942,"relics_obtained":[{"floor":6,"key":"Torii"},{"floor":7,"key":"Shuriken"},{"floor":9,"key":"Potion Belt"},{"floor":11,"key":"Blood Vial"}],"event_choices":[{"damage_healed":0,"gold_gain":100,"player_choice":"Pray","damage_taken":0,"max_hp_gain":0,"max_hp_loss":0,"event_name":"Golden Shrine","floor":3,"gold_loss":0},{"damage_healed":0,"gold_gain":0,"player_choice":"Donut","damage_taken":0,"max_hp_gain":5,"max_hp_loss":0,"event_name":"Big Fish","floor":12,"gold_loss":0}],"is_beta":false,"boss_relics":[{"not_picked":["Runic Dome","Astrolabe"],"picked":"Inserter"}],"items_purged_floors":[],"is_endless":false,"potions_floor_spawned":[2,5,13,16,19],"killed_by":"Shelled Parasite and Fungi","ascension_level":0}