{"gold_per_floor":[116,116,41,58,76,76,102,102,156,186,186,213,213,225,225,299,299,314,326,241,2,17,17,17,17,41,41,52,12,12,38,38,38],"floor_reached":33,"playtime":1573,"items_purged":["Strike_G"],"score":464,"play_id":"21fffd38-aacd-41bb-8628-c4702c461bb1","local_time":"20180811165950","is_ascension_mode":true,"campfire_choices":[{"data":"Neutralize","floor":6.0,"key":"SMITH"},{"data":"Footwork","floor":8.0,"key":"SMITH"},{"data":"Doppelganger","floor":11.0,"key":"SMITH"},{"floor":13.0,"key":"REST"},{"data":"Backflip","floor":15.0,"key":"SMITH"},{"data":"Envenom","floor":23.0,"key":"SMITH"},{"floor":30,"key":"REST"},{"data":"Cloak And Dagger","floor":32,"key":"SMITH"}],"neow_cost":"NONE","seed_source_timestamp":595133776489541,"circlet_count":0,"master_deck":["Defend_G","Defend_G","Defend_G","Defend_G","Defend_G","Strike_G","Strike_G","Strike_G","Strike_G","Survivor","Neutralize+1","AscendersBane","Doppelganger+1","Slice","Backflip+1","Dash","Footwork+1","Slice","Envenom+1","Cloak And Dagger+1","Deflect","Backflip+1","Terror+1","Finisher","Cloak And Dagger+1"],"special_seed":0,"relics":["Ring of the Snake","Blood Vial","Bag of Marbles","Regal Pillow","White Beast Statue","Sundial","Toxic Egg 2","Lantern","Bottled Tornado"],"potions_floor_usage":[28,33],"damage_taken":[{"damage":1.0,"enemies":"Small Slimes","floor":1.0,"turns":4.0},{"damage":4.0,"enemies":"2 Louse","floor":4.0,"turns":4.0},{"damage":0.0,"enemies":"Cultist","floor":5.0,"turns":3.0},{"damage":17.0,"enemies":"3 Sentries","floor":7.0,"turns":13.0},{"damage":22.0,"enemies":"Lagavulin","floor":12.0,"turns":10.0},{"damage":0.0,"enemies":"Large Slime","floor":14.0,"turns":8.0},{"damage":9.0,"enemies":"The Guardian","floor":16.0,"turns":20.0},{"damage":12.0,"enemies":"Spheric Guardian","floor":18.0,"turns":9.0},{"damage":9.0,"enemies":"3 Byrds","floor":19.0,"turns":8.0},{"damage":20.0,"enemies":"Centurion and Healer","floor":22.0,"turns":11.0},{"damage":23.0,"enemies":"3 Cultists","floor":27.0,"turns":7.0},{"damage":16,"enemies":"3 Cultists","floor":28,"turns":9},{"damage":17,"enemies":"Book of Stabbing","floor":31,"turns":6},{"damage":47,"enemies":"Collector","floor":33,"turns":12}],"seed_played":"8049633208659537701","potions_obtained":[{"floor":5.0,"key":"SkillPotion"},{"floor":14.0,"key":"Block Potion"},{"floor":18.0,"key":"Ancient Potion"},{"floor":19.0,"key":"Strength Potion"},{"floor":22.0,"key":"FearPotion"},{"floor":31,"key":"Weak Potion"}],"is_trial":false,"path_per_floor":["M","?","$","M","M","R","E","R","T","?","R","E","R","M","R","B",null,"M","M","?","$","M","R","$","?","T","$","M","$","R","E","R"],"character_chosen":"THE_SILENT","items_purchased":["Toxic Egg 2","Finisher"],"campfire_rested":2,"item_purchase_floors":[21,29],"current_hp_per_floor":[58,63,63,59,59,59,42,42,42,42,42,22,58,60,60,53,67,57,50,50,50,32,32,32,55,55,34,20,20,56,41,41,0],"gold":38,"neow_bonus":"ONE_RANDOM_RARE_CARD","is_prod":false,"is_daily":false,"chose_seed":false,"campfire_upgraded":6,"win_rate":0,"timestamp":1533999590,"path_taken":["M","?","$","M","?","R","E","R","T","?","R","E","R","M","R","BOSS","M","M","?","$","M","R","?","?","T","?","M","$","R","E","R","BOSS"],"build_version":"2018-08-09","purchased_purges":1,"victory":false,"max_hp_per_floor":[66,71,71,71,71,71,71,71,71,71,71,71,71,71,71,71,71,71,71,71,71,71,71,71,71,71,71,71,71,71,71,71,71],"card_choices":[{"not_picked":["Sucker Punch","Poisoned Stab"],"picked":"Slice","floor":1.0},{"not_picked":["Deadly Poison","Prepared"],"picked":"Backflip","floor":4.0},{"not_picked":["Riddle With Holes","Prepared"],"picked":"Dash","floor":5.0},{"not_picked":["Wraith Form v2","Bouncing Flask"],"picked":"Footwork","floor":7.0},{"not_picked":["Setup","Poisoned Stab","Flechettes"],"picked":"SKIP","floor":12.0},{"not_picked":["Blade Dance","Accuracy"],"picked":"Slice","floor":14.0},{"not_picked":["Bullet Time","Storm of Steel"],"picked":"Envenom","floor":16.0},{"not_picked":["Blade Dance","Underhanded Strike"],"picked":"Cloak And Dagger","floor":18.0},{"not_picked":["Leg Sweep","Well Laid Plans"],"picked":"Deflect","floor":19.0},{"not_picked":["Sucker Punch","Outmaneuver+1"],"picked":"Backflip+1","floor":22.0},{"not_picked":["All Out Attack","Choke"],"picked":"Terror+1","floor":28},{"not_picked":["Flying Knee","Outmaneuver+1"],"picked":"Cloak And Dagger+1","floor":31}],"player_experience":627517,"relics_obtained":[{"floor":7.0,"key":"Blood Vial"},{"floor":9.0,"key":"Bag of Marbles"},{"floor":12.0,"key":"Regal Pillow"},{"floor":26.0,"key":"Lantern"},{"floor":31,"key":"Bottled Tornado"}],"event_choices":[{"event_name":"Big Fish","player_choice":"Donut","floor":2.0,"damage_taken":0.0},{"event_name":"Dead Adventurer","player_choice":"Searched \u00271\u0027 times","floor":10.0,"damage_taken":0.0},{"event_name":"Addict","player_choice":"Obtained Relic","floor":20.0,"damage_taken":0.0},{"event_name":"The Library","player_choice":"Heal","floor":25.0,"damage_taken":0.0}],"is_beta":false,"boss_relics":[{"not_picked":["Fusion Hammer","Philosopher\u0027s Stone"],"picked":"White Beast Statue"}],"items_purged_floors":[3],"is_endless":false,"potions_floor_spawned":[5,14,18,19,22,27,31],"killed_by":"Collector","ascension_level":14}