{"gold_per_floor":[18,18,18,18,38,38,38,38,88,88,20,20,52,64,64,140,140,151,182,192,117,117],"floor_reached":22,"playtime":736,"items_purged":["Strike_R"],"score":315,"play_id":"62d4d804-ce37-47c2-abcd-98ae62581d5d","local_time":"20190113234029","is_ascension_mode":true,"campfire_choices":[{"data":"Mind Blast","floor":6,"key":"SMITH"},{"data":"Forethought","floor":8,"key":"SMITH"},{"data":"Bash","floor":10,"key":"SMITH"},{"data":"Anger","floor":12,"key":"SMITH"},{"data":"Shrug It Off","floor":15,"key":"SMITH"}],"neow_cost":"NO_GOLD","seed_source_timestamp":544625644233186,"circlet_count":0,"master_deck":["AscendersBane","Strike_R","Strike_R","Strike_R","Defend_R+1","Defend_R","Defend_R","Defend_R","Bash+1","Mind Blast+1","Forethought+1","Battle Trance+1","Iron Wave","Anger+1","Ghostly Armor","Twin Strike","Shrug It Off+1","Double Tap","Headbutt"],"relics":["Burning Blood","Oddly Smooth Stone","Matryoshka","Coffee Dripper","Red Mask"],"potions_floor_usage":[19],"damage_taken":[{"damage":9,"enemies":"Small Slimes","floor":1,"turns":4},{"damage":18,"enemies":"Jaw Worm","floor":5,"turns":4},{"damage":5,"enemies":"Gremlin Nob","floor":13,"turns":4},{"damage":0,"enemies":"Cultist","floor":14,"turns":4},{"damage":34,"enemies":"Slime Boss","floor":16,"turns":13},{"damage":16,"enemies":"Shell Parasite","floor":18,"turns":4},{"damage":42,"enemies":"Masked Bandits","floor":19,"turns":6},{"damage":12,"enemies":"Spheric Guardian","floor":20,"turns":4},{"damage":9,"enemies":"Chosen and Byrds","floor":22,"turns":4}],"seed_played":"-2651885565630337127","potions_obtained":[{"floor":5,"key":"Dexterity Potion"},{"floor":14,"key":"Weak Potion"}],"is_trial":false,"path_per_floor":["M","?","$","?","M","R","?","R","T","R","$","R","E","M","R","B",null,"M","?","M","$","M"],"character_chosen":"IRONCLAD","items_purchased":["Ghostly Armor"],"campfire_rested":0,"item_purchase_floors":[11],"current_hp_per_floor":[65,42,42,42,30,30,30,30,30,30,30,30,31,37,37,9,59,49,13,7,7,0],"gold":117,"neow_bonus":"RANDOM_COLORLESS_2","is_prod":false,"is_daily":false,"chose_seed":false,"campfire_upgraded":5,"win_rate":0,"timestamp":1547419229,"path_taken":["M","?","$","?","M","R","?","R","T","R","$","R","E","M","R","BOSS","M","?","M","$","M"],"build_version":"2019-01-10","purchased_purges":1,"victory":false,"max_hp_per_floor":[75,75,75,75,75,75,75,75,75,75,75,75,75,75,75,75,75,75,75,75,75,75],"card_choices":[{"not_picked":["Bloodletting","True Grit"],"picked":"Battle Trance","floor":1},{"not_picked":["Flex","Pummel"],"picked":"Iron Wave","floor":5},{"not_picked":["Warcry","Shockwave"],"picked":"Twin Strike","floor":13},{"not_picked":["Pommel Strike","Wild Strike"],"picked":"Shrug It Off","floor":14},{"not_picked":["Impervious","Juggernaut"],"picked":"Double Tap","floor":16},{"not_picked":["Ghostly Armor+1","Wild Strike"],"picked":"Headbutt","floor":18},{"not_picked":["Wild Strike","Perfected Strike","Headbutt"],"picked":"SKIP","floor":20}],"player_experience":734259,"relics_obtained":[{"floor":9,"key":"Oddly Smooth Stone"},{"floor":13,"key":"Matryoshka"},{"floor":19,"key":"Red Mask"}],"event_choices":[{"damage_healed":0,"gold_gain":0,"player_choice":"Entered Light","damage_taken":23,"max_hp_gain":0,"max_hp_loss":0,"event_name":"Shining Light","floor":2,"gold_loss":0,"cards_upgraded":["Battle Trance","Defend_R"]},{"damage_healed":0,"gold_gain":0,"player_choice":"Leave","damage_taken":0,"max_hp_gain":0,"max_hp_loss":0,"event_name":"The Cleric","floor":4,"gold_loss":0},{"damage_healed":0,"gold_gain":0,"cards_transformed":["Strike_R"],"player_choice":"Transformed","damage_taken":0,"max_hp_gain":0,"max_hp_loss":0,"event_name":"Transmorgrifier","floor":7,"gold_loss":0,"cards_obtained":["Anger"]},{"damage_healed":0,"gold_gain":0,"player_choice":"Fought Bandits","damage_taken":0,"max_hp_gain":0,"max_hp_loss":0,"event_name":"Masked Bandits","floor":19,"gold_loss":0}],"is_beta":false,"boss_relics":[{"not_picked":["Velvet Choker","Cursed Key"],"picked":"Coffee Dripper"}],"items_purged_floors":[21],"is_endless":false,"potions_floor_spawned":[5,14,16],"killed_by":"Chosen and Byrds","ascension_level":15}