{"path_per_floor":["M","?","?","M","M","R","M","M","T","M","M","?","M","M","R"],"character_chosen":"THE_SILENT","items_purchased":[],"gold_per_floor":[18,18,18,41,61,61,74,99,124,145,166,166,180,195,195,195],"floor_reached":16,"campfire_rested":1,"playtime":794,"current_hp_per_floor":[58,63,45,36,29,29,27,26,26,24,25,25,23,25,49,0],"items_purged":[],"gold":195,"score":162,"play_id":"1206abf7-af6d-407e-958a-a91585cde2d8","local_time":"20180330115237","is_prod":false,"is_daily":false,"is_ascension_mode":true,"campfire_upgraded":1,"timestamp":1522403557,"path_taken":["M","?","?","?","M","R","M","M","T","M","M","?","?","?","R","BOSS"],"build_version":"2018-03-29v2","purchased_purges":0,"victory":false,"master_deck":["Defend_G","Defend_G","Defend_G","Defend_G","Defend_G","Strike_G","Strike_G","Strike_G","Strike_G","Strike_G","Survivor","Neutralize","AscendersBane","Storm of Steel+1","Backflip","Acrobatics","Dagger Throw","Escape Plan","Cloak And Dagger"],"max_hp_per_floor":[70,75,75,75,75,75,75,75,75,77,79,79,81,83,83,83],"relics":["Ring of the Snake","Golden Idol","Singing Bowl"],"card_choices":[{"not_picked":["Die Die Die","Night Terror"],"picked":"Storm of Steel","floor":0},{"not_picked":["Finisher","Poisoned Stab"],"picked":"Backflip","floor":1},{"not_picked":["Calculated Gamble","Quick Slash"],"picked":"Acrobatics","floor":4},{"not_picked":["Leg Sweep","Expertise"],"picked":"Dagger Throw","floor":5},{"not_picked":["Glass Knife","Dagger Spray"],"picked":"Escape Plan","floor":7},{"not_picked":["Choke","Expertise"],"picked":"Cloak And Dagger","floor":8}],"player_experience":474269,"potions_floor_usage":[16,16],"damage_taken":[{"damage":5,"enemies":"Cultist","floor":1,"turns":4},{"damage":9,"enemies":"2 Louse","floor":4,"turns":3},{"damage":7,"enemies":"Small Slimes","floor":5,"turns":5},{"damage":2,"enemies":"2 Fungi Beasts","floor":7,"turns":3},{"damage":1,"enemies":"3 Louse","floor":8,"turns":3},{"damage":4,"enemies":"Exordium Wildlife","floor":10,"turns":4},{"damage":1,"enemies":"2 Fungi Beasts","floor":11,"turns":2},{"damage":4,"enemies":"Lots of Slimes","floor":13,"turns":3},{"damage":0,"enemies":"Blue Slaver","floor":14,"turns":4},{"damage":49,"enemies":"Hexaghost","floor":16,"turns":9}],"event_choices":[{"event_name":"Big Fish","player_choice":"Donut","floor":2,"damage_taken":0},{"event_name":"Golden Idol","player_choice":"Take Damage","floor":3,"damage_taken":0},{"event_name":"The Lab","player_choice":"Got Potions","floor":12,"damage_taken":0}],"boss_relics":[],"potions_floor_spawned":[1,10,11,13,14],"seed_played":"5780798794588360937","killed_by":"Hexaghost","ascension_level":13,"is_trial":false}