{"gold_per_floor":[111,111,36,51,126,155,155,168,192,192,192,192],"floor_reached":12,"playtime":397,"items_purged":["Defend_R"],"score":84,"play_id":"759cb98c-1546-4b24-800b-c7f239578397","local_time":"20190630195947","is_ascension_mode":true,"campfire_choices":[{"floor":7,"key":"REST"},{"floor":10,"key":"REST"}],"neow_cost":"NONE","seed_source_timestamp":1478079704815414,"circlet_count":0,"master_deck":["Strike_R","Strike_R","Strike_R","Strike_R","Strike_R","Defend_R","Defend_R","Defend_R","Bash"],"relics":["Burning Blood","Potion Belt","Juzu Bracelet","Dream Catcher"],"potions_floor_usage":[12],"damage_taken":[{"damage":9,"enemies":"2 Louse","floor":1,"turns":4},{"damage":1,"enemies":"Cultist","floor":4,"turns":3},{"damage":54,"enemies":"Lagavulin","floor":6,"turns":7},{"damage":13,"enemies":"Small Slimes","floor":8,"turns":5},{"damage":84,"enemies":"3 Sentries","floor":12,"turns":16}],"seed_played":"9136105496074314815","potions_obtained":[{"floor":8,"key":"Dexterity Potion"}],"is_trial":false,"path_per_floor":["M","?","$","M","?","E","R","M","T","R","?","E"],"character_chosen":"IRONCLAD","items_purchased":[],"campfire_rested":2,"item_purchase_floors":[],"current_hp_per_floor":[85,90,90,93,84,36,63,56,56,83,76,0],"gold":192,"neow_bonus":"TEN_PERCENT_HP_BONUS","is_prod":false,"is_daily":false,"chose_seed":false,"campfire_upgraded":0,"win_rate":0,"timestamp":1561939187,"path_taken":["M","?","$","M","?","E","R","M","T","R","?","E"],"build_version":"2019-01-23","purchased_purges":1,"victory":false,"max_hp_per_floor":[88,93,93,93,93,93,93,93,93,93,93,93],"card_choices":[{"not_picked":["Warcry","Iron Wave","Second Wind"],"picked":"SKIP","floor":1},{"not_picked":["Pummel","Seeing Red","Clash"],"picked":"SKIP","floor":4},{"not_picked":["Clothesline","Shrug It Off","Sword Boomerang"],"picked":"SKIP","floor":6},{"not_picked":["Thunderclap","Cleave","Whirlwind"],"picked":"SKIP","floor":8}],"player_experience":83353,"relics_obtained":[{"floor":6,"key":"Potion Belt"},{"floor":9,"key":"Juzu Bracelet"}],"event_choices":[{"damage_healed":0,"gold_gain":0,"player_choice":"Donut","damage_taken":0,"max_hp_gain":5,"max_hp_loss":0,"event_name":"Big Fish","floor":2,"gold_loss":0},{"damage_healed":0,"gold_gain":75,"player_choice":"Touch","damage_taken":9,"max_hp_gain":0,"max_hp_loss":0,"event_name":"FaceTrader","floor":5,"gold_loss":0},{"damage_healed":0,"gold_gain":0,"player_choice":"Success","damage_taken":7,"relics_obtained":["Dream Catcher"],"max_hp_gain":0,"max_hp_loss":0,"event_name":"Scrap Ooze","floor":11,"gold_loss":0}],"is_beta":false,"boss_relics":[],"items_purged_floors":[3],"is_endless":false,"potions_floor_spawned":[8],"killed_by":"3 Sentries","ascension_level":2}