{"gold_per_floor":[114,114,133,58,58,58,34,34,116,156,156,171,194,212,212,342,342,358,358,209,230,250,250,250,250,276,292,292,333,354,354,354,475,475,499,499,31,44,44,44,85,85,109,109,125,156,156,177,177,177],"floor_reached":51,"playtime":2203,"items_purged":["Strike_B","Defend_B"],"score":1171,"play_id":"16dbf5c7-0545-41c2-a0d2-4bd0949f6220","local_time":"20180805234232","is_ascension_mode":true,"campfire_choices":[{"data":"Zap","floor":6.0,"key":"SMITH"},{"data":"Coolheaded","floor":8.0,"key":"SMITH"},{"data":"Turbo","floor":15.0,"key":"SMITH"},{"data":"Beam Cell","floor":23.0,"key":"SMITH"},{"data":"Barrage","floor":25.0,"key":"SMITH"},{"floor":28.0,"key":"REST"},{"floor":32.0,"key":"REST"},{"data":"Coolheaded","floor":40.0,"key":"SMITH"},{"data":"Storm","floor":42.0,"key":"SMITH"},{"data":"Dualcast","floor":47,"key":"SMITH"},{"data":"Glacier","floor":49,"key":"SMITH"}],"neow_cost":"TEN_PERCENT_HP_LOSS","seed_source_timestamp":318403095401252,"circlet_count":0,"master_deck":["Strike_B","Defend_B","Zap+1","Dualcast+1","AscendersBane","Coolheaded+1","Barrage+1","Turbo+1","Glacier+1","Beam Cell+1","Conserve Battery","Core Surge","Double Energy+1","Defragment+1","Defragment+1","Heatsinks+1","Compile Driver","Storm+1","Coolheaded+1","Capacitor+1","Defragment+1","Decay","Coolheaded+1"],"special_seed":0,"relics":["Cracked Core","Unceasing Top","Gremlin Horn","Golden Idol","Symbiotic Virus","Darkstone Periapt","Astrolabe","Enchiridion","Boot","Dodecahedron","Cursed Key","Medical Kit","Singing Bowl","Mummified Hand","Blood Vial","Strawberry"],"potions_floor_usage":[50],"damage_taken":[{"damage":5.0,"enemies":"Small Slimes","floor":1.0,"turns":4.0},{"damage":1.0,"enemies":"Cultist","floor":3.0,"turns":3.0},{"damage":16.0,"enemies":"3 Sentries","floor":10.0,"turns":6.0},{"damage":1.0,"enemies":"2 Louse","floor":12.0,"turns":2.0},{"damage":0.0,"enemies":"2 Fungi Beasts","floor":13.0,"turns":3.0},{"damage":4.0,"enemies":"Red Slaver","floor":14.0,"turns":4.0},{"damage":8.0,"enemies":"Hexaghost","floor":16.0,"turns":14.0},{"damage":0.0,"enemies":"Shell Parasite","floor":18.0,"turns":3.0},{"damage":0.0,"enemies":"2 Thieves","floor":21.0,"turns":3.0},{"damage":5.0,"enemies":"Cultist and Chosen","floor":22.0,"turns":6.0},{"damage":24.0,"enemies":"Snake Plant","floor":27.0,"turns":2.0},{"damage":11.0,"enemies":"Book of Stabbing","floor":29.0,"turns":3.0},{"damage":0.0,"enemies":"Slaver and Parasite","floor":30.0,"turns":1.0},{"damage":7.0,"enemies":"Collector","floor":33.0,"turns":6.0},{"damage":0.0,"enemies":"3 Shapes","floor":35.0,"turns":1.0},{"damage":4.0,"enemies":"Flame Bruiser 1 Orb","floor":38.0,"turns":4.0},{"damage":1.0,"enemies":"Giant Head","floor":41.0,"turns":4.0},{"damage":0.0,"enemies":"3 Darklings","floor":45.0,"turns":2.0},{"damage":0,"enemies":"Nemesis","floor":46,"turns":3},{"damage":0,"enemies":"4 Shapes","floor":48,"turns":1},{"damage":48,"enemies":"Time Eater","floor":50,"turns":5}],"seed_played":"8631207534195070155","potions_obtained":[{"floor":3.0,"key":"GamblersBrew"},{"floor":10.0,"key":"SneckoOil"},{"floor":21.0,"key":"Dexterity Potion"},{"floor":22.0,"key":"Fire Potion"},{"floor":29.0,"key":"LiquidBronze"},{"floor":30.0,"key":"PowerPotion"},{"floor":45.0,"key":"Fire Potion"}],"is_trial":false,"path_per_floor":["M","?","M","$","?","R","$","R","T","E","?","M","M","M","R","B",null,"M","?","$","M","M","R","?","R","T","M","R","E","M","?","R","B",null,"M","?","$","M","?","R","E","R","T","$","M","E","R","M","R","B"],"character_chosen":"DEFECT","items_purchased":["Barrage","Compile Driver","Medical Kit","Singing Bowl"],"campfire_rested":2,"item_purchase_floors":[7,20,37,37],"current_hp_per_floor":[63,63,62,62,45,45,45,45,45,29,29,28,28,24,24,16,55,55,39,39,39,34,34,34,34,34,10,30,19,19,19,39,32,59,59,59,59,64,64,64,65,65,71,71,73,84,84,88,88,41],"gold":177,"neow_bonus":"ONE_RARE_RELIC","is_prod":false,"is_daily":false,"chose_seed":false,"campfire_upgraded":9,"win_rate":0,"timestamp":1533505352,"path_taken":["M","?","M","$","?","R","$","R","T","E","?","?","M","M","R","BOSS","M","?","$","M","M","R","?","R","T","M","R","E","M","?","R","BOSS","M","?","$","M","?","R","E","R","T","$","M","E","R","M","R","BOSS"],"build_version":"2018-08-01","purchased_purges":2,"victory":true,"max_hp_per_floor":[68,68,68,68,68,68,68,68,68,68,68,68,68,68,68,68,68,68,68,68,68,68,68,68,68,68,68,68,68,68,68,68,68,68,68,68,68,70,70,70,72,72,78,78,78,87,87,89,89,89],"card_choices":[{"not_picked":["Hologram","Streamline"],"picked":"Sweeping Beam","floor":1.0},{"not_picked":["Tempest","Aggregate"],"picked":"Coolheaded","floor":3.0},{"not_picked":["Redo","Static Discharge"],"picked":"Turbo","floor":10.0},{"not_picked":["Creative AI","Hologram"],"picked":"Glacier","floor":12.0},{"not_picked":["Hologram","White Noise"],"picked":"Beam Cell","floor":13.0},{"not_picked":["Barrage","Core Surge"],"picked":"Conserve Battery","floor":14.0},{"not_picked":["Thunder Strike","Meteor Strike"],"picked":"Core Surge","floor":16.0},{"not_picked":["Tempest","Barrage+1"],"picked":"Heatsinks+1","floor":18.0},{"not_picked":["White Noise","Leap","Turbo"],"picked":"SKIP","floor":21.0},{"not_picked":["Doom and Gloom","Compile Driver"],"picked":"Storm","floor":22.0},{"not_picked":["Steam Power+1","Turbo"],"picked":"Coolheaded","floor":27.0},{"not_picked":["Turbo","Double Energy","Sweeping Beam+1"],"picked":"SKIP","floor":29.0},{"not_picked":["Sweeping Beam+1","Coolheaded"],"picked":"Capacitor+1","floor":30.0},{"not_picked":["Chaos","Hologram","Cold Snap"],"picked":"SKIP","floor":35.0},{"not_picked":["Conserve Battery","Rebound","Hologram+1"],"picked":"Singing Bowl","floor":38.0},{"not_picked":["Loop","Skim","Aggregate"],"picked":"Singing Bowl","floor":41.0},{"not_picked":["Undo","Leap+1"],"picked":"Coolheaded+1","floor":45.0},{"not_picked":["Chaos","Beam Cell+1","Genetic Algorithm"],"picked":"Singing Bowl","floor":46},{"not_picked":["Coolheaded","Aggregate","Hologram+1"],"picked":"Singing Bowl","floor":48}],"player_experience":753340,"relics_obtained":[{"floor":9.0,"key":"Symbiotic Virus"},{"floor":10.0,"key":"Darkstone Periapt"},{"floor":19.0,"key":"Enchiridion"},{"floor":26.0,"key":"Boot"},{"floor":29.0,"key":"Dodecahedron"},{"floor":41.0,"key":"Mummified Hand"},{"floor":43.0,"key":"Blood Vial"},{"floor":46,"key":"Strawberry"}],"event_choices":[{"event_name":"WeMeetAgain","player_choice":"Card","floor":2.0,"damage_taken":0.0},{"event_name":"Golden Idol","player_choice":"Take Damage","floor":5.0,"damage_taken":0.0},{"event_name":"Living Wall","player_choice":"Forget","floor":11.0,"damage_taken":0.0},{"event_name":"Cursed Tome","player_choice":"Obtained Book","floor":19.0,"damage_taken":0.0},{"event_name":"Drug Dealer","player_choice":"Ignored","floor":24.0,"damage_taken":0.0},{"event_name":"Vampires","player_choice":"Ignored","floor":31.0,"damage_taken":0.0},{"event_name":"Tomb of Lord Red Mask","player_choice":"Ignored","floor":36.0,"damage_taken":0.0},{"event_name":"Duplicator","player_choice":"One dupe","floor":39.0,"damage_taken":0.0}],"is_beta":true,"boss_relics":[{"not_picked":["Velvet Choker","Orrery"],"picked":"Astrolabe"},{"not_picked":["Busted Crown","Lizard Tail"],"picked":"Cursed Key"}],"items_purged_floors":[4,20],"is_endless":false,"potions_floor_spawned":[3,10,21,22,29,30,45,48],"ascension_level":11}