{"gold_per_floor":[119,119,119,132,142,172,195,195,195,195,2,14,14,47,47,151,151,165,183,68,68,83,83,93,93,141,240,260,4,16,16,16,115,115,128,0,0,0,20,51,51,81,81,91,108,108],"floor_reached":46,"playtime":1715,"items_purged":["Strike_R","Strike_R"],"score":538,"play_id":"14e2573f-7b6d-4eb2-8281-3978f95a3766","local_time":"20190414132639","is_ascension_mode":false,"campfire_choices":[{"floor":8,"key":"RECALL"},{"floor":13,"key":"REST"},{"data":"Seeing Red","floor":15,"key":"SMITH"},{"data":"Seeing Red","floor":23,"key":"SMITH"},{"floor":32,"key":"REST"},{"floor":41,"key":"REST"}],"neow_cost":"NONE","seed_source_timestamp":323190866579987,"circlet_count":0,"master_deck":["Bash","Dropkick","Cleave","Shrug It Off","Shrug It Off","Seeing Red+1","Demon Form","Heavy Blade","Uppercut","Seeing Red+1","Thunderclap","Writhe","Flex","Offering","Exhume","Berserk","Flex","Armaments","Sever Soul","Rage","Whirlwind","Dropkick+1","Dual Wield+1","Berserk"],"relics":["Burning Blood","Bronze Scales","Omamori","Bird Faced Urn","WarpedTongs","Chemical X","Blood Vial","Lizard Tail","StoneCalendar","Nunchaku","Art of War","Vajra","Pandora\u0027s Box","Red Mask","CultistMask","Bag of Marbles","Happy Flower","Darkstone Periapt"],"potions_floor_usage":[6,14,19,28,33,42,42,46],"damage_taken":[{"damage":17,"enemies":"Jaw Worm","floor":1,"turns":4},{"damage":3,"enemies":"Small Slimes","floor":4,"turns":3},{"damage":1,"enemies":"Cultist","floor":5,"turns":2},{"damage":37,"enemies":"3 Sentries","floor":6,"turns":10},{"damage":0,"enemies":"Exordium Thugs","floor":12,"turns":3},{"damage":27,"enemies":"Lagavulin","floor":14,"turns":6},{"damage":30,"enemies":"The Guardian","floor":16,"turns":13},{"damage":32,"enemies":"Spheric Guardian","floor":18,"turns":6},{"damage":24,"enemies":"Shell Parasite","floor":19,"turns":5},{"damage":23,"enemies":"Centurion and Healer","floor":22,"turns":7},{"damage":28,"enemies":"Shelled Parasite and Fungi","floor":24,"turns":6},{"damage":16,"enemies":"3 Cultists","floor":28,"turns":7},{"damage":28,"enemies":"Snake Plant","floor":30,"turns":4},{"damage":48,"enemies":"Automaton","floor":33,"turns":8},{"damage":61,"enemies":"3 Darklings","floor":35,"turns":5},{"damage":13,"enemies":"Orb Walker","floor":39,"turns":3},{"damage":31,"enemies":"Giant Head","floor":40,"turns":5},{"damage":6,"enemies":"Reptomancer","floor":42,"turns":2},{"damage":21,"enemies":"Spire Growth","floor":44,"turns":4},{"damage":21,"enemies":"Transient","floor":45,"turns":5},{"damage":43,"enemies":"Jaw Worm Horde","floor":46,"turns":2}],"seed_played":"3137002232022192783","potions_obtained":[{"floor":1,"key":"Energy Potion"},{"floor":6,"key":"EssenceOfSteel"},{"floor":16,"key":"Fire Potion"},{"floor":24,"key":"Dexterity Potion"},{"floor":30,"key":"PowerPotion"},{"floor":35,"key":"Explosive Potion"},{"floor":39,"key":"PowerPotion"},{"floor":45,"key":"EssenceOfSteel"}],"is_trial":false,"path_per_floor":["M","?","?","M","M","E","T","R","T","?","$","M","R","E","R","B",null,"M","M","$","?","M","R","M","?","T","?","M","$","M","$","R","B",null,"M","?","$","?","M","E","R","E","T","M","M","M"],"character_chosen":"IRONCLAD","items_purchased":["Chemical X","Uppercut","Vajra"],"campfire_rested":3,"item_purchase_floors":[11,20,29],"current_hp_per_floor":[69,62,62,65,70,39,39,39,39,39,39,45,69,48,48,26,80,54,40,40,40,27,27,9,9,9,9,42,42,24,24,48,12,80,29,29,29,29,26,7,31,37,37,28,19,0],"gold":108,"neow_bonus":"RANDOM_COMMON_RELIC","is_prod":false,"is_daily":false,"chose_seed":false,"campfire_upgraded":2,"win_rate":0,"timestamp":1555266399,"path_taken":["M","?","?","?","M","E","?","R","T","?","$","?","R","E","R","BOSS","M","?","?","?","M","R","M","?","T","?","?","$","M","$","R","BOSS","M","?","$","?","M","E","R","E","T","M","?","M"],"build_version":"2019-01-23","purchased_purges":2,"victory":false,"max_hp_per_floor":[80,80,80,80,80,80,80,80,80,80,80,80,80,80,80,80,80,80,80,80,80,80,80,80,80,80,80,80,80,80,80,80,80,80,80,80,80,80,80,80,80,80,80,80,80,80],"card_choices":[{"not_picked":["Cleave","Infernal Blade"],"picked":"Dropkick","floor":1},{"not_picked":["Entrench","Spot Weakness"],"picked":"Cleave","floor":4},{"not_picked":["Armaments","Havoc","Cleave"],"picked":"SKIP","floor":5},{"not_picked":["Body Slam","Entrench"],"picked":"Shrug It Off","floor":6},{"not_picked":["Hemokinesis","Body Slam"],"picked":"Shrug It Off","floor":12},{"not_picked":["Bloodletting","Flex"],"picked":"Seeing Red","floor":14},{"not_picked":["Limit Break","Feed"],"picked":"Demon Form","floor":16},{"not_picked":["Clothesline+1","Warcry+1"],"picked":"Heavy Blade","floor":18},{"not_picked":["Searing Blow","Pummel","Havoc"],"picked":"SKIP","floor":19},{"not_picked":["Power Through+1","Carnage"],"picked":"Seeing Red","floor":22},{"not_picked":["Uppercut","Sword Boomerang+1"],"picked":"Thunderclap","floor":24},{"not_picked":["Shockwave","Anger"],"picked":"Flex","floor":28},{"not_picked":["Carnage","Bloodletting"],"picked":"Offering","floor":30},{"not_picked":["Feed","Juggernaut"],"picked":"Exhume","floor":33},{"not_picked":["Twin Strike","Clash","Blood for Blood"],"picked":"SKIP","floor":35},{"not_picked":["True Grit+1","Wild Strike+1"],"picked":"Whirlwind","floor":39},{"not_picked":["True Grit+1","Metallicize+1","Clothesline+1"],"picked":"SKIP","floor":40},{"not_picked":["Spot Weakness+1","True Grit+1"],"picked":"Dropkick+1","floor":42},{"not_picked":["Uppercut","Pummel+1"],"picked":"Dual Wield+1","floor":44},{"not_picked":["Sword Boomerang","True Grit"],"picked":"Berserk","floor":45}],"player_experience":769113,"relics_obtained":[{"floor":6,"key":"Omamori"},{"floor":9,"key":"Bird Faced Urn"},{"floor":14,"key":"Blood Vial"},{"floor":26,"key":"Art of War"},{"floor":40,"key":"Bag of Marbles"},{"floor":42,"key":"Happy Flower"},{"floor":43,"key":"Darkstone Periapt"}],"event_choices":[{"cards_removed":["Strike_R"],"damage_healed":0,"gold_gain":0,"player_choice":"Card Removal","damage_taken":7,"max_hp_gain":0,"max_hp_loss":0,"event_name":"Golden Wing","floor":2,"gold_loss":0},{"cards_removed":["Strike_R"],"damage_healed":0,"gold_gain":0,"player_choice":"Purged","damage_taken":0,"max_hp_gain":0,"max_hp_loss":0,"event_name":"Purifier","floor":3,"gold_loss":0},{"damage_healed":0,"gold_gain":0,"player_choice":"Rummage","damage_taken":0,"relics_obtained":["WarpedTongs"],"max_hp_gain":0,"max_hp_loss":0,"event_name":"Accursed Blacksmith","floor":10,"gold_loss":0,"cards_obtained":["Pain"]},{"damage_healed":0,"gold_gain":0,"player_choice":"Stole Relic","damage_taken":0,"relics_obtained":["StoneCalendar"],"max_hp_gain":0,"max_hp_loss":0,"event_name":"Addict","floor":21,"gold_loss":0,"cards_obtained":["Shame"]},{"damage_healed":0,"gold_gain":0,"player_choice":"Opened","damage_taken":0,"relics_obtained":["Nunchaku"],"max_hp_gain":0,"max_hp_loss":0,"event_name":"The Mausoleum","floor":25,"gold_loss":0,"cards_obtained":["Writhe"]},{"damage_healed":0,"gold_gain":99,"player_choice":"Stole From Cult","damage_taken":0,"max_hp_gain":0,"max_hp_loss":0,"event_name":"Nest","floor":27,"gold_loss":0},{"damage_healed":0,"gold_gain":0,"player_choice":"Paid","damage_taken":0,"relics_obtained":["Red Mask"],"max_hp_gain":0,"max_hp_loss":0,"event_name":"Tomb of Lord Red Mask","floor":36,"gold_loss":128},{"damage_healed":0,"gold_gain":0,"player_choice":"Trade","damage_taken":0,"relics_obtained":["CultistMask"],"max_hp_gain":0,"max_hp_loss":0,"event_name":"FaceTrader","floor":38,"gold_loss":0}],"is_beta":false,"boss_relics":[{"not_picked":["Velvet Choker","White Beast Statue"],"picked":"Lizard Tail"},{"not_picked":["Snecko Eye","Philosopher\u0027s Stone"],"picked":"Pandora\u0027s Box"}],"items_purged_floors":[20,29],"is_endless":false,"potions_floor_spawned":[1,6,16,24,30,35,39,45],"killed_by":"Jaw Worm Horde","ascension_level":0}