{"path_per_floor":["M","M","M","?","M","R","E","R","T","M","?","$","M","M","R","B",null,"M","?","?","M","T","R","?","E","T","R","M","E","R","$","R","B",null,"M","$","?","M","M"],"character_chosen":"DEFECT","items_purchased":["Defragment","Toolbox","Blue Candle"],"gold_per_floor":[117,137,150,150,174,174,212,212,212,237,237,80,94,112,112,232,232,257,301,301,321,321,321,321,356,433,433,458,489,489,147,147,276,276,292,36,36,57,77,77],"floor_reached":40,"campfire_rested":3,"playtime":2213,"current_hp_per_floor":[67,64,59,59,19,39,14,34,34,28,28,28,28,27,27,14,68,68,39,39,38,38,38,60,17,17,37,36,13,13,13,13,9,68,66,66,66,55,26,0],"items_purged":["Injury","Doubt"],"gold":77,"score":447,"play_id":"b70e13cc-4239-4b51-8464-26a8d0d2449e","local_time":"20180501191958","is_prod":false,"is_daily":false,"chose_seed":false,"is_ascension_mode":true,"campfire_upgraded":4,"timestamp":1525195198,"path_taken":["M","M","?","?","M","R","E","R","T","M","?","$","M","M","R","BOSS","M","?","?","?","?","R","?","E","T","R","M","E","R","$","R","BOSS","M","$","?","M","?","E"],"build_version":"2018-04-30","seed_source_timestamp":554051803911064,"purchased_purges":2,"victory":false,"master_deck":["Strike_B","Strike_B","Defend_B","Defend_B","Defend_B","Defend_B","Zap+1","Dualcast","Seek+1","Capacitor","Ball Lightning","Rebound","White Noise","Reprogram","Darkness","Nova","Defragment+1","Coolheaded","Prime+1","Coolheaded","Leap","Parasite","Barrage+1","Capacitor","Seek","Machine Learning+1","Conserve Battery"],"max_hp_per_floor":[68,68,68,68,68,68,68,68,68,68,68,68,68,68,68,68,68,68,68,68,68,68,68,68,68,68,68,68,68,68,68,68,68,68,68,68,68,68,68,68],"relics":["Cracked Core","Golden Idol","Cables","Dodecahedron","Cursed Key","Red Mask","Pantograph","Bottled Lightning","Letter Opener","Frozen Egg 2","Toolbox","Eternal Feather","Blue Candle"],"card_choices":[{"not_picked":["Fusion","Redo"],"picked":"Seek","floor":0},{"not_picked":["Leap","Storm"],"picked":"Capacitor","floor":1},{"not_picked":["Turbo","Sweeping Beam"],"picked":"Ball Lightning","floor":2},{"not_picked":["Rip and Tear","Reinforced Body"],"picked":"Rebound","floor":3},{"not_picked":["Impulse","Self Repair"],"picked":"White Noise","floor":5},{"not_picked":["Rebound","Go for the Eyes"],"picked":"Reprogram","floor":7},{"not_picked":["Turbo","Genetic Algorithm"],"picked":"Darkness","floor":10},{"not_picked":["Reboot","Sunder"],"picked":"Coolheaded","floor":13},{"not_picked":["Hyperbeam","Seek"],"picked":"Prime","floor":16},{"not_picked":["Reinforced Body","Capacitor"],"picked":"Coolheaded","floor":18},{"not_picked":["Sweeping Beam","Beam Cell"],"picked":"Leap","floor":21},{"not_picked":["Hello World","Force Field"],"picked":"Barrage","floor":25},{"not_picked":["Leap","Stack"],"picked":"Capacitor","floor":28},{"not_picked":["Leap","Flux Capacitor"],"picked":"Seek","floor":29},{"not_picked":["Biased Cognition","Nova"],"picked":"Machine Learning","floor":33},{"not_picked":["Go for the Eyes","Beam Cell"],"picked":"Conserve Battery","floor":39}],"player_experience":569135,"potions_floor_usage":[18,19,29,33,39],"damage_taken":[{"damage":1,"enemies":"Cultist","floor":1,"turns":3},{"damage":3,"enemies":"Jaw Worm","floor":2,"turns":5},{"damage":5,"enemies":"Small Slimes","floor":3,"turns":3},{"damage":40,"enemies":"Gremlin Gang","floor":5,"turns":5},{"damage":25,"enemies":"3 Sentries","floor":7,"turns":6},{"damage":6,"enemies":"Red Slaver","floor":10,"turns":4},{"damage":0,"enemies":"Large Slime","floor":13,"turns":5},{"damage":1,"enemies":"Looter","floor":14,"turns":4},{"damage":13,"enemies":"Slime Boss","floor":16,"turns":8},{"damage":0,"enemies":"Chosen","floor":18,"turns":5},{"damage":29,"enemies":"Masked Bandits","floor":19,"turns":5},{"damage":1,"enemies":"Spheric Guardian","floor":21,"turns":4},{"damage":43,"enemies":"Slavers","floor":25,"turns":4},{"damage":1,"enemies":"Snecko","floor":28,"turns":4},{"damage":23,"enemies":"Gremlin Leader","floor":29,"turns":5},{"damage":44,"enemies":"Champ","floor":33,"turns":9},{"damage":2,"enemies":"Orb Walker","floor":35,"turns":2},{"damage":11,"enemies":"3 Shapes","floor":38,"turns":2},{"damage":29,"enemies":"3 Darklings","floor":39,"turns":4},{"damage":60,"enemies":"Nemesis","floor":40,"turns":4}],"event_choices":[{"event_name":"Golden Idol","player_choice":"Take Wound","floor":4,"damage_taken":0},{"event_name":"Transmorgrifier","player_choice":"Transform","floor":11,"damage_taken":0},{"event_name":"Vampires","player_choice":"Ignored","floor":20,"damage_taken":0},{"event_name":"The Library","player_choice":"Heal","floor":24,"damage_taken":0}],"boss_relics":[{"not_picked":["Ectoplasm","Orrery"],"picked":"Cursed Key"},{"not_picked":["Black Star","Tiny House"],"picked":"Eternal Feather"}],"potions_floor_spawned":[7,14,16,19,21,25,29,38],"seed_played":"1943400740903178010","killed_by":"Nemesis","ascension_level":1,"is_trial":false}