{"gold_per_floor":[11,11,11,25,25,25,35,35,35,35,35,49,49,84,84,84],"floor_reached":16,"playtime":358,"items_purged":[],"score":157,"play_id":"353360bd-27b2-464d-b788-3bc1e8d0a30a","local_time":"20180806104246","is_ascension_mode":true,"campfire_choices":[{"data":"Zap","floor":6.0,"key":"SMITH"},{"data":"Defragment","floor":10,"key":"SMITH"},{"data":"Defragment","floor":13,"key":"SMITH"},{"data":"Dualcast","floor":15,"key":"SMITH"}],"neow_cost":"NO_GOLD","seed_source_timestamp":338103439921515,"circlet_count":0,"master_deck":["Strike_B","Strike_B","Defend_B","Defend_B","Defend_B","Zap+1","Dualcast+1","AscendersBane","Defragment+1","Defragment+1","Cold Snap"],"special_seed":0,"relics":["Cracked Core","Omamori"],"potions_floor_usage":[14,16],"damage_taken":[{"damage":1.0,"enemies":"2 Louse","floor":1.0,"turns":3.0},{"damage":1.0,"enemies":"Cultist","floor":4.0,"turns":3.0},{"damage":4.0,"enemies":"Small Slimes","floor":7.0,"turns":3.0},{"damage":7,"enemies":"Looter","floor":12,"turns":3},{"damage":25,"enemies":"Lagavulin","floor":14,"turns":5},{"damage":29,"enemies":"Hexaghost","floor":16,"turns":10}],"seed_played":"-486432302791899824","potions_obtained":[{"floor":1.0,"key":"PowerPotion"},{"floor":2.0,"key":"PowerPotion"}],"is_trial":false,"path_per_floor":["M","?","?","M","$","R","M","?","T","R","$","M","R","E","R"],"character_chosen":"DEFECT","items_purchased":[],"campfire_rested":0,"item_purchase_floors":[],"current_hp_per_floor":[67,67,67,66,66,66,62,55,55,55,55,48,48,23,23,0],"gold":84,"neow_bonus":"REMOVE_TWO","is_prod":false,"is_daily":false,"chose_seed":false,"campfire_upgraded":4,"win_rate":0,"timestamp":1533544966,"path_taken":["M","?","?","M","$","R","M","?","T","R","?","M","R","E","R","BOSS"],"build_version":"2018-08-01","purchased_purges":0,"victory":false,"max_hp_per_floor":[75,75,75,75,75,75,75,75,75,75,75,75,75,75,75,75],"card_choices":[{"not_picked":["Chaos","Leap","Cold Snap"],"picked":"SKIP","floor":1.0},{"not_picked":["Go for the Eyes","Beam Cell"],"picked":"Defragment","floor":4.0},{"not_picked":["Consume","Force Field"],"picked":"Defragment","floor":7.0},{"not_picked":["Auto Shields","Chaos","Streamline"],"picked":"SKIP","floor":12},{"not_picked":["Ball Lightning","Gash"],"picked":"Cold Snap","floor":14}],"player_experience":756451,"relics_obtained":[{"floor":14,"key":"Omamori"}],"event_choices":[{"event_name":"The Lab","player_choice":"Got Potions","floor":2.0,"damage_taken":0.0},{"event_name":"Scrap Ooze","player_choice":"unsuccessful","floor":3.0,"damage_taken":0.0},{"event_name":"Golden Wing","player_choice":"Card Removal","floor":8.0,"damage_taken":0.0}],"is_beta":true,"boss_relics":[],"items_purged_floors":[],"is_endless":false,"potions_floor_spawned":[1,7,12],"killed_by":"Hexaghost","ascension_level":12}