{"gold_per_floor":[117,192,211,211,231,231,259,259,259,275,305,320,222,242,242,315,315,327,346,102,2,2,2,33,46,46,46,46],"floor_reached":28,"playtime":715,"items_purged":["Strike_B","Strike_B"],"score":434,"play_id":"fec94463-d3f1-4397-ac21-e8b1a3aafe32","local_time":"20190113161810","is_ascension_mode":true,"campfire_choices":[{"data":"Dualcast","floor":6.0,"key":"SMITH"},{"floor":8.0,"key":"REST"},{"data":"Redo","floor":15.0,"key":"SMITH"},{"data":"Static Discharge","floor":23,"key":"SMITH"}],"neow_cost":"NONE","seed_source_timestamp":518046537549833,"circlet_count":0,"master_deck":["AscendersBane","Strike_B","Strike_B","Defend_B","Defend_B","Defend_B","Defend_B","Zap+1","Dualcast+1","Static Discharge+1","Sweeping Beam+1","Conserve Battery","Melter","Core Surge","Steam","Redo+1","Reboot","Hologram+1","Electrodynamics","Coolheaded","Decay"],"special_seed":0,"relics":["Cracked Core","NeowsBlessing","Pantograph","Orichalcum","Pear","White Beast Statue","Bottled Flame","Singing Bowl","Darkstone Periapt"],"potions_floor_usage":[24,25,25],"damage_taken":[{"damage":0.0,"enemies":"Jaw Worm","floor":1.0,"turns":1.0},{"damage":0.0,"enemies":"Small Slimes","floor":3.0,"turns":1.0},{"damage":0.0,"enemies":"Cultist","floor":5.0,"turns":1.0},{"damage":13.0,"enemies":"Lagavulin","floor":7.0,"turns":6.0},{"damage":0.0,"enemies":"3 Louse","floor":10.0,"turns":2.0},{"damage":25.0,"enemies":"Gremlin Nob","floor":11.0,"turns":4.0},{"damage":0.0,"enemies":"2 Fungi Beasts","floor":12.0,"turns":2.0},{"damage":1.0,"enemies":"Exordium Wildlife","floor":14.0,"turns":3.0},{"damage":21.0,"enemies":"The Guardian","floor":16.0,"turns":9.0},{"damage":7.0,"enemies":"Chosen","floor":18.0,"turns":4.0},{"damage":6.0,"enemies":"3 Byrds","floor":19.0,"turns":2.0},{"damage":34,"enemies":"Book of Stabbing","floor":24,"turns":4},{"damage":16,"enemies":"Shelled Parasite and Fungi","floor":25,"turns":4},{"damage":23,"enemies":"Centurion and Healer","floor":28,"turns":5}],"seed_played":"244173942086757415","potions_obtained":[{"floor":5.0,"key":"LiquidBronze"},{"floor":11.0,"key":"FocusPotion"},{"floor":12.0,"key":"Swift Potion"},{"floor":16.0,"key":"GamblersBrew"},{"floor":18.0,"key":"PowerPotion"},{"floor":19.0,"key":"Swift Potion"},{"floor":24,"key":"SneckoOil"},{"floor":25,"key":"LiquidBronze"}],"is_trial":false,"path_per_floor":["M","?","M","?","M","R","E","R","T","M","E","M","$","M","R","B",null,"M","M","$","$","?","R","E","M","T","?","M"],"character_chosen":"DEFECT","items_purchased":["Redo","Bottled Flame"],"campfire_rested":1,"item_purchase_floors":[13,20],"current_hp_per_floor":[64,53,53,32,32,32,19,40,40,40,25,25,25,24,24,28,68,61,55,55,55,55,55,21,5,5,11,0],"gold":46,"neow_bonus":"THREE_ENEMY_KILL","is_prod":false,"is_daily":false,"chose_seed":false,"campfire_upgraded":3,"win_rate":0,"timestamp":1547392690,"path_taken":["M","?","M","?","?","R","E","R","T","M","E","M","$","M","R","BOSS","M","M","?","$","?","R","E","M","T","?","?"],"build_version":"2019-01-10","purchased_purges":2,"victory":false,"max_hp_per_floor":[71,71,71,71,71,71,71,71,71,71,81,81,81,81,81,81,81,81,81,81,81,81,81,81,81,81,87,87],"card_choices":[{"not_picked":["Leap","Hello World"],"picked":"Static Discharge","floor":1.0},{"not_picked":["Gash","Go for the Eyes"],"picked":"Sweeping Beam","floor":3.0},{"not_picked":["Hologram","Sweeping Beam"],"picked":"Conserve Battery","floor":5.0},{"not_picked":["Hello World","Hologram"],"picked":"Melter","floor":7.0},{"not_picked":["Cold Snap","Gash","Hologram"],"picked":"SKIP","floor":10.0},{"not_picked":["FTL","Storm"],"picked":"Core Surge","floor":11.0},{"not_picked":["Ball Lightning","Barrage"],"picked":"Steam","floor":12.0},{"not_picked":["Redo","Beam Cell","Auto Shields"],"picked":"SKIP","floor":14.0},{"not_picked":["Echo Form","All For One"],"picked":"Reboot","floor":16.0},{"not_picked":["Melter+1","Hologram","Sweeping Beam"],"picked":"SKIP","floor":18.0},{"not_picked":["Doom and Gloom","Streamline"],"picked":"Hologram+1","floor":19.0},{"not_picked":["Sweeping Beam","Melter"],"picked":"Electrodynamics","floor":24},{"not_picked":["Gash","Static Discharge"],"picked":"Coolheaded","floor":25}],"player_experience":723505,"relics_obtained":[{"floor":7.0,"key":"Pantograph"},{"floor":9.0,"key":"Orichalcum"},{"floor":11.0,"key":"Pear"},{"floor":24,"key":"Singing Bowl"},{"floor":26,"key":"Darkstone Periapt"}],"event_choices":[{"damage_healed":0.0,"max_hp_gain":0.0,"max_hp_loss":0.0,"gold_gain":75.0,"event_name":"World of Goop","player_choice":"Gather Gold","floor":2.0,"gold_loss":0.0,"damage_taken":11.0},{"damage_healed":0.0,"max_hp_gain":0.0,"max_hp_loss":0.0,"gold_gain":0.0,"event_name":"Shining Light","player_choice":"Entered Light","floor":4.0,"gold_loss":0.0,"damage_taken":21.0,"cards_upgraded":["Sweeping Beam","Zap"]},{"damage_healed":0,"gold_gain":0,"player_choice":"Smashed Altar","damage_taken":0,"max_hp_gain":0,"max_hp_loss":0,"event_name":"Forgotten Altar","floor":27,"gold_loss":0,"cards_obtained":["Decay"]}],"is_beta":false,"boss_relics":[{"not_picked":["Lizard Tail","Runic Dome"],"picked":"White Beast Statue"}],"items_purged_floors":[13,21],"is_endless":false,"potions_floor_spawned":[5,11,12,16,18,19,24,25],"killed_by":"Centurion and Healer","ascension_level":15}