{"path_per_floor":["M","?","$","M","M","R","M","E","T","R","M","?","R","?","R","B",null,"M","$","?","?","$","E","R","$","T","M","M","?","R","M","R","B",null,"M","?","?","M","$","R","$","R","T","E","M","R","M","$","R","B"],"character_chosen":"IRONCLAD","items_purchased":["Membership Card","Ginger","Paper Frog","Regal Pillow","Mango","Apotheosis"],"gold_per_floor":[116,116,41,60,73,73,89,124,178,178,192,192,192,192,192,295,295,313,22,22,22,22,50,50,50,74,94,111,111,111,131,131,229,229,241,241,294,309,229,229,73,73,73,403,417,417,428,25,25,25],"floor_reached":51,"campfire_rested":6,"playtime":1999,"current_hp_per_floor":[72,72,72,67,73,73,59,42,42,42,35,35,59,59,59,37,69,71,71,71,55,55,28,52,52,52,54,56,56,56,38,62,46,72,65,55,32,24,24,48,48,72,72,67,50,50,31,45,88,39],"items_purged":["Clumsy","Strike_R","Immolate"],"gold":25,"score":695,"play_id":"99703cf0-78aa-45f7-8857-2d4fe929c4fc","is_prod":false,"is_daily":false,"is_ascension_mode":true,"campfire_upgraded":4,"path_taken":["M","?","$","M","M","R","M","E","T","R","M","?","R","?","R","BOSS","M","$","?","?","$","E","R","$","T","M","M","?","R","M","R","BOSS","M","?","?","M","$","R","$","R","T","E","M","R","M","$","R","BOSS"],"build_version":"2018-02-12-PROD1","purchased_purges":3,"victory":true,"master_deck":["Strike_R","Strike_R","Strike_R","Defend_R","Defend_R","Bash+1","Limit Break+1","Inflame+1","Heavy Blade+1","Flex+1","Offering","True Grit","Inflame+1","Pummel","Exhume","Body Slam+1","True Grit+1","Madness","Madness","Offering","Flame Barrier+1","Apotheosis"],"max_hp_per_floor":[80,80,80,80,80,80,80,80,80,80,80,80,80,80,80,80,80,80,80,80,80,80,80,80,80,80,80,80,80,80,80,80,80,80,80,80,80,80,80,80,80,80,80,80,80,80,80,94,94,94],"relics":["Burning Blood","The Courier","Orichalcum","Sozu","Membership Card","Ginger","Enchiridion","Prayer Wheel","Nloth\u0027s Gift","Astrolabe","Champion Belt","Paper Frog","Girya","Old Coin","Regal Pillow","Mango"],"card_choices":[{"not_picked":["Reaper","Fiend Fire"],"picked":"Limit Break"},{"not_picked":["Perfected Strike","Clothesline"],"picked":"Inflame"},{"not_picked":["Hemokinesis","Rage"],"picked":"Heavy Blade"},{"not_picked":["Thunderclap","True Grit"],"picked":"Flex"},{"not_picked":["Berserk","Bludgeon"],"picked":"Offering"},{"not_picked":["Pummel","Sword Boomerang"],"picked":"True Grit"},{"not_picked":["Twin Strike","True Grit"],"picked":"Inflame"},{"not_picked":["Thunderclap","Shockwave"],"picked":"Pummel"},{"not_picked":["Immolate","Brutality"],"picked":"Exhume"},{"not_picked":["Flex","Heavy Blade"],"picked":"Offering"},{"not_picked":["Anger","Reckless Charge"],"picked":"Flame Barrier"}],"player_experience":244613,"potions_floor_usage":[],"damage_taken":[{"damage":14.0,"enemies":"Jaw Worm","floor":1.0,"turns":4.0},{"damage":11.0,"enemies":"2 Louse","floor":4.0,"turns":3.0},{"damage":0.0,"enemies":"Small Slimes","floor":5.0,"turns":3.0},{"damage":20.0,"enemies":"3 Louse","floor":7.0,"turns":3.0},{"damage":23.0,"enemies":"Lagavulin","floor":8.0,"turns":5.0},{"damage":13.0,"enemies":"Large Slime","floor":11.0,"turns":3.0},{"damage":28.0,"enemies":"The Guardian","floor":16.0,"turns":6.0},{"damage":4.0,"enemies":"Chosen","floor":18.0,"turns":2.0},{"damage":33.0,"enemies":"Gremlin Leader","floor":23.0,"turns":5.0},{"damage":4.0,"enemies":"Spheric Guardian","floor":27.0,"turns":3.0},{"damage":4.0,"enemies":"Cultist and Chosen","floor":28.0,"turns":3.0},{"damage":24.0,"enemies":"Snake Plant","floor":31.0,"turns":2.0},{"damage":22.0,"enemies":"Collector","floor":33.0,"turns":5.0},{"damage":13.0,"enemies":"Orb Walker","floor":35.0,"turns":3.0},{"damage":29,"enemies":"신비한 구체","floor":37,"turns":9},{"damage":14,"enemies":"3 Shapes","floor":38,"turns":2},{"damage":11,"enemies":"Giant Head","floor":44,"turns":5},{"damage":23,"enemies":"3 Darklings","floor":45,"turns":3},{"damage":25,"enemies":"4 Shapes","floor":47,"turns":4},{"damage":55,"enemies":"Donu and Deca","floor":50,"turns":4}],"event_choices":[{"event_name":"Living Wall","player_choice":"Grow","floor":2.0,"damage_taken":0.0},{"event_name":"Shining Light","player_choice":"Ignored","floor":12.0,"damage_taken":0.0},{"event_name":"The Lab","player_choice":"Got Potions","floor":14.0,"damage_taken":0.0},{"event_name":"Beggar","player_choice":"Ignored","floor":20.0,"damage_taken":0.0},{"event_name":"Cursed Tome","player_choice":"Obtained Book","floor":21.0,"damage_taken":0.0},{"event_name":"N\u0027loth","player_choice":"Traded a Dodecahedron","floor":29.0,"damage_taken":0.0},{"event_name":"Winding Halls","player_choice":"Embrace Madness","floor":36.0,"damage_taken":0.0},{"event_name":"Mysterious Sphere","player_choice":"Fight","floor":37,"damage_taken":0}],"boss_relics":[],"potions_floor_spawned":[5,16,18,27,31,35,38,47],"seed_played":"-7956895986166897313","ascension_level":5,"is_trial":false}