{"gold_per_floor":[115,132,151,161,172,172,206,206,230,180,206,86,86,98,98,98],"floor_reached":16,"playtime":476,"items_purged":["Strike_R","Strike_R"],"score":112,"play_id":"35dcd6a6-e27e-4939-84bd-ae559bb92e4a","local_time":"20190310093553","is_ascension_mode":false,"campfire_choices":[{"data":"Bash","floor":6,"key":"SMITH"},{"data":"Iron Wave","floor":8,"key":"SMITH"},{"data":"Battle Trance","floor":15,"key":"SMITH"}],"neow_cost":"NONE","seed_source_timestamp":80021625613964,"circlet_count":0,"master_deck":["Strike_R","Strike_R","Strike_R","Defend_R","Defend_R+1","Defend_R+1","Defend_R","Bash+1","Iron Wave+1","Battle Trance+1"],"relics":["Burning Blood","Smiling Mask","War Paint","Oddly Smooth Stone","Juzu Bracelet","PreservedInsect"],"potions_floor_usage":[7],"damage_taken":[{"damage":6,"enemies":"Cultist","floor":1,"turns":3},{"damage":0,"enemies":"Small Slimes","floor":2,"turns":4},{"damage":8,"enemies":"Jaw Worm","floor":3,"turns":4},{"damage":5,"enemies":"2 Fungi Beasts","floor":4,"turns":5},{"damage":10,"enemies":"Large Slime","floor":5,"turns":8},{"damage":9,"enemies":"Gremlin Nob","floor":7,"turns":3},{"damage":6,"enemies":"3 Sentries","floor":11,"turns":12},{"damage":1,"enemies":"Exordium Wildlife","floor":14,"turns":4},{"damage":26,"enemies":"Slime Boss","floor":16,"turns":7}],"seed_played":"-5002628991167732553","potions_obtained":[{"floor":2,"key":"EssenceOfSteel"},{"floor":3,"key":"Energy Potion"},{"floor":7,"key":"EssenceOfSteel"},{"floor":11,"key":"SteroidPotion"}],"is_trial":false,"path_per_floor":["M","M","M","M","M","R","E","R","T","$","E","$","?","M","R","B"],"character_chosen":"IRONCLAD","items_purchased":["Battle Trance"],"campfire_rested":0,"item_purchase_floors":[12],"current_hp_per_floor":[80,80,78,79,75,75,72,72,72,72,72,72,69,74,74,48],"gold":98,"neow_bonus":"RANDOM_COMMON_RELIC","is_prod":false,"is_daily":false,"chose_seed":false,"campfire_upgraded":3,"win_rate":0,"timestamp":1552206953,"path_taken":["M","M","?","M","?","R","E","R","T","$","E","?","?","M","R","BOSS"],"build_version":"2019-01-23","purchased_purges":2,"victory":false,"max_hp_per_floor":[80,80,80,80,80,80,80,80,80,80,80,80,80,80,80,80],"card_choices":[{"not_picked":["Cleave","Rupture"],"picked":"Iron Wave","floor":1},{"not_picked":["Burning Pact","Bloodletting","Thunderclap"],"picked":"SKIP","floor":2},{"not_picked":["Twin Strike","Warcry","Power Through"],"picked":"SKIP","floor":3},{"not_picked":["Twin Strike","Warcry","Power Through"],"picked":"SKIP","floor":3},{"not_picked":["Dropkick","Havoc","Metallicize"],"picked":"SKIP","floor":4},{"not_picked":["Feel No Pain","Entrench","Clothesline"],"picked":"SKIP","floor":5},{"not_picked":["Searing Blow","Infernal Blade","Pummel"],"picked":"SKIP","floor":7},{"not_picked":["Intimidate","Shrug It Off","Clash"],"picked":"SKIP","floor":11},{"not_picked":["Body Slam","Battle Trance","Wild Strike"],"picked":"SKIP","floor":14}],"player_experience":966991,"relics_obtained":[{"floor":7,"key":"War Paint"},{"floor":9,"key":"Oddly Smooth Stone"},{"floor":11,"key":"Juzu Bracelet"}],"event_choices":[{"damage_healed":0,"gold_gain":0,"player_choice":"Success","damage_taken":3,"relics_obtained":["PreservedInsect"],"max_hp_gain":0,"max_hp_loss":0,"event_name":"Scrap Ooze","floor":13,"gold_loss":0}],"is_beta":false,"boss_relics":[],"items_purged_floors":[10,12],"is_endless":false,"potions_floor_spawned":[2,3,7,11],"killed_by":"Slime Boss","ascension_level":0}