{"gold_per_floor":[110,121,136,136,152,152,162,174,174,174,194,194,226,244,244,244],"floor_reached":16,"playtime":1067,"items_purged":[],"score":186,"play_id":"17b2ba57-f190-4b23-a283-efc5a0d0d476","local_time":"20190721224434","is_ascension_mode":true,"campfire_choices":[{"data":"Sweeping Beam","floor":6,"key":"SMITH"},{"data":"Self Repair","floor":10,"key":"SMITH"},{"data":"Auto Shields","floor":12,"key":"SMITH"},{"floor":15,"key":"REST"}],"neow_cost":"NONE","seed_source_timestamp":180716779443100,"circlet_count":0,"master_deck":["AscendersBane","Strike_B","Strike_B","Strike_B","Strike_B","Defend_B","Defend_B","Defend_B","Zap","Dualcast","Auto Shields+1","Hologram","Coolheaded","Sweeping Beam+1","Hello World","Melter","Self Repair+1","Defragment","Machine Learning"],"relics":["Cracked Core","Cables","Omamori"],"potions_floor_usage":[7,13],"damage_taken":[{"damage":0,"enemies":"Small Slimes","floor":1,"turns":4},{"damage":3,"enemies":"Cultist","floor":2,"turns":4},{"damage":0,"enemies":"2 Louse","floor":3,"turns":4},{"damage":7,"enemies":"Looter","floor":5,"turns":4},{"damage":5,"enemies":"3 Louse","floor":7,"turns":3},{"damage":9,"enemies":"Large Slime","floor":8,"turns":6},{"damage":17,"enemies":"Lots of Slimes","floor":11,"turns":4},{"damage":7,"enemies":"Gremlin Nob","floor":13,"turns":4},{"damage":19,"enemies":"Gremlin Gang","floor":14,"turns":4},{"damage":29,"enemies":"Hexaghost","floor":16,"turns":9}],"seed_played":"-2012670847717438416","potions_obtained":[{"floor":2,"key":"Ancient Potion"},{"floor":5,"key":"SkillPotion"},{"floor":7,"key":"FocusPotion"}],"is_trial":false,"path_per_floor":["M","M","M","?","M","R","M","M","T","R","M","R","E","M","R","B"],"character_chosen":"DEFECT","items_purchased":[],"campfire_rested":1,"item_purchase_floors":[],"current_hp_per_floor":[64,61,61,61,54,54,49,40,40,40,33,33,26,7,28,0],"gold":244,"neow_bonus":"THREE_CARDS","is_prod":false,"is_daily":false,"chose_seed":false,"campfire_upgraded":3,"win_rate":0,"timestamp":1563741874,"path_taken":["M","M","M","?","M","R","?","M","T","R","?","R","E","M","R","BOSS"],"build_version":"2019-07-17","purchased_purges":0,"victory":false,"max_hp_per_floor":[71,71,71,71,71,71,71,71,71,71,71,71,71,71,71,71],"card_choices":[{"not_picked":["Ball Lightning","Coolheaded"],"picked":"Auto Shields","floor":0},{"not_picked":["Gash","Cold Snap"],"picked":"Hologram","floor":1},{"not_picked":["Ball Lightning","Scrape"],"picked":"Coolheaded","floor":2},{"not_picked":["Steam Power","Reinforced Body"],"picked":"Sweeping Beam","floor":3},{"not_picked":["Chaos","Barrage"],"picked":"Melter","floor":5},{"not_picked":["Recycle","Fusion","Reprogram"],"picked":"SKIP","floor":7},{"not_picked":["Hologram","Barrage"],"picked":"Self Repair","floor":8},{"not_picked":["Scrape","Hologram","Stack"],"picked":"SKIP","floor":11},{"not_picked":["Rebound","Sweeping Beam"],"picked":"Defragment","floor":13},{"not_picked":["Turbo","Beam Cell"],"picked":"Machine Learning","floor":14}],"player_experience":869134,"relics_obtained":[{"floor":9,"key":"Cables"},{"floor":13,"key":"Omamori"}],"event_choices":[{"damage_healed":0,"gold_gain":0,"cards_transformed":["Defend_B"],"player_choice":"Transformed","damage_taken":0,"max_hp_gain":0,"max_hp_loss":0,"event_name":"Transmorgrifier","floor":4,"gold_loss":0,"cards_obtained":["Hello World"]}],"is_beta":false,"boss_relics":[],"items_purged_floors":[],"is_endless":false,"potions_floor_spawned":[2,5,7,8,11],"killed_by":"Hexaghost","ascension_level":15}