{"gold_per_floor":[369,369,247,265,277,277,452,479,479,479,492,8,8,22,22,122,122,136,136,136,136,36,36,36],"floor_reached":24,"playtime":766,"items_purged":["Strike_B","Strike_B"],"score":211,"play_id":"a106383c-6349-40e0-8790-14876b91d61d","local_time":"20190721203358","is_ascension_mode":true,"campfire_choices":[{"data":"Gash","floor":6,"key":"SMITH"},{"floor":13,"key":"RECALL"},{"data":"Defragment","floor":15,"key":"SMITH"},{"floor":23,"key":"REST"}],"neow_cost":"TEN_PERCENT_HP_LOSS","seed_source_timestamp":871506682470004,"circlet_count":0,"master_deck":["Strike_B","Strike_B","Defend_B","Defend_B","Defend_B","Defend_B","Zap","Dualcast","Turbo+1","Beam Cell","Gash+1","Rebound","Doubt","Ball Lightning","Zap","Rip and Tear","Defragment+1","Echo Form","Scrape+1"],"relics":["Cracked Core","Ornamental Fan","Pantograph","Cables","Sozu","Nilry\u0027s Codex","MutagenicStrength"],"potions_floor_usage":[8,8,18],"damage_taken":[{"damage":2,"enemies":"Jaw Worm","floor":1,"turns":3},{"damage":0,"enemies":"Cultist","floor":4,"turns":3},{"damage":7,"enemies":"Small Slimes","floor":5,"turns":3},{"damage":30,"enemies":"3 Sentries","floor":8,"turns":7},{"damage":1,"enemies":"Exordium Thugs","floor":11,"turns":3},{"damage":1,"enemies":"Looter","floor":14,"turns":2},{"damage":10,"enemies":"Slime Boss","floor":16,"turns":6},{"damage":33,"enemies":"Shell Parasite","floor":18,"turns":4},{"damage":34,"enemies":"Slavers","floor":24,"turns":1}],"seed_played":"-7696753627945162696","potions_obtained":[{"floor":1,"key":"Explosive Potion"},{"floor":4,"key":"Explosive Potion"},{"floor":16,"key":"FocusPotion"}],"is_trial":false,"path_per_floor":["M","?","$","M","M","R","?","E","T","?","M","$","R","M","R","B",null,"M","?","?","?","$","R","E"],"character_chosen":"DEFECT","items_purchased":["Beam Cell","Pantograph","Cables"],"campfire_rested":1,"item_purchase_floors":[3,12,12],"current_hp_per_floor":[66,66,66,66,59,59,59,29,29,29,28,28,28,27,27,42,68,35,19,19,7,7,28,0],"gold":36,"neow_bonus":"TWO_FIFTY_GOLD","is_prod":false,"is_daily":false,"chose_seed":false,"campfire_upgraded":2,"win_rate":0,"timestamp":1563755638,"path_taken":["M","?","$","?","?","R","?","E","T","?","?","?","R","M","R","BOSS","M","?","?","?","$","R","E"],"build_version":"2019-07-17","purchased_purges":2,"victory":false,"max_hp_per_floor":[68,68,68,68,68,68,68,68,68,68,68,68,68,68,68,68,68,68,68,68,73,73,73,73],"card_choices":[{"not_picked":["Loop","Double Energy"],"picked":"Turbo","floor":1},{"not_picked":["Coolheaded","Compile Driver"],"picked":"Gash","floor":4},{"not_picked":["Force Field","Auto Shields"],"picked":"Rebound","floor":5},{"not_picked":["Consume","Chill","Auto Shields"],"picked":"SKIP","floor":8},{"not_picked":["Turbo","Recycle"],"picked":"Rip and Tear","floor":11},{"not_picked":["Turbo","Steam Power"],"picked":"Defragment","floor":14},{"not_picked":["Amplify","Thunder Strike"],"picked":"Echo Form","floor":16},{"not_picked":["Undo","Cold Snap"],"picked":"Scrape+1","floor":18}],"player_experience":189473,"relics_obtained":[{"floor":8,"key":"Ornamental Fan"},{"floor":19,"key":"Nilry\u0027s Codex"}],"event_choices":[{"damage_healed":0,"gold_gain":0,"player_choice":"Upgraded","damage_taken":0,"max_hp_gain":0,"max_hp_loss":0,"event_name":"Upgrade Shrine","floor":2,"gold_loss":0,"cards_upgraded":["Turbo"]},{"damage_healed":0,"gold_gain":175,"player_choice":"AGREE","damage_taken":0,"max_hp_gain":0,"max_hp_loss":0,"event_name":"Liars Game","floor":7,"gold_loss":0,"cards_obtained":["Doubt"]},{"damage_healed":0,"gold_gain":0,"player_choice":"2 cards matched","damage_taken":0,"max_hp_gain":0,"max_hp_loss":0,"event_name":"Match and Keep!","floor":10,"gold_loss":0,"cards_obtained":["Ball Lightning","Zap"]},{"damage_healed":0,"gold_gain":0,"player_choice":"Obtained Book","damage_taken":16,"max_hp_gain":0,"max_hp_loss":0,"event_name":"Cursed Tome","floor":19,"gold_loss":0},{"damage_healed":0,"gold_gain":0,"player_choice":"Inject Mutagens","damage_taken":0,"relics_obtained":["MutagenicStrength"],"max_hp_gain":0,"max_hp_loss":0,"event_name":"Drug Dealer","floor":20,"gold_loss":0},{"damage_healed":0,"gold_gain":0,"player_choice":"Shed Blood","damage_taken":17,"max_hp_gain":5,"max_hp_loss":0,"event_name":"Forgotten Altar","floor":21,"gold_loss":0}],"is_beta":false,"boss_relics":[{"not_picked":["Runic Dome","Runic Pyramid"],"picked":"Sozu"}],"items_purged_floors":[3,22],"is_endless":false,"potions_floor_spawned":[1,4,16,18],"killed_by":"Slavers","ascension_level":2}