{"path_per_floor":["M","M","$","M","?","R","E","R","T","M","E","R","E","?","R","B",null,"M","$","?","M","$","R","M","R","T","$","?","?","R","E","R","B",null,"M","?","?","$","?","E","R","E","T","$","M","R","M","M","R","B"],"character_chosen":"DEFECT","items_purchased":["Defragment","Purity","Panache"],"gold_per_floor":[119,131,62,72,72,72,98,98,123,140,165,165,193,293,293,395,395,395,31,31,31,31,31,31,31,31,31,31,31,31,31,31,31,31,31,31,31,31,0,0,0,0,0,0,0,0,0,0,0,0],"floor_reached":51,"campfire_rested":2,"playtime":3053,"current_hp_per_floor":[71,70,70,66,66,66,44,44,44,44,44,44,41,41,41,29,75,62,62,62,59,59,59,35,35,42,42,42,42,81,81,81,68,82,82,72,72,72,72,96,96,56,56,56,66,96,75,82,82,42],"items_purged":["Strike_B"],"gold":0,"score":926,"play_id":"27f567fc-7b86-4c2a-9130-a84f4c8c3ab4","local_time":"20180504092854","is_prod":false,"is_daily":false,"chose_seed":false,"is_ascension_mode":true,"campfire_upgraded":9,"timestamp":1525418934,"path_taken":["M","M","$","M","?","R","E","R","T","M","E","R","E","?","R","BOSS","M","$","?","M","$","R","M","R","T","$","?","?","R","E","R","BOSS","M","?","?","?","?","E","R","E","T","$","M","R","M","M","R","BOSS"],"build_version":"2018-05-02","seed_source_timestamp":12901281604798,"purchased_purges":1,"victory":true,"master_deck":["Strike_B","Strike_B","Defend_B+1","Defend_B","Defend_B","Defend_B","Zap+1","Dualcast+1","Seek+1","Cold Snap","Defragment+1","Coolheaded+1","Glacier+1","Rebound","Capacitor+1","Reboot+1","Echo Form+1","Hologram+1","Purity+1","Panache","Impulse+1","Turbo+1","Storm+1","Fission+1","Consume+1","Madness+1","Madness+1","Streamline+1","Skim+1","Amplify+1","Capacitor+1"],"max_hp_per_floor":[75,75,75,75,75,75,75,75,75,75,75,75,75,75,75,75,75,75,75,75,75,75,75,75,75,82,82,82,82,82,82,82,82,82,82,82,82,82,82,96,96,96,96,96,96,96,96,96,96,96],"relics":["Cracked Core","Regal Pillow","War Paint","Toxic Egg 2","Juzu Bracelet","Ectoplasm","Strawberry","Bird Faced Urn","Sozu","Red Mask","Mango","Dream Catcher","Omamori"],"card_choices":[{"not_picked":["Skim","Auto Shields"],"picked":"Streamline","floor":1.0},{"not_picked":["Leap","Skim"],"picked":"Cold Snap","floor":2.0},{"not_picked":["Ball Lightning","Sweeping Beam"],"picked":"Coolheaded","floor":4.0},{"not_picked":["Undo","Gash"],"picked":"Glacier","floor":7.0},{"not_picked":["Cold Snap","Melter"],"picked":"Rebound","floor":10.0},{"not_picked":["Scrape","Rebound"],"picked":"Capacitor","floor":11.0},{"not_picked":["Auto Shields","Leap"],"picked":"Reboot","floor":13.0},{"not_picked":["Nova","Thunder Strike"],"picked":"Echo Form","floor":16.0},{"not_picked":["Loop","Streamline"],"picked":"Hologram","floor":18.0},{"not_picked":["Axe Kick","Chaos"],"picked":"Impulse","floor":21.0},{"not_picked":["Doom and Gloom","Leap"],"picked":"Turbo","floor":24.0},{"not_picked":["Stack","Go for the Eyes"],"picked":"Storm","floor":31.0},{"not_picked":["All For One","Seek"],"picked":"Fission","floor":33.0},{"not_picked":["Rebound","Hologram"],"picked":"Consume","floor":35.0},{"not_picked":["Leap","Go for the Eyes"],"picked":"Streamline","floor":42.0},{"not_picked":["Cold Snap","Steam Power"],"picked":"Skim","floor":45.0},{"not_picked":["Darkness","Axe Kick"],"picked":"Amplify","floor":46.0},{"not_picked":["Beam Cell","Undo"],"picked":"Capacitor","floor":48.0}],"player_experience":594476,"potions_floor_usage":[50,50,50],"damage_taken":[{"damage":4.0,"enemies":"Small Slimes","floor":1.0,"turns":4.0},{"damage":1.0,"enemies":"Cultist","floor":2.0,"turns":3.0},{"damage":4.0,"enemies":"2 Louse","floor":4.0,"turns":2.0},{"damage":22.0,"enemies":"Lagavulin","floor":7.0,"turns":6.0},{"damage":0.0,"enemies":"Large Slime","floor":10.0,"turns":4.0},{"damage":0.0,"enemies":"3 Sentries","floor":11.0,"turns":7.0},{"damage":3.0,"enemies":"Lagavulin","floor":13.0,"turns":7.0},{"damage":12.0,"enemies":"Hexaghost","floor":16.0,"turns":9.0},{"damage":13.0,"enemies":"3 Byrds","floor":18.0,"turns":5.0},{"damage":3.0,"enemies":"Chosen","floor":21.0,"turns":4.0},{"damage":24.0,"enemies":"Centurion and Healer","floor":24.0,"turns":6.0},{"damage":0.0,"enemies":"Book of Stabbing","floor":31.0,"turns":7.0},{"damage":16.0,"enemies":"Champ","floor":33.0,"turns":9.0},{"damage":0.0,"enemies":"Flame Bruiser 1 Orb","floor":35.0,"turns":6.0},{"damage":0.0,"enemies":"Giant Head","floor":40.0,"turns":9.0},{"damage":46.0,"enemies":"Nemesis","floor":42.0,"turns":6.0},{"damage":0.0,"enemies":"Orb Walker","floor":45.0,"turns":4.0},{"damage":27.0,"enemies":"Maw","floor":47.0,"turns":5.0},{"damage":5.0,"enemies":"Flame Bruiser 2 Orb","floor":48.0,"turns":4.0},{"damage":56,"enemies":"Awakened One","floor":50,"turns":14}],"event_choices":[{"event_name":"The Woman in Blue","player_choice":"Bought 0 Potions","floor":5.0,"damage_taken":0.0},{"event_name":"Golden Shrine","player_choice":"Pray","floor":14.0,"damage_taken":0.0},{"event_name":"Addict","player_choice":"Ignored","floor":20.0,"damage_taken":0.0},{"event_name":"Purifier","player_choice":"One Purge","floor":28.0,"damage_taken":0.0},{"event_name":"Beggar","player_choice":"Ignored","floor":29.0,"damage_taken":0.0},{"event_name":"Winding Halls","player_choice":"Embrace Madness","floor":36.0,"damage_taken":0.0},{"event_name":"Tomb of Lord Red Mask","player_choice":"Paid","floor":39.0,"damage_taken":0.0}],"boss_relics":[],"potions_floor_spawned":[2,7,11,13,21,24,40,42,47],"seed_played":"4808040809116751479","ascension_level":3,"is_trial":false}