{"gold_per_floor":[117,117,117,129,129,129,54,54,134,150,169,169,198,218,218,322,322,337,337,337,181,198,198,227,242,242,242,258,84,117,117,117,221,221,235,247,247,259,259,259,327,337,408,439,454,454,78,128,128,128,128,128,128,159,159],"floor_reached":55,"playtime":3473,"items_purged":["Strike_G","Strike_G","Parasite"],"score":771,"play_id":"6db9dd93-a07e-42b2-b292-b8cb7cf6fb28","local_time":"20190110003922","is_ascension_mode":true,"campfire_choices":[{"data":"Neutralize","floor":6.0,"key":"SMITH"},{"data":"Cloak And Dagger","floor":8.0,"key":"SMITH"},{"data":"Footwork","floor":12.0,"key":"SMITH"},{"data":"Acrobatics","floor":15.0,"key":"SMITH"},{"floor":23.0,"key":"REST"},{"data":"Madness","floor":27.0,"key":"SMITH"},{"floor":32.0,"key":"REST"},{"floor":40.0,"key":"REST"},{"floor":46.0,"key":"REST"},{"floor":49.0,"key":"RECALL"},{"data":"Terror","floor":52.0,"key":"SMITH"}],"neow_cost":"NONE","seed_source_timestamp":267712720642814,"circlet_count":0,"master_deck":["Defend_G","Defend_G","Defend_G","Survivor","Neutralize+1","Madness+1","Footwork","Cloak And Dagger+1","Backflip","Footwork+1","Acrobatics+1","Blur","After Image","Bouncing Flask+1","Infinite Blades+1","Accuracy+1","Terror+1","Grand Finale","Heel Hook","Well Laid Plans+1","Accuracy","Backflip+1","Acrobatics"],"special_seed":0,"relics":["Ring of the Snake","Happy Flower","Tiny Chest","Anchor","Astrolabe","Regal Pillow","Pocketwatch","Paper Crane","White Beast Statue","SsserpentHead","Pear","Nunchaku","Sundial","Pen Nib"],"potions_floor_usage":[],"damage_taken":[{"damage":0.0,"enemies":"Cultist","floor":1.0,"turns":4.0},{"damage":1.0,"enemies":"2 Louse","floor":4.0,"turns":5.0},{"damage":0.0,"enemies":"Small Slimes","floor":10.0,"turns":4.0},{"damage":0.0,"enemies":"Looter","floor":11.0,"turns":4.0},{"damage":6.0,"enemies":"Gremlin Nob","floor":13.0,"turns":5.0},{"damage":0.0,"enemies":"Blue Slaver","floor":14.0,"turns":5.0},{"damage":49.0,"enemies":"Slime Boss","floor":16.0,"turns":25.0},{"damage":15.0,"enemies":"Chosen","floor":18.0,"turns":6.0},{"damage":19.0,"enemies":"3 Byrds","floor":22.0,"turns":9.0},{"damage":23.0,"enemies":"Gremlin Leader","floor":24.0,"turns":9.0},{"damage":12.0,"enemies":"Shelled Parasite and Fungi","floor":25.0,"turns":6.0},{"damage":4.0,"enemies":"Cultist and Chosen","floor":28.0,"turns":5.0},{"damage":0.0,"enemies":"Book of Stabbing","floor":30.0,"turns":5.0},{"damage":3.0,"enemies":"Collector","floor":33.0,"turns":8.0},{"damage":0.0,"enemies":"3 Shapes","floor":35.0,"turns":4.0},{"damage":26.0,"enemies":"3 Darklings","floor":36.0,"turns":3.0},{"damage":16.0,"enemies":"Maw","floor":38.0,"turns":7.0},{"damage":19.0,"enemies":"4 Shapes","floor":41.0,"turns":7.0},{"damage":0.0,"enemies":"Writhing Mass","floor":42.0,"turns":5.0},{"damage":27.0,"enemies":"Nemesis","floor":44.0,"turns":9.0},{"damage":20.0,"enemies":"Transient","floor":45.0,"turns":5.0},{"damage":10.0,"enemies":"Awakened One","floor":50.0,"turns":12.0},{"damage":31,"enemies":"Shield and Spear","floor":54,"turns":9},{"damage":69,"enemies":"The Heart","floor":55,"turns":3}],"seed_played":"8006581392279346334","potions_obtained":[{"floor":1.0,"key":"Strength Potion"},{"floor":4.0,"key":"GamblersBrew"},{"floor":16.0,"key":"Swift Potion"},{"floor":22.0,"key":"FearPotion"},{"floor":24.0,"key":"GhostInAJar"},{"floor":28.0,"key":"GhostInAJar"},{"floor":35.0,"key":"EssenceOfSteel"},{"floor":36.0,"key":"GamblersBrew"},{"floor":38.0,"key":"AttackPotion"},{"floor":41.0,"key":"SpeedPotion"},{"floor":42.0,"key":"PowerPotion"},{"floor":44.0,"key":"GhostInAJar"},{"floor":54,"key":"Explosive Potion"}],"is_trial":false,"path_per_floor":["M","?","?","M","?","R","$","R","T","M","M","R","E","M","R","B",null,"M","?","?","$","M","R","E","M","T","R","M","$","E","T","R","B",null,"M","M","?","M","?","R","M","M","T","E","M","R","$","?","R","B",null,"R","$","E","B"],"character_chosen":"THE_SILENT","items_purchased":["Regal Pillow","Accuracy","Sundial"],"campfire_rested":4,"item_purchase_floors":[21,29,47],"current_hp_per_floor":[70,75,63,62,62,62,62,62,62,62,62,62,56,56,56,7,75,60,46,46,46,27,66,43,31,31,31,27,27,27,27,66,63,80,80,54,54,38,38,77,58,58,68,41,21,63,63,63,63,53,87,87,87,56,0],"gold":159,"neow_bonus":"RANDOM_COLORLESS","is_prod":false,"is_daily":false,"chose_seed":false,"campfire_upgraded":6,"win_rate":0,"timestamp":1547077162,"path_taken":["M","?","?","M","?","R","?","R","T","M","?","R","E","M","R","BOSS","M","?","?","$","?","R","E","M","T","R","M","$","E","?","R","BOSS","M","M","?","M","?","R","?","M","T","E","M","R","$","?","R","BOSS","R","$","E","BOSS"],"build_version":"2019-01-03v4","purchased_purges":3,"victory":false,"max_hp_per_floor":[70,75,75,75,75,75,75,75,75,75,75,75,75,75,75,75,75,75,80,80,80,80,80,80,80,80,80,80,80,80,80,80,80,80,80,80,80,80,80,80,80,80,90,90,90,90,87,87,87,87,87,87,87,87,87],"card_choices":[{"not_picked":["Calculated Gamble","Acrobatics"],"picked":"Footwork","floor":1.0},{"not_picked":["Bane","Slice"],"picked":"Cloak And Dagger","floor":4.0},{"not_picked":["Expertise","Blade Dance"],"picked":"Backflip","floor":10.0},{"not_picked":["Deflect","Poisoned Stab"],"picked":"Footwork","floor":11.0},{"not_picked":["Underhanded Strike","Deadly Poison"],"picked":"Acrobatics","floor":13.0},{"not_picked":["Setup","Choke"],"picked":"Blur","floor":14.0},{"not_picked":["Die Die Die","Bullet Time"],"picked":"After Image","floor":16.0},{"not_picked":["Deflect","Poisoned Stab"],"picked":"Terror","floor":18.0},{"not_picked":["Eviscerate+1","Concentrate"],"picked":"Heel Hook","floor":22.0},{"not_picked":["Dagger Spray","Eviscerate"],"picked":"Well Laid Plans+1","floor":24.0},{"not_picked":["Crippling Poison+1","Outmaneuver","Flying Knee"],"picked":"SKIP","floor":25.0},{"not_picked":["Eviscerate+1","Deadly Poison+1","Catalyst"],"picked":"SKIP","floor":28.0},{"not_picked":["Masterful Stab","Poisoned Stab","Dodge and Roll"],"picked":"SKIP","floor":30.0},{"not_picked":["Endless Agony+1","Dodge and Roll","Blade Dance+1"],"picked":"SKIP","floor":35.0},{"not_picked":["Eviscerate","Sucker Punch+1","Dagger Spray"],"picked":"SKIP","floor":36.0},{"not_picked":["Dodge and Roll","Deadly Poison","Concentrate"],"picked":"SKIP","floor":38.0},{"not_picked":["Sucker Punch","Expertise","Finisher"],"picked":"SKIP","floor":41.0},{"not_picked":["Dagger Throw","Blade Dance+1"],"picked":"Backflip+1","floor":42.0},{"not_picked":["Setup+1","Finisher","Outmaneuver"],"picked":"SKIP","floor":44.0},{"not_picked":["Deflect","Eviscerate","Poisoned Stab"],"picked":"SKIP","floor":45.0},{"not_picked":["Cloak And Dagger","Bane+1"],"picked":"Acrobatics","floor":54}],"player_experience":659938,"relics_obtained":[{"floor":9.0,"key":"Tiny Chest"},{"floor":13.0,"key":"Anchor"},{"floor":24.0,"key":"Pocketwatch"},{"floor":31.0,"key":"Paper Crane"},{"floor":43.0,"key":"Pear"},{"floor":44.0,"key":"Nunchaku"},{"floor":54,"key":"Pen Nib"}],"event_choices":[{"damage_healed":0.0,"max_hp_gain":5.0,"max_hp_loss":0.0,"gold_gain":0.0,"event_name":"Big Fish","player_choice":"Donut","floor":2.0,"gold_loss":0.0,"damage_taken":0.0},{"damage_healed":0.0,"max_hp_gain":0.0,"max_hp_loss":0.0,"gold_gain":0.0,"event_name":"Scrap Ooze","player_choice":"Success","floor":3.0,"gold_loss":0.0,"damage_taken":12.0,"relics_obtained":["Happy Flower"]},{"damage_healed":0.0,"max_hp_gain":0.0,"max_hp_loss":0.0,"gold_gain":0.0,"event_name":"Liars Game","player_choice":"Ignored","floor":5.0,"gold_loss":0.0,"damage_taken":0.0},{"damage_healed":0.0,"max_hp_gain":5.0,"max_hp_loss":0.0,"gold_gain":0.0,"event_name":"Forgotten Altar","player_choice":"Shed Blood","floor":19.0,"gold_loss":0.0,"damage_taken":19.0},{"damage_healed":0.0,"max_hp_gain":0.0,"max_hp_loss":0.0,"gold_gain":0.0,"cards_transformed":["Strike_G"],"event_name":"Transmorgrifier","player_choice":"Transformed","floor":20.0,"gold_loss":0.0,"damage_taken":0.0,"cards_obtained":["Grand Finale"]},{"damage_healed":0.0,"max_hp_gain":0.0,"max_hp_loss":0.0,"gold_gain":0.0,"event_name":"Tomb of Lord Red Mask","player_choice":"Ignored","floor":37.0,"gold_loss":0.0,"damage_taken":0.0},{"damage_healed":0.0,"max_hp_gain":0.0,"max_hp_loss":0.0,"gold_gain":0.0,"event_name":"FaceTrader","player_choice":"Trade","floor":39.0,"gold_loss":0.0,"damage_taken":0.0,"relics_obtained":["SsserpentHead"]},{"cards_removed":["Strike_G"],"damage_healed":0.0,"max_hp_gain":0.0,"max_hp_loss":0.0,"gold_gain":0.0,"event_name":"Falling","player_choice":"Removed Attack","floor":48.0,"gold_loss":0.0,"damage_taken":0.0}],"is_beta":false,"boss_relics":[{"not_picked":["Lizard Tail","Sozu"],"picked":"Astrolabe"},{"not_picked":["Tiny House","Velvet Choker"],"picked":"White Beast Statue"}],"items_purged_floors":[7,29,47],"is_endless":false,"potions_floor_spawned":[1,4,16,22,24,28,35,36,38,41,42,44,45,54],"killed_by":"The Heart","ascension_level":1}