{"gold_per_floor":[110,60,77,77,87,87,87,103,103,176,203,203,228,246,246,344,344,356,356,367,74,90,117,117,145,196,528,528,546,546,546,546,546],"floor_reached":33,"playtime":2449,"items_purged":[],"score":436,"play_id":"a42e21e0-8e8b-4fc1-a481-3f81b321f372","local_time":"20190729212128","is_ascension_mode":true,"campfire_choices":[{"data":"Dagger Spray","floor":6,"key":"SMITH"},{"floor":12,"key":"REST"},{"data":"Sucker Punch","floor":15,"key":"SMITH"},{"floor":28,"key":"REST"},{"floor":30,"key":"RECALL"},{"data":"Survivor","floor":32,"key":"PURGE"}],"neow_cost":"NONE","seed_source_timestamp":1563877941297354,"circlet_count":0,"master_deck":["Strike_G+1","Strike_G+1","Strike_G+1","Strike_G+1","Defend_G+1","Defend_G+1","Defend_G+1","Defend_G+1","Defend_G+1","Neutralize+1","Dagger Spray+1","Poisoned Stab","Sucker Punch+1","Poisoned Stab+1","Backstab+1","Wraith Form v2+1","Poisoned Stab+1","Footwork","Unload+1","Catalyst","Crippling Poison","Footwork","Backflip+1","Bane+1","Bane+1","Finisher+1","Sucker Punch+1"],"relics":["Ring of the Snake","Singing Bowl","Molten Egg 2","Meat on the Bone","FossilizedHelix","Whetstone","Black Star","Ginger","Bottled Flame","Letter Opener","Shuriken","Pen Nib","Question Card","Old Coin","Peace Pipe"],"potions_floor_usage":[16,16,27,29,33],"damage_taken":[{"damage":1,"enemies":"Cultist","floor":1,"turns":3},{"damage":0,"enemies":"Small Slimes","floor":3,"turns":4},{"damage":1,"enemies":"Jaw Worm","floor":5,"turns":3},{"damage":3,"enemies":"Exordium Wildlife","floor":8,"turns":4},{"damage":34,"enemies":"Lagavulin","floor":11,"turns":7},{"damage":3,"enemies":"Gremlin Nob","floor":13,"turns":4},{"damage":0,"enemies":"Lots of Slimes","floor":14,"turns":3},{"damage":0,"enemies":"Slime Boss","floor":16,"turns":6},{"damage":8,"enemies":"2 Thieves","floor":18,"turns":3},{"damage":11,"enemies":"Shell Parasite","floor":20,"turns":5},{"damage":24,"enemies":"Snake Plant","floor":22,"turns":4},{"damage":21,"enemies":"Book of Stabbing","floor":23,"turns":5},{"damage":18,"enemies":"Slavers","floor":25,"turns":6},{"damage":25,"enemies":"Book of Stabbing","floor":27,"turns":6},{"damage":0,"enemies":"Sentry and Sphere","floor":29,"turns":3},{"damage":64,"enemies":"Champ","floor":33,"turns":8}],"seed_played":"8541256929778556770","potions_obtained":[{"floor":3,"key":"SmokeBomb"},{"floor":8,"key":"GhostInAJar"},{"floor":13,"key":"AttackPotion"},{"floor":14,"key":"Explosive Potion"},{"floor":20,"key":"EssenceOfSteel"},{"floor":25,"key":"Energy Potion"}],"is_trial":false,"path_per_floor":["M","?","M","?","M","R","?","M","T","T","E","R","E","M","R","B",null,"M","?","M","$","M","E","?","E","T","E","R","M","R","T","R","B"],"character_chosen":"THE_SILENT","items_purchased":["Unload+1","Catalyst","Crippling Poison","Footwork"],"campfire_rested":2,"item_purchase_floors":[21,21,21,21],"current_hp_per_floor":[76,76,76,61,60,60,53,52,52,52,32,56,53,53,53,53,81,73,73,62,62,50,41,41,35,35,22,46,46,46,46,46,0],"gold":546,"neow_bonus":"TEN_PERCENT_HP_BONUS","is_prod":false,"is_daily":false,"chose_seed":false,"campfire_upgraded":2,"win_rate":0,"timestamp":1564449688,"path_taken":["M","?","M","?","M","R","?","?","T","?","E","R","E","M","R","BOSS","M","?","?","$","M","E","?","E","T","E","R","M","R","?","R","BOSS"],"build_version":"2019-07-17","purchased_purges":0,"victory":false,"max_hp_per_floor":[77,77,77,77,77,77,77,79,79,79,81,81,81,81,81,81,81,81,81,81,81,81,81,81,81,81,81,81,81,81,81,81,81],"card_choices":[{"not_picked":["Acrobatics","Bane"],"picked":"Dagger Spray","floor":1},{"not_picked":["Bane","Blade Dance"],"picked":"Poisoned Stab","floor":3},{"not_picked":["Deadly Poison","Blur"],"picked":"Sucker Punch","floor":5},{"not_picked":["Sucker Punch","Dodge and Roll","Prepared"],"picked":"Singing Bowl","floor":8},{"not_picked":["Blade Dance","Reflex","Slice+1"],"picked":"Singing Bowl","floor":11},{"not_picked":["Underhanded Strike+1","Noxious Fumes"],"picked":"Poisoned Stab+1","floor":13},{"not_picked":["All Out Attack+1","Deflect"],"picked":"Backstab+1","floor":14},{"not_picked":["Adrenaline","Storm of Steel"],"picked":"Wraith Form v2","floor":16},{"not_picked":["Slice+1","Deflect"],"picked":"Poisoned Stab+1","floor":18},{"not_picked":["Cloak And Dagger+1","Deadly Poison"],"picked":"Footwork","floor":20},{"not_picked":["Choke+1","Heel Hook+1"],"picked":"Backflip+1","floor":22},{"not_picked":["Deflect","Quick Slash+1"],"picked":"Bane+1","floor":23},{"not_picked":["Tactician","Endless Agony+1"],"picked":"Bane+1","floor":25},{"not_picked":["Endless Agony+1","Bane+1"],"picked":"Finisher+1","floor":27},{"not_picked":["Flechettes+1","Terror","Riddle With Holes+1"],"picked":"Sucker Punch+1","floor":29}],"player_experience":220246,"relics_obtained":[{"floor":9,"key":"Molten Egg 2"},{"floor":10,"key":"Meat on the Bone"},{"floor":11,"key":"FossilizedHelix"},{"floor":13,"key":"Whetstone"},{"floor":23,"key":"Ginger"},{"floor":23,"key":"Bottled Flame"},{"floor":25,"key":"Letter Opener"},{"floor":25,"key":"Shuriken"},{"floor":26,"key":"Pen Nib"},{"floor":27,"key":"Question Card"},{"floor":27,"key":"Old Coin"},{"floor":31,"key":"Peace Pipe"}],"event_choices":[{"cards_removed":["Strike_G"],"damage_healed":0,"gold_gain":0,"player_choice":"Card Removal","damage_taken":0,"max_hp_gain":0,"max_hp_loss":0,"event_name":"The Cleric","floor":2,"gold_loss":50},{"damage_healed":0,"gold_gain":0,"player_choice":"Entered Light","damage_taken":15,"max_hp_gain":0,"max_hp_loss":0,"event_name":"Shining Light","floor":4,"gold_loss":0,"cards_upgraded":["Neutralize","Defend_G"]},{"damage_healed":0,"gold_gain":0,"player_choice":"Success","damage_taken":7,"relics_obtained":["Singing Bowl"],"max_hp_gain":0,"max_hp_loss":0,"event_name":"Scrap Ooze","floor":7,"gold_loss":0},{"damage_healed":0,"gold_gain":0,"player_choice":"Upgraded","damage_taken":0,"max_hp_gain":0,"max_hp_loss":0,"event_name":"Upgrade Shrine","floor":19,"gold_loss":0,"cards_upgraded":["Wraith Form v2"]},{"damage_healed":0,"gold_gain":0,"player_choice":"Simplicity","damage_taken":0,"max_hp_gain":0,"max_hp_loss":0,"event_name":"Back to Basics","floor":24,"gold_loss":0,"cards_upgraded":["Strike_G","Strike_G","Defend_G","Defend_G","Defend_G","Defend_G"]}],"is_beta":false,"boss_relics":[{"not_picked":["White Beast Statue","Orrery"],"picked":"Black Star"}],"items_purged_floors":[],"is_endless":false,"potions_floor_spawned":[3,8,13,14,20,25],"killed_by":"Champ","ascension_level":4}