{"gold_per_floor":[113,113,132,151,170,170,199,199,199,199,215,231,231,247,247,349,349,363,288,301,117,128,128,159,159,159,192,192,192,205,225,225,322,322,334,89,109,124,137,168,168,168,168,195,212,227,247,247,247,247,247,247,17,49,49],"floor_reached":55,"playtime":2620,"items_purged":["Strike_B","Strike_B+1","Defend_B"],"score":875,"play_id":"c42074f6-1ade-45ed-a504-56a4252d959d","local_time":"20190730153937","is_ascension_mode":true,"campfire_choices":[{"data":"Dualcast","floor":6,"key":"SMITH"},{"data":"Zap","floor":8,"key":"SMITH"},{"data":"Zap","floor":10,"key":"SMITH"},{"floor":15,"key":"DIG"},{"data":"Defragment","floor":23,"key":"SMITH"},{"data":"Darkness","floor":25,"key":"SMITH"},{"floor":29,"key":"DIG"},{"floor":32,"key":"DIG"},{"floor":42,"key":"DIG"},{"floor":49,"key":"RECALL"},{"floor":52,"key":"DIG"}],"neow_cost":"NONE","seed_source_timestamp":520992262234156,"circlet_count":0,"master_deck":["Defend_B","Defend_B+1","Defend_B","Zap+1","Dualcast+1","Chill","Zap+1","Sweeping Beam","Coolheaded","Sunder","Hologram","Darkness+1","Cold Snap","Steam+1","Machine Learning","Barrage","Genetic Algorithm+1","Defragment+1","Doom and Gloom+1","Glacier","Static Discharge","Coolheaded+1","Electrodynamics","Self Repair","Meteor Strike","Defragment","Hologram+1","Redo+1","Conserve Battery+1","Writhe","Capacitor","Steam+1","Skim+1","Stack+1","Coolheaded","Loop+1"],"relics":["Coffee Dripper","Ice Cream","Shovel","Ginger","Philosopher\u0027s Stone","Thread and Needle","Symbiotic Virus","Pocketwatch","Smiling Mask","Whetstone","Fusion Hammer","Du-Vu Doll","Bag of Preparation","Kunai","Bottled Tornado","War Paint","Mummified Hand"],"potions_floor_usage":[16,18,24,33,44,47,54,55],"damage_taken":[{"damage":0,"enemies":"Cultist","floor":1,"turns":4},{"damage":0,"enemies":"2 Louse","floor":3,"turns":4},{"damage":0,"enemies":"Small Slimes","floor":4,"turns":4},{"damage":4,"enemies":"Looter","floor":5,"turns":4},{"damage":11,"enemies":"3 Sentries","floor":7,"turns":8},{"damage":0,"enemies":"2 Fungi Beasts","floor":11,"turns":1},{"damage":6,"enemies":"Blue Slaver","floor":12,"turns":3},{"damage":0,"enemies":"Exordium Thugs","floor":14,"turns":3},{"damage":10,"enemies":"Slime Boss","floor":16,"turns":8},{"damage":12,"enemies":"3 Byrds","floor":18,"turns":4},{"damage":3,"enemies":"Chosen","floor":20,"turns":5},{"damage":24,"enemies":"Centurion and Healer","floor":22,"turns":5},{"damage":12,"enemies":"Gremlin Leader","floor":24,"turns":5},{"damage":14,"enemies":"Book of Stabbing","floor":27,"turns":5},{"damage":0,"enemies":"Snecko","floor":30,"turns":5},{"damage":14,"enemies":"Snake Plant","floor":31,"turns":3},{"damage":0,"enemies":"Automaton","floor":33,"turns":9},{"damage":6,"enemies":"3 Shapes","floor":35,"turns":3},{"damage":1,"enemies":"3 Darklings","floor":37,"turns":3},{"damage":14,"enemies":"Spire Growth","floor":38,"turns":4},{"damage":10,"enemies":"Sphere and 2 Shapes","floor":39,"turns":4},{"damage":5,"enemies":"Giant Head","floor":40,"turns":8},{"damage":17,"enemies":"Reptomancer","floor":44,"turns":5},{"damage":34,"enemies":"Transient","floor":45,"turns":5},{"damage":0,"enemies":"Maw","floor":46,"turns":8},{"damage":2,"enemies":"Spire Growth","floor":47,"turns":5},{"damage":39,"enemies":"Donu and Deca","floor":50,"turns":9},{"damage":55,"enemies":"Shield and Spear","floor":54,"turns":6},{"damage":37,"enemies":"The Heart","floor":55,"turns":5}],"seed_played":"2218073921610187836","potions_obtained":[{"floor":7,"key":"Regen Potion"},{"floor":14,"key":"Dexterity Potion"},{"floor":16,"key":"Regen Potion"},{"floor":18,"key":"FairyPotion"},{"floor":24,"key":"GamblersBrew"},{"floor":30,"key":"GamblersBrew"},{"floor":31,"key":"SkillPotion"},{"floor":37,"key":"GamblersBrew"},{"floor":44,"key":"LiquidBronze"},{"floor":45,"key":"SkillPotion"},{"floor":54,"key":"Block Potion"}],"is_trial":false,"path_per_floor":["M","?","M","M","M","R","E","R","T","R","M","M","?","M","R","B",null,"M","?","M","$","M","R","E","R","T","E","?","R","M","M","R","B",null,"M","$","M","M","M","E","?","R","T","E","M","M","M","?","R","B",null,"R","$","E","B"],"character_chosen":"DEFECT","items_purchased":["Defragment","Doom and Gloom","Self Repair","Meteor Strike","Coolheaded","War Paint"],"campfire_rested":0,"item_purchase_floors":[21,21,36,36,53,53],"current_hp_per_floor":[75,75,75,75,71,71,60,60,60,60,60,54,47,47,47,52,75,63,63,60,60,36,36,38,38,38,24,24,24,24,10,10,10,75,69,69,68,54,51,53,72,72,72,62,35,42,47,47,47,15,75,75,75,27,0],"gold":49,"neow_bonus":"BOSS_RELIC","is_prod":false,"is_daily":false,"chose_seed":false,"campfire_upgraded":5,"win_rate":0,"timestamp":1564519177,"path_taken":["M","?","?","M","M","R","E","R","T","R","M","M","?","M","R","BOSS","M","?","M","$","M","R","E","R","T","E","?","R","M","M","R","BOSS","M","$","M","?","M","E","?","R","T","E","M","M","M","?","R","BOSS","R","$","E","BOSS"],"build_version":"2019-07-17","purchased_purges":3,"victory":false,"max_hp_per_floor":[75,75,75,75,75,75,75,75,75,75,75,75,75,75,75,75,75,75,75,75,75,75,75,75,75,75,75,75,75,75,75,75,75,75,75,75,75,75,75,75,75,75,75,75,75,75,75,75,75,75,75,75,75,75,75],"card_choices":[{"not_picked":["Barrage","Rebound"],"picked":"Chill","floor":1},{"not_picked":["Cold Snap","Reprogram"],"picked":"Sweeping Beam","floor":3},{"not_picked":["Chaos","Turbo"],"picked":"Coolheaded","floor":4},{"not_picked":["Fission","FTL"],"picked":"Sunder","floor":5},{"not_picked":["Consume","FTL"],"picked":"Hologram","floor":7},{"not_picked":["Rip and Tear","BootSequence"],"picked":"Darkness","floor":11},{"not_picked":["Turbo","Rebound"],"picked":"Cold Snap","floor":12},{"not_picked":["Rebound","Streamline"],"picked":"Steam","floor":14},{"not_picked":["Biased Cognition","Creative AI"],"picked":"Machine Learning","floor":16},{"not_picked":["Chill","BootSequence"],"picked":"Barrage","floor":18},{"not_picked":["Steam","Hologram"],"picked":"Genetic Algorithm+1","floor":20},{"not_picked":["Turbo","White Noise","Gash"],"picked":"SKIP","floor":22},{"not_picked":["Redo","Sweeping Beam+1"],"picked":"Glacier","floor":24},{"not_picked":["Seek","Compile Driver"],"picked":"Static Discharge","floor":27},{"not_picked":["Stack+1","Chaos"],"picked":"Coolheaded+1","floor":30},{"not_picked":["Force Field","Compile Driver","Ball Lightning"],"picked":"SKIP","floor":31},{"not_picked":["Biased Cognition","Machine Learning"],"picked":"Electrodynamics","floor":33},{"not_picked":["Coolheaded","Cold Snap+1","Gash+1"],"picked":"SKIP","floor":35},{"not_picked":["Gash","Beam Cell+1"],"picked":"Defragment","floor":37},{"not_picked":["Leap","Fusion+1"],"picked":"Hologram+1","floor":38},{"not_picked":["Leap+1","Skim+1"],"picked":"Redo+1","floor":39},{"not_picked":["Gash","Darkness"],"picked":"Conserve Battery+1","floor":40},{"not_picked":["Creative AI","All For One"],"picked":"Capacitor","floor":44},{"not_picked":["Turbo+1","Compile Driver"],"picked":"Steam+1","floor":45},{"not_picked":["Compile Driver+1","Sweeping Beam"],"picked":"Skim+1","floor":46},{"not_picked":["Leap","Gash+1"],"picked":"Stack+1","floor":47},{"not_picked":["Doom and Gloom","Steam+1"],"picked":"Loop+1","floor":54}],"player_experience":154414,"relics_obtained":[{"floor":7,"key":"Ice Cream"},{"floor":9,"key":"Shovel"},{"floor":15,"key":"Ginger"},{"floor":24,"key":"Thread and Needle"},{"floor":26,"key":"Symbiotic Virus"},{"floor":27,"key":"Pocketwatch"},{"floor":29,"key":"Smiling Mask"},{"floor":32,"key":"Whetstone"},{"floor":40,"key":"Du-Vu Doll"},{"floor":42,"key":"Bag of Preparation"},{"floor":44,"key":"Kunai"},{"floor":52,"key":"Bottled Tornado"},{"floor":54,"key":"Mummified Hand"}],"event_choices":[{"damage_healed":0,"gold_gain":0,"player_choice":"1 cards matched","damage_taken":0,"max_hp_gain":0,"max_hp_loss":0,"event_name":"Match and Keep!","floor":2,"gold_loss":0,"cards_obtained":["Zap"]},{"damage_healed":0,"gold_gain":0,"player_choice":"Damaged","damage_taken":7,"max_hp_gain":0,"max_hp_loss":0,"event_name":"Wheel of Change","floor":13,"gold_loss":0},{"cards_removed":["Strike_B"],"damage_healed":0,"gold_gain":0,"player_choice":"Gave Gold","damage_taken":0,"max_hp_gain":0,"max_hp_loss":0,"event_name":"Beggar","floor":19,"gold_loss":75},{"cards_removed":["Strike_B"],"damage_healed":0,"gold_gain":0,"player_choice":"Purged","damage_taken":0,"max_hp_gain":0,"max_hp_loss":0,"event_name":"Purifier","floor":28,"gold_loss":0},{"damage_healed":19,"gold_gain":0,"player_choice":"Writhe","damage_taken":0,"max_hp_gain":0,"max_hp_loss":0,"event_name":"Winding Halls","floor":41,"gold_loss":0,"cards_obtained":["Writhe"]},{"damage_healed":0,"gold_gain":0,"player_choice":"Ignored","damage_taken":0,"max_hp_gain":0,"max_hp_loss":0,"event_name":"Tomb of Lord Red Mask","floor":48,"gold_loss":0}],"is_beta":false,"boss_relics":[{"not_picked":["Runic Dome","Pandora\u0027s Box"],"picked":"Philosopher\u0027s Stone"},{"not_picked":["Runic Pyramid","Sozu"],"picked":"Fusion Hammer"}],"items_purged_floors":[21,36,53],"is_endless":false,"potions_floor_spawned":[7,14,16,18,24,30,31,37,38,40,44,45,54],"killed_by":"The Heart","ascension_level":2}