{"gold_per_floor":[113,113,63,77,93,93,126,226,226,242,10,10,10,41,41,140,140,152,162,162,86,86,86,11,38,38,38,38,38,53,65,65,163,163,180,280,292,47,47,47,75,94,120,32,32,50,50,70,70,70,70,70,70,96,96],"floor_reached":55,"playtime":3382,"items_purged":["Defend_G","Parasite"],"score":756,"play_id":"6a5a42f0-588b-43e8-8736-926008a2320f","local_time":"20190110072604","is_ascension_mode":true,"campfire_choices":[{"data":"Neutralize","floor":6.0,"key":"SMITH"},{"data":"Well Laid Plans","floor":13.0,"key":"SMITH"},{"data":"Noxious Fumes","floor":15.0,"key":"SMITH"},{"data":"Footwork","floor":23.0,"key":"SMITH"},{"data":"Prepared","floor":32.0,"key":"SMITH"},{"data":"Adrenaline","floor":40.0,"key":"SMITH"},{"data":"Expertise","floor":45.0,"key":"SMITH"},{"floor":47.0,"key":"RECALL"},{"data":"Blur","floor":49.0,"key":"SMITH"},{"data":"1","floor":52.0,"key":"LIFT"}],"neow_cost":"NONE","seed_source_timestamp":272546358187537,"circlet_count":0,"master_deck":["Defend_G","Defend_G","Defend_G","Strike_G","Survivor","Neutralize+1","Sucker Punch","Deflect","Expertise+1","Prepared+1","Slice","Blur+1","Well Laid Plans+1","Noxious Fumes+1","Corpse Explosion","Die Die Die+1","Deadly Poison+1","Flying Knee+1","Flechettes","Footwork+1","Deflect","Adrenaline+1","Backflip+1","Deflect+1","Footwork"],"special_seed":0,"relics":["Ring of the Snake","Boot","Lantern","Astrolabe","Nilry\u0027s Codex","Oddly Smooth Stone","Sundial","Eternal Feather","Girya","Mummified Hand","Happy Flower","MawBank","Incense Burner"],"potions_floor_usage":[55,55,55,55,55,55],"damage_taken":[{"damage":0.0,"enemies":"2 Louse","floor":1.0,"turns":3.0},{"damage":0.0,"enemies":"Jaw Worm","floor":4.0,"turns":4.0},{"damage":3.0,"enemies":"Small Slimes","floor":5.0,"turns":4.0},{"damage":22.0,"enemies":"Gremlin Nob","floor":7.0,"turns":5.0},{"damage":9.0,"enemies":"Exordium Thugs","floor":10.0,"turns":7.0},{"damage":19.0,"enemies":"Lagavulin","floor":14.0,"turns":9.0},{"damage":3.0,"enemies":"Hexaghost","floor":16.0,"turns":11.0},{"damage":3.0,"enemies":"3 Byrds","floor":18.0,"turns":3.0},{"damage":2.0,"enemies":"Spheric Guardian","floor":19.0,"turns":5.0},{"damage":25.0,"enemies":"Gremlin Leader","floor":25.0,"turns":6.0},{"damage":0.0,"enemies":"3 Cultists","floor":30.0,"turns":3.0},{"damage":9.0,"enemies":"Chosen and Byrds","floor":31.0,"turns":5.0},{"damage":16.0,"enemies":"Automaton","floor":33.0,"turns":11.0},{"damage":2.0,"enemies":"Orb Walker","floor":35.0,"turns":4.0},{"damage":4.0,"enemies":"Mind Bloom Boss Battle","floor":36.0,"turns":7.0},{"damage":12.0,"enemies":"3 Darklings","floor":37.0,"turns":3.0},{"damage":31.0,"enemies":"Giant Head","floor":41.0,"turns":11.0},{"damage":0.0,"enemies":"Writhing Mass","floor":42.0,"turns":7.0},{"damage":0.0,"enemies":"Jaw Worm Horde","floor":46.0,"turns":2.0},{"damage":10.0,"enemies":"Maw","floor":48.0,"turns":7.0},{"damage":29.0,"enemies":"Donu and Deca","floor":50.0,"turns":9.0},{"damage":10,"enemies":"Shield and Spear","floor":54,"turns":6},{"damage":74,"enemies":"The Heart","floor":55,"turns":8}],"seed_played":"5828982552056807159","potions_obtained":[{"floor":5.0,"key":"SteroidPotion"},{"floor":7.0,"key":"Fire Potion"},{"floor":14.0,"key":"Swift Potion"},{"floor":16.0,"key":"Regen Potion"},{"floor":18.0,"key":"SteroidPotion"},{"floor":19.0,"key":"EntropicBrew"},{"floor":33.0,"key":"Dexterity Potion"},{"floor":41.0,"key":"SpeedPotion"}],"is_trial":false,"path_per_floor":["M","?","?","M","M","R","E","?","T","M","$","$","R","E","R","B",null,"M","M","?","$","?","R","?","E","T","?","$","$","M","M","R","B",null,"M","?","M","$","?","R","E","M","T","$","R","M","R","M","R","B",null,"R","$","E","B"],"character_chosen":"THE_SILENT","items_purchased":["Slice","Blur","Well Laid Plans","Footwork","Mummified Hand"],"campfire_rested":0,"item_purchase_floors":[11,11,11,21,38],"current_hp_per_floor":[70,70,70,70,67,67,45,45,45,36,36,36,36,17,17,14,70,67,65,49,49,70,70,70,45,45,45,45,45,45,36,36,35,70,68,64,52,52,52,64,33,33,33,33,45,45,57,47,59,30,67,67,67,57,0],"gold":96,"neow_bonus":"RANDOM_COMMON_RELIC","is_prod":false,"is_daily":false,"chose_seed":false,"campfire_upgraded":8,"win_rate":0,"timestamp":1547101564,"path_taken":["M","?","?","?","M","R","E","?","T","?","?","$","R","E","R","BOSS","M","M","?","$","?","R","?","E","T","?","?","$","?","M","R","BOSS","M","?","M","?","?","R","E","M","T","$","R","?","R","M","R","BOSS","R","$","E","BOSS"],"build_version":"2019-01-03v4","purchased_purges":2,"victory":false,"max_hp_per_floor":[70,70,70,70,70,70,70,70,70,70,70,70,70,70,70,70,70,70,70,70,70,70,70,70,70,70,70,70,70,70,70,70,70,70,70,70,70,70,70,70,70,70,70,67,67,67,67,67,67,67,67,67,67,67,67],"card_choices":[{"not_picked":["Dodge and Roll","Dagger Throw"],"picked":"Sucker Punch","floor":1.0},{"not_picked":["Dagger Throw","Setup"],"picked":"Deflect","floor":4.0},{"not_picked":["Predator","Backstab","Sucker Punch"],"picked":"SKIP","floor":5.0},{"not_picked":["Bane","Blade Dance"],"picked":"Expertise","floor":7.0},{"not_picked":["Setup","Catalyst"],"picked":"Prepared","floor":10.0},{"not_picked":["Caltrops","Eviscerate"],"picked":"Noxious Fumes","floor":14.0},{"not_picked":["Envenom","Bullet Time"],"picked":"Corpse Explosion","floor":16.0},{"not_picked":["Dash","Flying Knee","Riddle With Holes"],"picked":"SKIP","floor":18.0},{"not_picked":["Dash","Flying Knee","Riddle With Holes"],"picked":"SKIP","floor":18.0},{"not_picked":["Caltrops","Outmaneuver"],"picked":"Flechettes","floor":19.0},{"not_picked":["Bane","Dagger Spray","Outmaneuver"],"picked":"SKIP","floor":25.0},{"not_picked":["Well Laid Plans","Outmaneuver","Deflect"],"picked":"SKIP","floor":30.0},{"not_picked":["Well Laid Plans","Outmaneuver"],"picked":"Deflect","floor":30.0},{"not_picked":["Prepared","Dagger Spray","Dagger Throw"],"picked":"SKIP","floor":31.0},{"not_picked":["Venomology","Doppelganger"],"picked":"Adrenaline","floor":33.0},{"not_picked":["Deflect","Well Laid Plans","Outmaneuver"],"picked":"SKIP","floor":35.0},{"not_picked":["Predator+1","Outmaneuver","Finisher"],"picked":"SKIP","floor":37.0},{"not_picked":["Terror+1","Outmaneuver+1"],"picked":"Backflip+1","floor":41.0},{"not_picked":["Cloak And Dagger","Quick Slash"],"picked":"Deflect+1","floor":42.0},{"not_picked":["Underhanded Strike","Quick Slash+1","Dodge and Roll"],"picked":"SKIP","floor":46.0},{"not_picked":["Accuracy+1","Masterful Stab","Prepared"],"picked":"SKIP","floor":48.0},{"not_picked":["Die Die Die","Dagger Throw+1"],"picked":"Footwork","floor":54}],"player_experience":663411,"relics_obtained":[{"floor":14.0,"key":"Lantern"},{"floor":20.0,"key":"Nilry\u0027s Codex"},{"floor":25.0,"key":"Oddly Smooth Stone"},{"floor":26.0,"key":"Sundial"},{"floor":36.0,"key":"Girya"},{"floor":41.0,"key":"Happy Flower"},{"floor":43.0,"key":"MawBank"},{"floor":54,"key":"Incense Burner"}],"event_choices":[{"damage_healed":0.0,"max_hp_gain":0.0,"max_hp_loss":0.0,"gold_gain":0.0,"event_name":"Shining Light","player_choice":"Ignored","floor":2.0,"gold_loss":0.0,"damage_taken":0.0},{"cards_removed":["Strike_G"],"damage_healed":0.0,"max_hp_gain":0.0,"max_hp_loss":0.0,"gold_gain":0.0,"event_name":"The Cleric","player_choice":"Card Removal","floor":3.0,"gold_loss":50.0,"damage_taken":0.0},{"damage_healed":0.0,"max_hp_gain":0.0,"max_hp_loss":0.0,"gold_gain":100.0,"event_name":"Wheel of Change","player_choice":"Gold","floor":8.0,"gold_loss":0.0,"damage_taken":0.0},{"damage_healed":0.0,"max_hp_gain":0.0,"max_hp_loss":0.0,"gold_gain":0.0,"event_name":"Cursed Tome","player_choice":"Obtained Book","floor":20.0,"gold_loss":0.0,"damage_taken":16.0},{"damage_healed":23.0,"max_hp_gain":0.0,"max_hp_loss":0.0,"gold_gain":0.0,"event_name":"The Library","player_choice":"Heal","floor":22.0,"gold_loss":0.0,"damage_taken":0.0},{"cards_removed":["Strike_G"],"damage_healed":0.0,"max_hp_gain":0.0,"max_hp_loss":0.0,"gold_gain":0.0,"event_name":"Beggar","player_choice":"Gave Gold","floor":24.0,"gold_loss":75.0,"damage_taken":0.0},{"damage_healed":0.0,"max_hp_gain":0.0,"max_hp_loss":0.0,"gold_gain":0.0,"event_name":"Ghosts","player_choice":"Ignored","floor":27.0,"gold_loss":0.0,"damage_taken":0.0},{"damage_healed":0.0,"max_hp_gain":0.0,"max_hp_loss":0.0,"gold_gain":0.0,"event_name":"MindBloom","player_choice":"Fight","floor":36.0,"gold_loss":0.0,"damage_taken":0.0},{"damage_healed":0.0,"max_hp_gain":0.0,"max_hp_loss":0.0,"gold_gain":0.0,"event_name":"SensoryStone","player_choice":"Memory 1","floor":39.0,"gold_loss":0.0,"damage_taken":0.0}],"is_beta":false,"boss_relics":[{"not_picked":["Ring of the Serpent","Fusion Hammer"],"picked":"Astrolabe"},{"not_picked":["Velvet Choker","Tiny House"],"picked":"Eternal Feather"}],"items_purged_floors":[11,44],"is_endless":false,"potions_floor_spawned":[5,7,14,16,18,19,33,41,48],"killed_by":"The Heart","ascension_level":1}