{"path_per_floor":["M","M","M","M","?","M","R","E","T","?","R","E","M","?","R","B",null,"M","?","M","$","M","R","E","R","T","?","M","M","E","$","R","B",null,"M","?","M","M","?","R","E","M","T","M","M","$","R","?","R"],"character_chosen":"IRONCLAD","items_purchased":["Bottled Lightning","Du-Vu Doll"],"gold_per_floor":[112,129,147,157,232,244,244,277,277,277,277,304,322,352,352,450,450,463,513,526,198,218,218,247,247,247,247,259,274,303,8,8,103,103,114,114,128,139,191,191,249,262,288,307,325,225,225,0,0],"floor_reached":50,"campfire_rested":6,"playtime":4318,"current_hp_per_floor":[67,68,63,56,45,42,42,20,20,13,52,28,23,23,62,13,98,75,75,42,42,9,53,19,63,63,47,28,27,26,26,70,21,98,82,82,77,89,66,66,37,63,63,45,34,34,34,34,78],"items_purged":["Pain","Strike_R"],"gold":0,"play_id":"a482e9e2-3cc4-4ce4-b9ae-161e25b0f885","is_prod":false,"is_daily":false,"is_ascension_mode":false,"campfire_upgraded":2,"path_taken":["M","M","?","M","?","M","R","E","T","?","R","E","M","?","R","BOSS","M","?","M","$","M","R","E","R","T","?","M","M","E","$","R","BOSS","M","?","M","M","?","R","E","M","T","M","M","$","R","?","R","BOSS"],"build_version":"2018-02-01-PROD3","purchased_purges":2,"victory":false,"master_deck":["Strike_R","Strike_R","Strike_R","Defend_R","Defend_R","Defend_R","Bash","Cleave","Thunderclap","Offering","Combust+1","Pommel Strike","Spot Weakness","Offering","Injury","Injury","Pummel","Pommel Strike+1","Flame Barrier+1","Warcry","Heavy Blade","Heavy Blade","Uppercut","Rupture+1","Brutality+1","Reaper","Seeing Red+1","Bloodletting+1","Warcry+1","Battle Trance+1","Flex+1","Burning Pact+1"],"max_hp_per_floor":[80,80,80,80,80,80,80,80,80,80,80,80,80,80,80,80,98,98,98,98,98,98,98,98,98,98,98,98,98,98,98,98,98,98,98,98,98,98,98,98,98,98,98,98,98,98,98,98,98],"relics":["Burning Blood","Regal Pillow","Darkstone Periapt","Ice Cream","Ginger","Calling Bell","Dream Catcher","Sundial","Blood Vial","Bottled Lightning","Charon\u0027s Ashes","Omamori","Necronomicon","Toxic Egg 2","Du-Vu Doll","Cursed Key","Girya","Tiny Chest","Prayer Wheel","Red Mask"],"card_choices":[{"not_picked":["Sword Boomerang","Hemokinesis"],"picked":"Cleave"},{"not_picked":["Pommel Strike","Fire Breathing"],"picked":"Thunderclap"},{"not_picked":["Seeing Red","Twin Strike"],"picked":"Offering"},{"not_picked":["Clothesline","Wild Strike"],"picked":"Combust"},{"not_picked":["Iron Wave","Wild Strike"],"picked":"Pommel Strike"},{"not_picked":["Heavy Blade","True Grit"],"picked":"Spot Weakness"},{"not_picked":["Juggernaut","Bludgeon"],"picked":"Offering"},{"not_picked":["Rampage","Second Wind"],"picked":"Pummel"},{"not_picked":["Rupture","Clothesline"],"picked":"Pommel Strike"},{"not_picked":["Body Slam","Demon Form"],"picked":"Flame Barrier"},{"not_picked":["Hemokinesis","Cleave"],"picked":"Warcry"},{"not_picked":["Twin Strike","Corruption"],"picked":"Heavy Blade"},{"not_picked":["Dual Wield","Body Slam"],"picked":"Heavy Blade"},{"not_picked":["Evolve","Burning Pact"],"picked":"Uppercut"},{"not_picked":["Feel No Pain","Anger"],"picked":"Rupture"},{"not_picked":["Clothesline","Anger"],"picked":"Brutality"},{"not_picked":["Limit Break","Feed"],"picked":"Reaper"},{"not_picked":["Clash","Dual Wield"],"picked":"Seeing Red"},{"not_picked":["Clash","Cleave"],"picked":"Bloodletting"},{"not_picked":["Combust","Twin Strike"],"picked":"Warcry"},{"not_picked":["Twin Strike","Perfected Strike"],"picked":"Battle Trance"},{"not_picked":["Iron Wave","Cleave"],"picked":"Flex"},{"not_picked":["Thunderclap","Perfected Strike"],"picked":"Burning Pact"}],"player_experience":59602,"potions_floor_usage":[4,6,16,16,22,24,33,39,42,50],"damage_taken":[{"damage":19,"enemies":"Blue Slaver","floor":1,"turns":3},{"damage":5,"enemies":"Small Slimes","floor":2,"turns":3},{"damage":11,"enemies":"Jaw Worm","floor":3,"turns":2},{"damage":13,"enemies":"Gremlin Gang","floor":4,"turns":3},{"damage":9,"enemies":"Looter","floor":6,"turns":3},{"damage":28,"enemies":"Gremlin Nob","floor":8,"turns":4},{"damage":30,"enemies":"3 Sentries","floor":12,"turns":4},{"damage":11,"enemies":"2 Fungi Beasts","floor":13,"turns":3},{"damage":55,"enemies":"Hexaghost","floor":16,"turns":8},{"damage":29,"enemies":"Chosen","floor":18,"turns":5},{"damage":41,"enemies":"2 Thieves","floor":20,"turns":3},{"damage":41,"enemies":"Snecko","floor":22,"turns":6},{"damage":42,"enemies":"Book of Stabbing","floor":24,"turns":5},{"damage":27,"enemies":"Chosen and Byrds","floor":28,"turns":4},{"damage":9,"enemies":"Centurion and Healer","floor":29,"turns":3},{"damage":9,"enemies":"Gremlin Leader","floor":30,"turns":4},{"damage":57,"enemies":"Automaton","floor":33,"turns":6},{"damage":22,"enemies":"3 Shapes","floor":35,"turns":3},{"damage":13,"enemies":"Orb Walker","floor":37,"turns":3},{"damage":18,"enemies":"4 Shapes","floor":38,"turns":3},{"damage":31,"enemies":"신비한 구체","floor":39,"turns":3},{"damage":37,"enemies":"2 Orb Walkers","floor":41,"turns":3},{"damage":32,"enemies":"3 Darklings","floor":42,"turns":5},{"damage":38,"enemies":"Maw","floor":44,"turns":4},{"damage":19,"enemies":"Sphere and 2 Shapes","floor":45,"turns":3},{"damage":99,"enemies":"Awakened One","floor":50,"turns":5}],"event_choices":[{"event_name":"World of Goop","player_choice":"Gather Gold","floor":5,"damage_taken":0},{"event_name":"Golden Wing","player_choice":"Card Removal","floor":10,"damage_taken":0},{"event_name":"Dead Adventurer","player_choice":"Searched \u00272\u0027 times","floor":14,"damage_taken":0},{"event_name":"The Joust","player_choice":"Bet on Murderer","floor":19,"damage_taken":0},{"event_name":"Cursed Tome","player_choice":"Obtained Book","floor":27,"damage_taken":0},{"event_name":"Mysterious Sphere","player_choice":"Fight","floor":39,"damage_taken":0},{"event_name":"Tomb of Lord Red Mask","player_choice":"Paid","floor":48,"damage_taken":0}],"boss_relics":[{"not_picked":["Philosopher\u0027s Stone","Tiny House"],"picked":"Calling Bell"},{"not_picked":["Orrery","Eternal Feather"],"picked":"Cursed Key"}],"potions_floor_spawned":[3,4,12,13,18,22,29,33,37,38,45],"seed_played":"4114427889237583377","killed_by":"Awakened One","ascension_level":0,"is_trial":false}