{"path_per_floor":["M","M","?","?","$","R","E","?","T","$","T","M","R","M","R","B",null,"M","$","?","M","?","R","E","R","T","M","M","?","M","M","R"],"character_chosen":"THE_SILENT","items_purchased":["Lantern"],"gold_per_floor":[112,132,207,207,132,132,167,167,167,167,167,185,185,201,201,297,297,314,70,70,86,86,86,117,117,117,129,139,139,150,162,162],"floor_reached":33,"campfire_rested":2,"playtime":2005,"current_hp_per_floor":[56,55,44,44,44,44,30,27,27,27,27,26,26,26,44,41,58,57,57,57,57,46,46,30,51,51,53,54,54,53,47,47],"items_purged":["Defend_G","Strike_G"],"gold":162,"score":371,"play_id":"68986222-dc03-46bf-bb6e-527c5a5f75ee","is_prod":false,"is_daily":false,"is_ascension_mode":true,"campfire_upgraded":4,"path_taken":["M","M","?","?","$","R","E","?","T","$","?","M","R","M","R","BOSS","M","$","?","M","?","R","E","R","T","?","M","?","M","M","R","BOSS"],"build_version":"2018-02-15-PROD1","purchased_purges":6,"victory":false,"master_deck":["Defend_G","Defend_G","Defend_G","Defend_G","Strike_G","Strike_G","Strike_G","Strike_G","Survivor","Neutralize","Acrobatics+1","Neutralize+1","After Image","Cloak And Dagger+1","Dagger Throw","Glass Knife+1","Flying Knee+1","Cloak And Dagger+1","Calculated Gamble+1"],"max_hp_per_floor":[63,63,63,63,63,63,63,63,63,63,63,63,63,63,63,63,63,63,63,63,63,68,68,70,70,70,72,74,74,74,76,76],"relics":["Ring of the Snake","Dead Branch","Pen Nib","Torii","Vajra","Ginger","Black Star","Lantern","Ancient Tea Set","Singing Bowl","Bottled Tornado"],"card_choices":[{"not_picked":["PiercingWail","Slice"],"picked":"Acrobatics"},{"not_picked":["After Image","Backflip"],"picked":"Cloak And Dagger"},{"not_picked":["Flying Knee","Dagger Spray"],"picked":"Dagger Throw"},{"not_picked":["Tools of the Trade","Bullet Time"],"picked":"Glass Knife"},{"not_picked":["Slice","Bane"],"picked":"Flying Knee"},{"not_picked":["Malaise","Slice"],"picked":"Cloak And Dagger"},{"not_picked":["Malaise","Deadly Poison"],"picked":"Calculated Gamble"}],"player_experience":323599,"potions_floor_usage":[24,31],"damage_taken":[{"damage":7.0,"enemies":"Small Slimes","floor":1.0,"turns":4.0},{"damage":1.0,"enemies":"Cultist","floor":2.0,"turns":5.0},{"damage":14.0,"enemies":"3 Sentries","floor":7.0,"turns":10.0},{"damage":1.0,"enemies":"Exordium Wildlife","floor":12.0,"turns":4.0},{"damage":0.0,"enemies":"2 Fungi Beasts","floor":14.0,"turns":2.0},{"damage":3.0,"enemies":"Hexaghost","floor":16.0,"turns":11.0},{"damage":1.0,"enemies":"Chosen","floor":18.0,"turns":4.0},{"damage":0.0,"enemies":"Spheric Guardian","floor":21.0,"turns":1.0},{"damage":18,"enemies":"Slavers","floor":24,"turns":4},{"damage":0,"enemies":"Cultist and Chosen","floor":27,"turns":4},{"damage":1,"enemies":"Slaver and Parasite","floor":28,"turns":5},{"damage":1,"enemies":"Centurion and Healer","floor":30,"turns":4},{"damage":8,"enemies":"Snake Plant","floor":31,"turns":4},{"damage":47,"enemies":"Champ","floor":33,"turns":9}],"event_choices":[{"event_name":"World of Goop","player_choice":"Gather Gold","floor":3.0,"damage_taken":0.0},{"event_name":"Match and Keep!","player_choice":"2 cards matched","floor":4.0,"damage_taken":0.0},{"event_name":"Scrap Ooze","player_choice":"success","floor":8.0,"damage_taken":3.0},{"event_name":"Vampires","player_choice":"Ignored","floor":20.0,"damage_taken":0.0},{"event_name":"Forgotten Altar","player_choice":"Shed Blood","floor":22.0,"damage_taken":0.0},{"event_name":"Upgrade Shrine","player_choice":"Upgraded","floor":29,"damage_taken":0}],"boss_relics":[],"potions_floor_spawned":[12,14,18,30],"seed_played":"5114450609008668524","killed_by":"Champ","ascension_level":8,"is_trial":false}