{"gold_per_floor":[111,111,37,37,37,37,71,87,87,110,110,145,163,188,188,188],"floor_reached":16,"playtime":432,"items_purged":[],"score":257,"play_id":"f5a7e506-a4c3-4322-8f4f-24211d8511af","local_time":"20190221160057","is_ascension_mode":true,"campfire_choices":[{"data":"Metallicize","floor":6.0,"key":"SMITH"},{"data":"Searing Blow","floor":11.0,"key":"SMITH"},{"data":"Searing Blow+1","floor":15,"key":"SMITH"}],"neow_cost":"NONE","seed_source_timestamp":1270757212021311,"circlet_count":0,"master_deck":["AscendersBane","Strike_R","Strike_R+1","Strike_R","Strike_R","Strike_R","Defend_R","Defend_R","Defend_R","Defend_R","Bash+1","Metallicize+1","Dropkick","Searing Blow+2"],"special_seed":0,"relics":["Burning Blood","NeowsBlessing","Golden Idol","Art of War","Bronze Scales","Pantograph","Torii"],"potions_floor_usage":[],"damage_taken":[{"damage":0.0,"enemies":"Small Slimes","floor":1.0,"turns":1.0},{"damage":0.0,"enemies":"3 Sentries","floor":7.0,"turns":2.0},{"damage":0.0,"enemies":"Jaw Worm","floor":8.0,"turns":1.0},{"damage":2.0,"enemies":"Cultist","floor":10.0,"turns":2.0},{"damage":4.0,"enemies":"Gremlin Nob","floor":12.0,"turns":3.0},{"damage":7.0,"enemies":"Gremlin Gang","floor":13.0,"turns":5.0},{"damage":8,"enemies":"Blue Slaver","floor":14,"turns":2},{"damage":68,"enemies":"Slime Boss","floor":16,"turns":10}],"seed_played":"397686152221635793","potions_obtained":[{"floor":7.0,"key":"Dexterity Potion"},{"floor":8.0,"key":"AttackPotion"}],"is_trial":false,"path_per_floor":["M","?","$","?","?","R","E","M","T","M","R","E","M","M","R","B"],"character_chosen":"IRONCLAD","items_purchased":["Metallicize"],"campfire_rested":0,"item_purchase_floors":[3],"current_hp_per_floor":[74,51,51,51,51,51,57,63,63,67,67,68,67,65,65,0],"gold":188,"neow_bonus":"THREE_ENEMY_KILL","is_prod":false,"is_daily":false,"chose_seed":false,"campfire_upgraded":3,"win_rate":0,"timestamp":1550761257,"path_taken":["M","?","$","?","?","R","E","M","T","?","R","E","M","?","R","BOSS"],"build_version":"2019-01-23","purchased_purges":0,"victory":false,"max_hp_per_floor":[75,75,75,68,68,68,68,68,68,68,68,68,68,68,68,68],"card_choices":[{"not_picked":["Clash","Body Slam"],"picked":"Carnage","floor":1.0},{"not_picked":["Warcry","True Grit","Body Slam"],"picked":"SKIP","floor":7.0},{"not_picked":["Blood for Blood","Shrug It Off"],"picked":"Dropkick","floor":8.0},{"not_picked":["Dual Wield","Hemokinesis"],"picked":"Searing Blow","floor":10.0},{"not_picked":["Seeing Red","Hemokinesis","Shrug It Off"],"picked":"SKIP","floor":12.0},{"not_picked":["Thunderclap","Havoc","Heavy Blade"],"picked":"SKIP","floor":13.0},{"not_picked":["Havoc","Warcry","Iron Wave"],"picked":"SKIP","floor":14}],"player_experience":847843,"relics_obtained":[{"floor":7.0,"key":"Bronze Scales"},{"floor":9.0,"key":"Pantograph"},{"floor":12.0,"key":"Torii"}],"event_choices":[{"damage_healed":0.0,"max_hp_gain":0.0,"max_hp_loss":0.0,"gold_gain":0.0,"event_name":"Shining Light","player_choice":"Entered Light","floor":2.0,"gold_loss":0.0,"damage_taken":23.0,"cards_upgraded":["Strike_R","Bash"]},{"damage_healed":0.0,"max_hp_gain":0.0,"max_hp_loss":7.0,"gold_gain":0.0,"event_name":"Golden Idol","player_choice":"Lose Max HP","floor":4.0,"gold_loss":0.0,"damage_taken":0.0,"relics_obtained":["Golden Idol"]},{"cards_removed":["Carnage"],"damage_healed":0.0,"max_hp_gain":0.0,"max_hp_loss":0.0,"gold_gain":0.0,"event_name":"WeMeetAgain","player_choice":"Gave Card","floor":5.0,"gold_loss":0.0,"damage_taken":0.0,"relics_obtained":["Art of War"]}],"is_beta":false,"boss_relics":[],"items_purged_floors":[],"is_endless":false,"potions_floor_spawned":[7,8,10],"killed_by":"Slime Boss","ascension_level":18}