{"path_per_floor":["M","M","?","M","M","E","R","E","T","M","R","?","M","$","R","B",null,"M","M","?","$","M","R","E","M","T","?","?","?","E","M","R"],"character_chosen":"IRONCLAD","items_purchased":["Whetstone","Fire Potion"],"gold_per_floor":[114,133,133,150,160,195,195,225,248,267,267,267,279,2,2,103,103,121,138,138,38,51,51,114,126,153,153,153,68,100,119,119],"floor_reached":33,"campfire_rested":2,"playtime":2580,"current_hp_per_floor":[80,79,84,85,85,51,51,30,30,39,65,47,46,46,72,19,88,85,82,82,82,78,78,77,73,73,100,100,100,95,100,100],"items_purged":["Defend_R","Strike_R"],"gold":119,"score":381,"play_id":"1401bb40-6a81-4f47-9cf3-c900b09610cd","is_prod":false,"is_daily":false,"is_ascension_mode":true,"campfire_upgraded":3,"path_taken":["M","M","?","M","?","E","R","E","T","M","R","?","M","$","R","BOSS","M","M","?","$","?","R","E","M","T","?","?","?","E","M","R","BOSS"],"build_version":"2018-02-08-PROD1","purchased_purges":2,"victory":false,"master_deck":["Strike_R","Strike_R+1","Strike_R","Strike_R+1","Defend_R+1","Defend_R","Defend_R","Bash+1","Battle Trance","Shrug It Off+1","Dropkick","Seeing Red","Feed+1","Fiend Fire+1","Cleave","Armaments+1","Iron Wave+1","Rage","Dropkick","Madness+1","Warcry+1"],"max_hp_per_floor":[80,80,85,85,85,85,85,85,85,88,88,88,88,88,88,88,88,92,92,92,92,96,96,96,100,100,100,100,100,100,100,100],"relics":["Burning Blood","Bronze Scales","Letter Opener","Bag of Preparation","Whetstone","Sozu","Tiny Chest","Juzu Bracelet","Pen Nib","Dream Catcher"],"card_choices":[{"not_picked":["Rage","Ghostly Armor"],"picked":"Battle Trance"},{"not_picked":["Warcry","Reckless Charge"],"picked":"Shrug It Off"},{"not_picked":["Metallicize","Thunderclap"],"picked":"Dropkick"},{"not_picked":["Havoc","Clothesline"],"picked":"Seeing Red"},{"not_picked":["Wild Strike","Evolve"],"picked":"Feed"},{"not_picked":["Limit Break","Dark Embrace"],"picked":"Fiend Fire"},{"not_picked":["Searing Blow","Battle Trance"],"picked":"Cleave"},{"not_picked":["Flex","Heavy Blade"],"picked":"Armaments"},{"not_picked":["Twin Strike","Clash"],"picked":"Iron Wave"},{"not_picked":["Pummel","Body Slam"],"picked":"Rage"},{"not_picked":["Havoc","Heavy Blade"],"picked":"Dropkick"},{"not_picked":["Clash","Feel No Pain"],"picked":"Warcry"}],"player_experience":212746,"potions_floor_usage":[6,6],"damage_taken":[{"damage":1,"enemies":"2 Louse","floor":1,"turns":3},{"damage":7,"enemies":"Jaw Worm","floor":2,"turns":4},{"damage":5,"enemies":"Blue Slaver","floor":4,"turns":6},{"damage":4,"enemies":"3 Louse","floor":5,"turns":3},{"damage":40,"enemies":"Lagavulin","floor":6,"turns":6},{"damage":27,"enemies":"Gremlin Nob","floor":8,"turns":4},{"damage":0,"enemies":"Exordium Wildlife","floor":10,"turns":3},{"damage":7,"enemies":"Exordium Thugs","floor":13,"turns":5},{"damage":59,"enemies":"Hexaghost","floor":16,"turns":9},{"damage":13,"enemies":"Spheric Guardian","floor":18,"turns":4},{"damage":9,"enemies":"Shell Parasite","floor":19,"turns":3},{"damage":14,"enemies":"Cultist and Chosen","floor":22,"turns":4},{"damage":7,"enemies":"Slavers","floor":24,"turns":5},{"damage":14,"enemies":"Centurion and Healer","floor":25,"turns":3},{"damage":11,"enemies":"Gremlin Leader","floor":30,"turns":5},{"damage":0,"enemies":"Snake Plant","floor":31,"turns":1},{"damage":110,"enemies":"Automaton","floor":33,"turns":10}],"event_choices":[{"event_name":"Big Fish","player_choice":"Donut","floor":3,"damage_taken":0},{"event_name":"Shining Light","player_choice":"Entered Light","floor":12,"damage_taken":0},{"event_name":"Vampires","player_choice":"Ignored","floor":20,"damage_taken":0},{"event_name":"The Library","player_choice":"Heal","floor":27,"damage_taken":0},{"event_name":"Match and Keep!","player_choice":"1 cards matched","floor":28,"damage_taken":0},{"event_name":"Addict","player_choice":"Obtained Relic","floor":29,"damage_taken":0}],"boss_relics":[{"not_picked":["Cursed Key","Pandora\u0027s Box"],"picked":"Sozu"}],"potions_floor_spawned":[1,2,5,6,19,22,24],"seed_played":"4382753152414141298","killed_by":"Automaton","ascension_level":4,"is_trial":false}