{"path_per_floor":["M","M","?","?","?","R","E","M","T","R","E","R","M","$","R","B",null,"M","?","?","?","M","R"],"character_chosen":"DEFECT","items_purchased":[],"gold_per_floor":[109,124,124,124,224,224,253,266,318,318,352,352,364,289,289,390,390,408,408,353,353,370,370,370],"floor_reached":24,"campfire_rested":1,"playtime":567,"item_purchase_floors":[],"current_hp_per_floor":[68,66,66,66,66,66,36,28,28,28,28,28,20,20,42,21,62,45,45,45,31,28,28,0],"items_purged":["Strike_B"],"gold":370,"score":306,"play_id":"94863e8d-6a6b-486a-a7d8-c8f2a8857053","local_time":"20180609152937","is_prod":false,"is_daily":false,"chose_seed":false,"is_ascension_mode":true,"campfire_upgraded":4,"win_rate":0,"timestamp":1528550977,"campfire_choices":[{"data":"Zap","floor":6.0,"key":"SMITH"},{"data":"Dualcast","floor":10.0,"key":"SMITH"},{"data":"Defragment","floor":12.0,"key":"SMITH"},{"floor":15.0,"key":"REST"},{"data":"Coolheaded","floor":23,"key":"SMITH"}],"path_taken":["M","M","?","?","?","R","E","?","T","R","E","R","M","$","R","BOSS","M","?","?","?","?","R","E"],"build_version":"2018-06-07v3","seed_source_timestamp":117753302456207,"purchased_purges":1,"victory":false,"master_deck":["Strike_B","Strike_B","Defend_B","Defend_B","Defend_B","Zap+1","Dualcast+1","Biased Cognition","Defragment+1","FTL","Electrodynamics","Seek","Coolheaded+1"],"max_hp_per_floor":[75,75,75,75,75,75,75,75,75,75,75,75,75,75,75,75,75,75,75,75,80,80,80,80],"relics":["Cracked Core","Bronze Scales","Omamori","Unceasing Top","Sozu","Tiny Chest"],"card_choices":[{"not_picked":["Redo","Cold Snap"],"picked":"Defragment","floor":1.0},{"not_picked":["Hologram","Double Energy"],"picked":"FTL","floor":2.0},{"not_picked":["Stack","Turbo","Cold Snap"],"picked":"SKIP","floor":7.0},{"not_picked":["Skim","Streamline"],"picked":"Electrodynamics","floor":8.0},{"not_picked":["Hologram","Leap","Heatsinks"],"picked":"SKIP","floor":11.0},{"not_picked":["Steam","Ball Lightning","Rebound"],"picked":"SKIP","floor":13.0},{"not_picked":["Biased Cognition","Hyperbeam"],"picked":"Seek","floor":16.0},{"not_picked":["Go for the Eyes","Rip and Tear"],"picked":"Coolheaded","floor":18.0},{"not_picked":["Turbo","Doom and Gloom","Go for the Eyes"],"picked":"SKIP","floor":22}],"player_experience":563774,"potions_floor_usage":[],"damage_taken":[{"damage":0.0,"enemies":"Cultist","floor":1.0,"turns":2.0},{"damage":2.0,"enemies":"Jaw Worm","floor":2.0,"turns":3.0},{"damage":30.0,"enemies":"Lagavulin","floor":7.0,"turns":6.0},{"damage":8.0,"enemies":"Small Slimes","floor":8.0,"turns":2.0},{"damage":0.0,"enemies":"3 Sentries","floor":11.0,"turns":2.0},{"damage":8.0,"enemies":"Blue Slaver","floor":13.0,"turns":3.0},{"damage":21.0,"enemies":"Hexaghost","floor":16.0,"turns":7.0},{"damage":17.0,"enemies":"2 Thieves","floor":18.0,"turns":2.0},{"damage":3,"enemies":"Spheric Guardian","floor":22,"turns":2},{"damage":30,"enemies":"Book of Stabbing","floor":24,"turns":3}],"relics_obtained":[{"floor":7.0,"key":"Bronze Scales"},{"floor":9.0,"key":"Omamori"},{"floor":11.0,"key":"Unceasing Top"}],"event_choices":[{"event_name":"Purifier","player_choice":"One Purge","floor":3.0,"damage_taken":0.0},{"event_name":"Scrap Ooze","player_choice":"unsuccessful","floor":4.0,"damage_taken":0.0},{"event_name":"Golden Shrine","player_choice":"Pray","floor":5.0,"damage_taken":0.0},{"event_name":"Back to Basics","player_choice":"Elegance","floor":19.0,"damage_taken":0.0},{"event_name":"Addict","player_choice":"Obtained Relic","floor":20.0,"damage_taken":0.0},{"event_name":"Forgotten Altar","player_choice":"Shed Blood","floor":21.0,"damage_taken":0.0}],"boss_relics":[{"not_picked":["Snecko Eye","Orrery"],"picked":"Sozu"}],"items_purged_floors":[],"potions_floor_spawned":[1,11,13,16,18],"seed_played":"8411446315529450454","killed_by":"Book of Stabbing","ascension_level":7,"potions_obtained":[{"floor":1.0,"key":"SkillPotion"},{"floor":11.0,"key":"Ancient Potion"},{"floor":13.0,"key":"Ancient Potion"},{"floor":16.0,"key":"Energy Potion"}],"is_trial":false}