{"path_per_floor":["M","T","M","?","?","R","M","E","T","R","$","R","T","$","R","B",null,"M","$","?","?","M","E","M","R","T","$","M","?","R","?","R","B",null,"M","?","?","$","?","R","M","R","T","M","?","R","M","$","R","B"],"character_chosen":"DEFECT","items_purchased":["Capacitor","Hologram+1","Defragment","Double Energy+1","Pantograph","Defragment"],"gold_per_floor":[147,147,157,157,157,157,172,200,200,200,40,40,67,67,67,164,164,184,70,169,169,184,218,235,235,258,20,40,40,40,140,140,245,245,260,260,260,260,260,260,273,273,273,285,285,285,296,218,218,218],"floor_reached":51,"campfire_rested":2,"playtime":2136,"item_purchase_floors":[],"current_hp_per_floor":[67,74,74,74,74,74,74,53,53,53,53,53,53,53,53,19,66,55,55,55,55,39,24,26,50,50,50,39,39,39,39,39,25,69,71,71,71,71,71,71,61,86,86,79,79,79,83,83,83,54],"items_purged":["Strike_B"],"gold":218,"score":930,"play_id":"92af671d-b207-432f-8424-1a16828bfed5","local_time":"20180616001036","is_prod":false,"is_daily":false,"chose_seed":false,"is_ascension_mode":true,"campfire_upgraded":9,"win_rate":0,"timestamp":1529100636,"campfire_choices":[{"data":"Coolheaded","floor":6.0,"key":"SMITH"},{"data":"FTL","floor":10.0,"key":"SMITH"},{"data":"Capacitor","floor":12.0,"key":"SMITH"},{"data":"Steam","floor":15.0,"key":"SMITH"},{"floor":25.0,"key":"REST"},{"data":"Defragment","floor":30.0,"key":"SMITH"},{"data":"Go for the Eyes","floor":32.0,"key":"SMITH"},{"data":"Streamline","floor":40,"key":"SMITH"},{"floor":42,"key":"REST"},{"data":"Rebound","floor":46,"key":"SMITH"},{"data":"Defragment","floor":49,"key":"SMITH"}],"path_taken":["M","?","M","?","?","R","?","E","T","R","?","R","?","$","R","BOSS","M","$","?","?","M","E","M","R","T","$","M","?","R","?","R","BOSS","M","?","?","$","?","R","M","R","T","M","?","R","M","$","R","BOSS"],"build_version":"2018-06-14v2","seed_source_timestamp":32109958427516,"purchased_purges":1,"victory":true,"master_deck":["Zap+1","Dualcast+1","FTL+1","Coolheaded+1","Steam+1","Capacitor+1","Hologram+1","Seek+1","Chill+1","Go for the Eyes+1","Rebound+1","Recycle+1","Streamline+1","Sweeping Beam","Conserve Battery+1","Defragment+1","Double Energy+1","Turbo+1","Coolheaded+1","Thinking Ahead+1","Barrage+1","Defragment+1"],"max_hp_per_floor":[75,82,82,82,82,82,82,82,82,82,82,82,82,82,82,82,82,82,82,82,82,82,82,82,82,82,82,84,84,84,84,84,84,84,84,84,84,84,84,84,86,86,86,86,86,86,88,88,88,88],"special_seed":17697,"relics":["Cracked Core","Tiny Chest","Strawberry","Blood Vial","Toxic Egg 2","Lantern","Pandora\u0027s Box","Juzu Bracelet","Singing Bowl","Pantograph","Nuclear Battery","Bottled Lightning"],"card_choices":[{"not_picked":["Go for the Eyes","Double Energy"],"picked":"FTL","floor":1.0},{"not_picked":["White Noise","Go for the Eyes"],"picked":"Coolheaded","floor":3.0},{"not_picked":["Streamline","Recycle","Leap"],"picked":"SKIP","floor":7.0},{"not_picked":["Skim","Streamline"],"picked":"Steam","floor":8.0},{"not_picked":["Core Surge","Buffer"],"picked":"Seek+1","floor":16.0},{"not_picked":["Rebound","Blizzard"],"picked":"Conserve Battery+1","floor":18.0},{"not_picked":["Barrage","Hologram+1"],"picked":"Turbo+1","floor":22.0},{"not_picked":["Tempest+1","Core Surge","Melter"],"picked":"SKIP","floor":23.0},{"not_picked":["Rebound","Beam Cell","Leap+1"],"picked":"SKIP","floor":24.0},{"not_picked":["Amplify+1","Steam+1","Stack+1"],"picked":"Singing Bowl","floor":28.0},{"not_picked":["Creative AI","Thunder Strike"],"picked":"Machine Learning","floor":33.0},{"not_picked":["Hello World","Aggregate+1"],"picked":"Coolheaded+1","floor":35.0},{"not_picked":["Dark Shackles+1","Enlightenment+1"],"picked":"Thinking Ahead+1","floor":36.0},{"not_picked":["Tempest+1","Hello World","Heatsinks"],"picked":"Singing Bowl","floor":41},{"not_picked":["Turbo+1","FTL"],"picked":"Barrage+1","floor":44},{"not_picked":["Self Repair","Stack+1","Gash"],"picked":"Singing Bowl","floor":47}],"player_experience":575753,"potions_floor_usage":[50],"damage_taken":[{"damage":1.0,"enemies":"Cultist","floor":1.0,"turns":4.0},{"damage":0.0,"enemies":"Small Slimes","floor":3.0,"turns":2.0},{"damage":0.0,"enemies":"2 Louse","floor":7.0,"turns":2.0},{"damage":21.0,"enemies":"Lagavulin","floor":8.0,"turns":5.0},{"damage":36.0,"enemies":"Hexaghost","floor":16.0,"turns":14.0},{"damage":13.0,"enemies":"Shell Parasite","floor":18.0,"turns":6.0},{"damage":18.0,"enemies":"2 Thieves","floor":22.0,"turns":4.0},{"damage":17.0,"enemies":"Slavers","floor":23.0,"turns":5.0},{"damage":0.0,"enemies":"3 Cultists","floor":24.0,"turns":4.0},{"damage":15.0,"enemies":"Snake Plant","floor":28.0,"turns":4.0},{"damage":41.0,"enemies":"Automaton","floor":33.0,"turns":12.0},{"damage":0.0,"enemies":"Orb Walker","floor":35.0,"turns":5.0},{"damage":14,"enemies":"3 Darklings","floor":41,"turns":5},{"damage":7,"enemies":"Maw","floor":44,"turns":8},{"damage":0,"enemies":"4 Shapes","floor":47,"turns":6},{"damage":34,"enemies":"Time Eater","floor":50,"turns":14}],"relics_obtained":[{"floor":2.0,"key":"Strawberry"},{"floor":8.0,"key":"Blood Vial"},{"floor":9.0,"key":"Toxic Egg 2"},{"floor":13.0,"key":"Lantern"},{"floor":23.0,"key":"Juzu Bracelet"},{"floor":26.0,"key":"Singing Bowl"},{"floor":43,"key":"Bottled Lightning"}],"event_choices":[{"event_name":"Upgrade Shrine","player_choice":"Upgraded","floor":4.0,"damage_taken":0.0},{"event_name":"Accursed Blacksmith","player_choice":"Forge","floor":5.0,"damage_taken":0.0},{"event_name":"Nest","player_choice":"Stole From Cult","floor":20.0,"damage_taken":0.0},{"event_name":"Transmorgrifier","player_choice":"Transform","floor":21.0,"damage_taken":0.0},{"event_name":"Purifier","player_choice":"One Purge","floor":29.0,"damage_taken":0.0},{"event_name":"Golden Shrine","player_choice":"Pray","floor":31.0,"damage_taken":0.0},{"event_name":"SensoryStone","player_choice":"Memory 1","floor":36.0,"damage_taken":0.0},{"event_name":"Falling","player_choice":"Removed Power","floor":37.0,"damage_taken":0.0},{"event_name":"Mysterious Sphere","player_choice":"Ignore","floor":39,"damage_taken":0},{"event_name":"Tomb of Lord Red Mask","player_choice":"Ignored","floor":45,"damage_taken":0}],"boss_relics":[{"not_picked":["Runic Pyramid","Philosopher\u0027s Stone"],"picked":"Pandora\u0027s Box"},{"not_picked":["Calling Bell","Black Star"],"picked":"Nuclear Battery"}],"items_purged_floors":[],"is_endless":false,"potions_floor_spawned":[1,3,8,22,24,33,41,44],"seed_played":"6110849220153107871","ascension_level":9,"potions_obtained":[{"floor":1.0,"key":"AttackPotion"},{"floor":3.0,"key":"Energy Potion"},{"floor":8.0,"key":"Energy Potion"},{"floor":22.0,"key":"Explosive Potion"},{"floor":24.0,"key":"Energy Potion"},{"floor":33.0,"key":"EssenceOfSteel"},{"floor":41,"key":"Explosive Potion"}],"is_trial":false}