{"gold_per_floor":[112,187,45,10,10,43,43,73,97,109,121,121,151,151],"floor_reached":14,"playtime":262,"items_purged":[],"score":289,"play_id":"986454d2-5121-46c3-b48f-54e2a29a0232","local_time":"20190118093503","is_ascension_mode":true,"campfire_choices":[{"data":"Zap","floor":7,"key":"SMITH"}],"neow_cost":"NONE","seed_source_timestamp":770974722096799,"circlet_count":0,"master_deck":["AscendersBane","Strike_B","Strike_B","Strike_B","Defend_B","Defend_B","Defend_B","Defend_B","Zap+1","Dualcast","Redo","Compile Driver","Static Discharge","Genetic Algorithm"],"relics":["Cracked Core","NeowsBlessing","Tiny Chest","Sundial","Omamori","Ancient Tea Set","Boot"],"potions_floor_usage":[],"damage_taken":[{"damage":0,"enemies":"2 Louse","floor":1,"turns":1},{"damage":0,"enemies":"Gremlin Nob","floor":6,"turns":1},{"damage":0,"enemies":"Lagavulin","floor":8,"turns":1},{"damage":7,"enemies":"Jaw Worm","floor":10,"turns":3},{"damage":15,"enemies":"Small Slimes","floor":11,"turns":3},{"damage":29,"enemies":"3 Sentries","floor":13,"turns":5},{"damage":12,"enemies":"Gremlin Gang","floor":14,"turns":1}],"seed_played":"-4440048021017219949","potions_obtained":[{"floor":6,"key":"GamblersBrew"},{"floor":10,"key":"FearPotion"},{"floor":13,"key":"Block Potion"}],"is_trial":false,"path_per_floor":["M","?","$","?","$","E","R","E","T","M","M","?","E","M"],"character_chosen":"DEFECT","items_purchased":["Tiny Chest"],"campfire_rested":0,"item_purchase_floors":[3],"current_hp_per_floor":[64,53,53,70,70,70,70,70,70,63,48,41,12,0],"gold":151,"neow_bonus":"THREE_ENEMY_KILL","is_prod":false,"is_daily":false,"chose_seed":false,"campfire_upgraded":1,"win_rate":0,"timestamp":1547800503,"path_taken":["M","?","$","?","$","E","R","E","T","M","?","?","E","M"],"build_version":"2019-01-17","purchased_purges":0,"victory":false,"max_hp_per_floor":[71,71,71,71,71,71,71,71,71,71,71,71,71,71],"card_choices":[{"not_picked":["Turbo","Capacitor"],"picked":"Redo","floor":1},{"not_picked":["Rebound","Leap"],"picked":"Compile Driver","floor":6},{"not_picked":["Gash","Cold Snap","Hologram"],"picked":"SKIP","floor":8},{"not_picked":["Beam Cell","Storm"],"picked":"Static Discharge","floor":10},{"not_picked":["Blizzard","Beam Cell"],"picked":"Genetic Algorithm","floor":11},{"not_picked":["Blizzard","Rip and Tear","Turbo"],"picked":"SKIP","floor":13}],"player_experience":769119,"relics_obtained":[{"floor":6,"key":"Sundial"},{"floor":8,"key":"Omamori"},{"floor":9,"key":"Ancient Tea Set"},{"floor":13,"key":"Boot"}],"event_choices":[{"damage_healed":0,"gold_gain":75,"player_choice":"Gather Gold","damage_taken":11,"max_hp_gain":0,"max_hp_loss":0,"event_name":"World of Goop","floor":2,"gold_loss":0},{"damage_healed":17,"gold_gain":0,"player_choice":"Healed","damage_taken":0,"max_hp_gain":0,"max_hp_loss":0,"event_name":"The Cleric","floor":4,"gold_loss":35},{"cards_removed":["Strike_B"],"damage_healed":0,"gold_gain":0,"player_choice":"Card Removal","damage_taken":7,"max_hp_gain":0,"max_hp_loss":0,"event_name":"Golden Wing","floor":12,"gold_loss":0}],"is_beta":false,"boss_relics":[],"items_purged_floors":[],"is_endless":false,"potions_floor_spawned":[6,10,13],"killed_by":"Gremlin Gang","ascension_level":17}