{"gold_per_floor":[119,135,60,60,73,73,73,73,73,88,88,68,82,96,96,175,175,154,154,164,183,183],"floor_reached":22,"playtime":780,"items_purged":["Strike_G"],"score":338,"play_id":"6bae961b-9b30-41dd-80e9-33996ef0a8b3","local_time":"20190222000933","is_ascension_mode":true,"campfire_choices":[{"data":"Neutralize","floor":6.0,"key":"SMITH"},{"data":"Caltrops","floor":8.0,"key":"SMITH"},{"data":"Noxious Fumes","floor":11.0,"key":"SMITH"},{"floor":15,"key":"REST"}],"neow_cost":"NONE","seed_source_timestamp":1299807553370950,"circlet_count":0,"master_deck":["AscendersBane","Defend_G","Defend_G","Defend_G","Defend_G","Defend_G","Strike_G","Strike_G","Strike_G","Survivor","Neutralize+1","Caltrops+1","Poisoned Stab","Dash","Noxious Fumes+1","Caltrops","Calculated Gamble+1","Blur+1"],"special_seed":0,"relics":["Ring of the Snake","Toxic Egg 2","Gremlin Horn","Fusion Hammer"],"potions_floor_usage":[],"damage_taken":[{"damage":1.0,"enemies":"Small Slimes","floor":1.0,"turns":4.0},{"damage":1.0,"enemies":"Cultist","floor":2.0,"turns":6.0},{"damage":4.0,"enemies":"2 Louse","floor":5.0,"turns":3.0},{"damage":5.0,"enemies":"Red Slaver","floor":10.0,"turns":5.0},{"damage":20.0,"enemies":"Exordium Wildlife","floor":13.0,"turns":5.0},{"damage":19,"enemies":"Exordium Thugs","floor":14,"turns":6},{"damage":30,"enemies":"The Guardian","floor":16,"turns":10},{"damage":18,"enemies":"2 Thieves","floor":18,"turns":4},{"damage":21,"enemies":"Spheric Guardian","floor":20,"turns":6},{"damage":6,"enemies":"Snake Plant","floor":21,"turns":4},{"damage":45,"enemies":"Sentry and Sphere","floor":22,"turns":5}],"seed_played":"-9158253262036223492","potions_obtained":[{"floor":1.0,"key":"SteroidPotion"},{"floor":5.0,"key":"Swift Potion"},{"floor":12.0,"key":"Fruit Juice"},{"floor":13.0,"key":"Ancient Potion"},{"floor":14,"key":"EssenceOfSteel"},{"floor":18,"key":"GhostInAJar"}],"is_trial":false,"path_per_floor":["M","M","$","?","M","R","T","R","T","M","R","?","M","M","R","B",null,"M","?","M","M","M"],"character_chosen":"THE_SILENT","items_purchased":[],"campfire_rested":1,"item_purchase_floors":[],"current_hp_per_floor":[58,57,57,57,53,53,53,53,53,48,48,53,33,14,35,5,55,37,71,50,44,0],"gold":183,"neow_bonus":"REMOVE_CARD","is_prod":false,"is_daily":false,"chose_seed":false,"campfire_upgraded":3,"win_rate":0,"timestamp":1550790573,"path_taken":["M","M","$","?","?","R","?","R","T","M","R","?","M","?","R","BOSS","M","?","M","M","M"],"build_version":"2019-01-23","purchased_purges":1,"victory":false,"max_hp_per_floor":[66,66,66,66,66,66,66,66,66,66,66,71,71,71,71,71,71,71,71,71,71,71],"card_choices":[{"not_picked":["Deflect","Outmaneuver"],"picked":"Caltrops","floor":1.0},{"not_picked":["Endless Agony","Acrobatics"],"picked":"Poisoned Stab","floor":2.0},{"not_picked":["Dagger Spray","Outmaneuver"],"picked":"Dash","floor":5.0},{"not_picked":["Acrobatics+1","Bouncing Flask+1"],"picked":"Noxious Fumes","floor":10.0},{"not_picked":["Tactician+1","Grand Finale"],"picked":"Caltrops","floor":13.0},{"not_picked":["Underhanded Strike","Masterful Stab"],"picked":"Escape Plan+1","floor":14},{"not_picked":["Crippling Poison+1","Finisher+1"],"picked":"Calculated Gamble+1","floor":18},{"not_picked":["Footwork","Concentrate+1"],"picked":"Blur+1","floor":20},{"not_picked":["Quick Slash","Skewer","Sucker Punch"],"picked":"SKIP","floor":21}],"player_experience":853232,"relics_obtained":[{"floor":7.0,"key":"Toxic Egg 2"},{"floor":9.0,"key":"Gremlin Horn"}],"event_choices":[{"damage_healed":0.0,"max_hp_gain":0.0,"max_hp_loss":0.0,"gold_gain":0.0,"event_name":"Match and Keep!","player_choice":"0 cards matched","floor":4.0,"gold_loss":0.0,"damage_taken":0.0,"cards_obtained":[]},{"damage_healed":0.0,"max_hp_gain":0.0,"max_hp_loss":0.0,"gold_gain":0.0,"event_name":"The Woman in Blue","player_choice":"Bought 1 Potion","floor":12.0,"gold_loss":0.0,"damage_taken":0.0},{"cards_removed":["Escape Plan"],"damage_healed":34,"gold_gain":0,"player_choice":"Offered Uncommon","damage_taken":0,"max_hp_gain":0,"max_hp_loss":0,"event_name":"Bonfire Elementals","floor":19,"gold_loss":0}],"is_beta":false,"boss_relics":[{"not_picked":["Coffee Dripper","Black Star"],"picked":"Fusion Hammer"}],"items_purged_floors":[3],"is_endless":false,"potions_floor_spawned":[1,5,13,14,18],"killed_by":"Sentry and Sphere","ascension_level":18}