{"gold_per_floor":[17,17,92,108,123,123,135,135,182,200,219,233,233,233,233,337,337,325,375,375,385,111,111,111,111,111,111,145,163,83,83],"floor_reached":31,"playtime":1108,"items_purged":["Strike_B"],"score":380,"play_id":"b372a5b4-fb6e-4968-942c-a8b58f852623","local_time":"20180809193528","is_ascension_mode":true,"campfire_choices":[{"data":"Zap","floor":6.0,"key":"SMITH"},{"data":"Redo","floor":8.0,"key":"SMITH"},{"floor":15.0,"key":"REST"},{"data":"Turbo","floor":23,"key":"SMITH"},{"floor":25,"key":"REST"},{"data":"Static Discharge","floor":27,"key":"SMITH"}],"neow_cost":"NO_GOLD","seed_source_timestamp":0,"circlet_count":0,"master_deck":["Strike_B","Strike_B","Strike_B","Defend_B+1","Defend_B","Defend_B","Zap+1","Dualcast+1","AscendersBane","Compile Driver","Turbo+1","Redo+1","Cold Snap","Sweeping Beam","Machine Learning","Conserve Battery","Static Discharge+1","Self Repair"],"special_seed":0,"relics":["Cracked Core","Ginger","Regal Pillow","War Paint","Calipers","Nuclear Battery","HandDrill","Singing Bowl","Omamori"],"potions_floor_usage":[21,29],"damage_taken":[{"damage":7.0,"enemies":"Jaw Worm","floor":1.0,"turns":3.0},{"damage":1.0,"enemies":"Cultist","floor":4.0,"turns":4.0},{"damage":15.0,"enemies":"Small Slimes","floor":5.0,"turns":3.0},{"damage":13.0,"enemies":"2 Fungi Beasts","floor":7.0,"turns":4.0},{"damage":2.0,"enemies":"3 Louse","floor":10.0,"turns":2.0},{"damage":1.0,"enemies":"Lots of Slimes","floor":11.0,"turns":3.0},{"damage":0.0,"enemies":"Exordium Thugs","floor":12.0,"turns":4.0},{"damage":22,"enemies":"The Guardian","floor":16,"turns":15},{"damage":24,"enemies":"2 Thieves","floor":18,"turns":4},{"damage":1,"enemies":"3 Byrds","floor":21,"turns":4},{"damage":35,"enemies":"Book of Stabbing","floor":28,"turns":5},{"damage":25,"enemies":"Snake Plant","floor":29,"turns":4},{"damage":27,"enemies":"Centurion and Healer","floor":31,"turns":2}],"seed_played":"-271998876187977007","potions_obtained":[{"floor":4.0,"key":"Block Potion"},{"floor":7.0,"key":"PowerPotion"},{"floor":16,"key":"LiquidBronze"},{"floor":18,"key":"Swift Potion"},{"floor":21,"key":"Energy Potion"}],"is_trial":false,"path_per_floor":["M","?","?","M","M","R","M","R","T","M","M","M","?","T","R","B",null,"M","?","?","M","$","R","?","R","T","R","E","M","$"],"character_chosen":"DEFECT","items_purchased":["HandDrill","Self Repair"],"campfire_rested":2,"item_purchase_floors":[22,30],"current_hp_per_floor":[61,54,43,42,27,27,14,14,14,12,11,11,11,11,48,26,63,39,39,39,38,38,38,38,75,75,75,42,19,19,0],"gold":83,"neow_bonus":"ONE_RARE_RELIC","is_prod":false,"is_daily":false,"chose_seed":false,"campfire_upgraded":4,"win_rate":0,"timestamp":1533836128,"path_taken":["M","?","?","M","?","R","M","R","T","M","M","M","?","?","R","BOSS","M","?","?","M","$","R","?","R","T","R","E","?","?","?"],"build_version":"2018-08-02","purchased_purges":1,"victory":false,"max_hp_per_floor":[75,75,75,75,75,75,75,75,75,75,75,75,75,75,75,75,75,75,75,75,75,75,75,75,75,75,75,77,79,79,79],"card_choices":[{"not_picked":["Go for the Eyes","Barrage"],"picked":"Compile Driver","floor":1.0},{"not_picked":["Undo","Go for the Eyes","Rebound"],"picked":"SKIP","floor":4.0},{"not_picked":["Melter","Recycle"],"picked":"Turbo","floor":5.0},{"not_picked":["Ball Lightning","Fission"],"picked":"Redo","floor":7.0},{"not_picked":["Leap","Go for the Eyes"],"picked":"Cold Snap","floor":10.0},{"not_picked":["Heatsinks","Leap"],"picked":"Sweeping Beam","floor":11.0},{"not_picked":["Cold Snap","Redo","All For One"],"picked":"SKIP","floor":12.0},{"not_picked":["Cold Snap","Redo","All For One"],"picked":"SKIP","floor":12.0},{"not_picked":["Meteor Strike","Amplify"],"picked":"Machine Learning","floor":16},{"not_picked":["Hologram+1","Stack+1"],"picked":"Conserve Battery","floor":18},{"not_picked":["Sweeping Beam","Stack","Steam"],"picked":"SKIP","floor":21},{"not_picked":["Reboot","Steam","Redo"],"picked":"Singing Bowl","floor":28},{"not_picked":["Redo","Sunder","Beam Cell"],"picked":"Singing Bowl","floor":29}],"player_experience":608328,"relics_obtained":[{"floor":9.0,"key":"Regal Pillow"},{"floor":14.0,"key":"Calipers"},{"floor":26,"key":"Singing Bowl"},{"floor":28,"key":"Omamori"}],"event_choices":[{"event_name":"Wheel of Change","player_choice":"Damage","floor":2.0,"damage_taken":0.0},{"event_name":"World of Goop","player_choice":"Gather Gold","floor":3.0,"damage_taken":0.0},{"event_name":"Dead Adventurer","player_choice":"Searched \u00271\u0027 times","floor":13.0,"damage_taken":0.0},{"event_name":"The Joust","player_choice":"Bet on Murderer","floor":19,"damage_taken":0},{"event_name":"Vampires","player_choice":"Ignored","floor":20,"damage_taken":0},{"event_name":"Transmorgrifier","player_choice":"Transform","floor":24,"damage_taken":0}],"is_beta":false,"boss_relics":[{"not_picked":["Fusion Hammer","FrozenCore"],"picked":"Nuclear Battery"}],"items_purged_floors":[22],"is_endless":false,"potions_floor_spawned":[4,7,16,18,21,28],"killed_by":"Centurion and Healer","ascension_level":11}