{"gold_per_floor":[214,214,139,154,167,167,197,197,272,290,290,309,309,343,343,343],"floor_reached":16,"playtime":549,"items_purged":["Strike_R"],"score":110,"play_id":"e5827375-d010-49b9-b6f4-a2a9fb075be4","local_time":"20190310115819","is_ascension_mode":false,"campfire_choices":[{"data":"Bash","floor":6.0,"key":"SMITH"},{"floor":8.0,"key":"REST"},{"data":"Defend_R","floor":15,"key":"SMITH"}],"neow_cost":"NONE","seed_source_timestamp":88484096601256,"circlet_count":0,"master_deck":["Strike_R","Strike_R","Strike_R","Defend_R+1","Defend_R","Defend_R","Defend_R","Bash+1"],"special_seed":0,"relics":["Burning Blood","Bronze Scales","Singing Bowl","Happy Flower"],"potions_floor_usage":[],"damage_taken":[{"damage":0.0,"enemies":"2 Louse","floor":1.0,"turns":2.0},{"damage":1.0,"enemies":"Cultist","floor":4.0,"turns":3.0},{"damage":8.0,"enemies":"Jaw Worm","floor":5.0,"turns":4.0},{"damage":49.0,"enemies":"3 Sentries","floor":7.0,"turns":12.0},{"damage":7.0,"enemies":"2 Fungi Beasts","floor":10.0,"turns":3.0},{"damage":10.0,"enemies":"Looter","floor":12.0,"turns":3.0},{"damage":27,"enemies":"Gremlin Nob","floor":14,"turns":4},{"damage":63,"enemies":"Hexaghost","floor":16,"turns":8}],"seed_played":"-1082038271605955979","potions_obtained":[{"floor":2.0,"key":"Energy Potion"},{"floor":2.0,"key":"Weak Potion"},{"floor":2.0,"key":"Block Potion"},{"floor":14,"key":"SneckoOil"}],"is_trial":false,"path_per_floor":["M","?","$","M","M","R","E","R","T","M","?","M","?","E","R","B"],"character_chosen":"IRONCLAD","items_purchased":[],"campfire_rested":1,"item_purchase_floors":[],"current_hp_per_floor":[80,80,80,80,78,78,35,59,59,60,53,51,79,60,60,0],"gold":343,"neow_bonus":"HUNDRED_GOLD","is_prod":false,"is_daily":false,"chose_seed":false,"campfire_upgraded":2,"win_rate":0,"timestamp":1552215499,"path_taken":["M","?","$","M","?","R","E","R","T","M","?","M","?","E","R","BOSS"],"build_version":"2019-01-23","purchased_purges":1,"victory":false,"max_hp_per_floor":[80,80,80,80,80,80,80,80,80,82,82,84,84,86,86,86],"card_choices":[{"not_picked":["Thunderclap","Heavy Blade","Pommel Strike"],"picked":"SKIP","floor":1.0},{"not_picked":["Shockwave","Fire Breathing","Inflame"],"picked":"SKIP","floor":4.0},{"not_picked":["Rage","Sword Boomerang","Twin Strike"],"picked":"SKIP","floor":5.0},{"not_picked":["Carnage","Intimidate","Havoc"],"picked":"SKIP","floor":7.0},{"not_picked":["Combust","Flame Barrier","Pommel Strike"],"picked":"Singing Bowl","floor":10.0},{"not_picked":["Evolve","Bloodletting","Havoc"],"picked":"Singing Bowl","floor":12.0},{"not_picked":["Sword Boomerang","Blood for Blood","Hemokinesis"],"picked":"Singing Bowl","floor":14}],"player_experience":970159,"relics_obtained":[{"floor":7.0,"key":"Bronze Scales"},{"floor":9.0,"key":"Singing Bowl"},{"floor":14,"key":"Happy Flower"}],"event_choices":[{"damage_healed":0.0,"max_hp_gain":0.0,"max_hp_loss":0.0,"gold_gain":0.0,"event_name":"Lab","player_choice":"Got Potions","floor":2.0,"gold_loss":0.0,"damage_taken":0.0},{"cards_removed":["Strike_R"],"damage_healed":0.0,"max_hp_gain":0.0,"max_hp_loss":0.0,"gold_gain":0.0,"event_name":"Golden Wing","player_choice":"Card Removal","floor":11.0,"gold_loss":0.0,"damage_taken":7.0},{"damage_healed":28,"gold_gain":0,"player_choice":"Banana","damage_taken":0,"max_hp_gain":0,"max_hp_loss":0,"event_name":"Big Fish","floor":13,"gold_loss":0}],"is_beta":false,"boss_relics":[],"items_purged_floors":[3],"is_endless":false,"potions_floor_spawned":[4,5,14],"killed_by":"Hexaghost","ascension_level":0}