{"gold_per_floor":[119,129,36,36,61,61,76,76,76,106,117,117,133,59,59,157,157,171,191,191,191,191,191,191],"floor_reached":24,"playtime":1034,"items_purged":[],"score":229,"play_id":"5f0ab771-9afe-4bcf-abdf-c407a19db9d4","local_time":"20190716151249","is_ascension_mode":true,"campfire_choices":[{"data":"Blizzard","floor":6,"key":"SMITH"},{"data":"Glacier","floor":8,"key":"SMITH"},{"data":"Conserve Battery","floor":12,"key":"SMITH"},{"data":"Defragment","floor":15,"key":"SMITH"},{"data":"Creative AI","floor":23,"key":"SMITH"}],"neow_cost":"NONE","seed_source_timestamp":419965571698482,"circlet_count":0,"master_deck":["Strike_B","Strike_B","Strike_B","Defend_B","Defend_B","Defend_B","Defend_B","Zap","Dualcast","Glacier+1","Leap","Blizzard+1","Conserve Battery+1","Skim","Self Repair","Defragment+1","Creative AI+1","Turbo","Self Repair+1","Leap"],"relics":["Cracked Core","Strawberry","Mercury Hourglass","Bag of Marbles","Sozu"],"potions_floor_usage":[19,19],"damage_taken":[{"damage":1,"enemies":"Cultist","floor":1,"turns":3},{"damage":5,"enemies":"Jaw Worm","floor":2,"turns":4},{"damage":0,"enemies":"Small Slimes","floor":7,"turns":3},{"damage":4,"enemies":"Lagavulin","floor":10,"turns":12},{"damage":0,"enemies":"Blue Slaver","floor":11,"turns":5},{"damage":0,"enemies":"Looter","floor":13,"turns":3},{"damage":42,"enemies":"Hexaghost","floor":16,"turns":17},{"damage":7,"enemies":"3 Byrds","floor":18,"turns":4},{"damage":6,"enemies":"2 Thieves","floor":19,"turns":4},{"damage":66,"enemies":"Gremlin Leader","floor":24,"turns":7}],"seed_played":"8611552244289244896","potions_obtained":[{"floor":1,"key":"PowerPotion"},{"floor":2,"key":"SkillPotion"},{"floor":13,"key":"SpeedPotion"},{"floor":16,"key":"SkillPotion"}],"is_trial":false,"path_per_floor":["M","M","$","?","T","R","M","R","T","E","M","R","M","$","R","B",null,"M","M","?","?","?","R","E"],"character_chosen":"DEFECT","items_purchased":["Blizzard","Conserve Battery","Defragment"],"campfire_rested":0,"item_purchase_floors":[3,3,14],"current_hp_per_floor":[81,76,76,69,76,76,76,76,76,72,72,72,72,72,72,37,89,89,83,66,66,66,66,0],"gold":191,"neow_bonus":"TEN_PERCENT_HP_BONUS","is_prod":false,"is_daily":false,"chose_seed":false,"campfire_upgraded":5,"win_rate":0,"timestamp":1563304369,"path_taken":["M","M","$","?","?","R","M","R","T","E","M","R","?","$","R","BOSS","M","M","?","?","?","R","E"],"build_version":"2019-07-05","purchased_purges":0,"victory":false,"max_hp_per_floor":[82,82,82,82,89,89,89,89,89,89,89,89,89,89,89,89,89,89,89,94,94,94,94,94],"card_choices":[{"not_picked":["Rip and Tear","Reprogram"],"picked":"Glacier","floor":1},{"not_picked":["Compile Driver","Stack"],"picked":"Leap","floor":2},{"not_picked":["Lockon","Beam Cell"],"picked":"Skim","floor":7},{"not_picked":["Beam Cell","Darkness","Fusion"],"picked":"SKIP","floor":10},{"not_picked":["FTL","Steam","Redo"],"picked":"SKIP","floor":11},{"not_picked":["Compile Driver","Go for the Eyes"],"picked":"Self Repair","floor":13},{"not_picked":["Fission","Seek"],"picked":"Creative AI","floor":16},{"not_picked":["Gash","Loop"],"picked":"Turbo","floor":18},{"not_picked":["Hologram","Darkness"],"picked":"Self Repair+1","floor":19}],"player_experience":155906,"relics_obtained":[{"floor":5,"key":"Strawberry"},{"floor":9,"key":"Mercury Hourglass"},{"floor":10,"key":"Bag of Marbles"}],"event_choices":[{"cards_removed":["Strike_B"],"damage_healed":0,"gold_gain":0,"player_choice":"Card Removal","damage_taken":7,"max_hp_gain":0,"max_hp_loss":0,"event_name":"Golden Wing","floor":4,"gold_loss":0},{"damage_healed":0,"gold_gain":0,"player_choice":"Shed Blood","damage_taken":22,"max_hp_gain":5,"max_hp_loss":0,"event_name":"Forgotten Altar","floor":20,"gold_loss":0},{"damage_healed":0,"gold_gain":0,"player_choice":"Ignored","damage_taken":0,"max_hp_gain":0,"max_hp_loss":0,"event_name":"Ghosts","floor":21,"gold_loss":0},{"damage_healed":0,"gold_gain":0,"player_choice":"Read","damage_taken":0,"max_hp_gain":0,"max_hp_loss":0,"event_name":"The Library","floor":22,"gold_loss":0,"cards_obtained":["Leap"]}],"is_beta":false,"boss_relics":[{"not_picked":["Cursed Key","Calling Bell"],"picked":"Sozu"}],"items_purged_floors":[],"is_endless":false,"potions_floor_spawned":[1,2,13,16,18,19],"killed_by":"Gremlin Leader","ascension_level":1}