{"gold_per_floor":[111,111,111,130,130,130,130,130,130,145,145,179,190,200,200,271,271,282,282,132,106,106,119,119],"floor_reached":24,"playtime":1169,"items_purged":["Decay"],"score":392,"play_id":"263e01cc-c594-4d64-8551-e3f437276855","local_time":"20190224175301","is_ascension_mode":true,"campfire_choices":[{"data":"Armaments","floor":6.0,"key":"SMITH"},{"data":"Searing Blow","floor":8.0,"key":"SMITH"},{"data":"Searing Blow+1","floor":11.0,"key":"SMITH"},{"floor":15.0,"key":"REST"}],"neow_cost":"NONE","seed_source_timestamp":1454924698880095,"circlet_count":0,"master_deck":["AscendersBane","Bash","Searing Blow+2","Armaments+1","Shrug It Off","True Grit","Armaments","Thunderclap","Battle Trance","Dropkick","Dual Wield","Burning Pact","Evolve+1","Metallicize+1","Headbutt","Armaments","Dark Embrace+1"],"special_seed":0,"relics":["Burning Blood","Frozen Egg 2","Dream Catcher","Pen Nib","Regal Pillow","Pandora\u0027s Box"],"potions_floor_usage":[21],"damage_taken":[{"damage":1.0,"enemies":"Cultist","floor":1.0,"turns":3.0},{"damage":12.0,"enemies":"Jaw Worm","floor":4.0,"turns":3.0},{"damage":0.0,"enemies":"2 Louse","floor":10.0,"turns":3.0},{"damage":28.0,"enemies":"Gremlin Nob","floor":12.0,"turns":4.0},{"damage":6.0,"enemies":"Large Slime","floor":13.0,"turns":4.0},{"damage":22.0,"enemies":"Gremlin Gang","floor":14.0,"turns":7.0},{"damage":42.0,"enemies":"The Guardian","floor":16.0,"turns":20.0},{"damage":22.0,"enemies":"3 Byrds","floor":18.0,"turns":6.0},{"damage":8,"enemies":"2 Thieves","floor":21,"turns":4},{"damage":39,"enemies":"3 Cultists","floor":23,"turns":6},{"damage":17,"enemies":"Cultist and Chosen","floor":24,"turns":3}],"seed_played":"-2825208797772162525","potions_obtained":[{"floor":1.0,"key":"FearPotion"},{"floor":12.0,"key":"Swift Potion"},{"floor":13.0,"key":"FearPotion"},{"floor":18.0,"key":"Block Potion"}],"is_trial":false,"path_per_floor":["M","?","?","M","?","R","?","R","T","M","R","E","M","M","R","B",null,"M","?","$","M","?","M","M"],"character_chosen":"IRONCLAD","items_purchased":["Metallicize+1"],"campfire_rested":1,"item_purchase_floors":[20],"current_hp_per_floor":[73,66,71,65,60,60,60,60,60,66,66,44,44,28,67,31,68,52,52,52,50,50,17,0],"gold":119,"neow_bonus":"TRANSFORM_CARD","is_prod":false,"is_daily":false,"chose_seed":false,"campfire_upgraded":3,"win_rate":0,"timestamp":1551027181,"path_taken":["M","?","?","M","?","R","?","R","T","M","R","E","M","?","R","BOSS","M","?","?","M","?","?","M"],"build_version":"2019-01-23","purchased_purges":1,"victory":false,"max_hp_per_floor":[75,75,80,80,80,80,80,80,80,80,80,80,80,80,80,80,80,80,80,80,80,80,80,80],"card_choices":[{"not_picked":["Disarm","Wild Strike"],"picked":"Armaments","floor":1.0},{"not_picked":["Hemokinesis","Perfected Strike"],"picked":"Shrug It Off","floor":4.0},{"not_picked":["Second Wind","Blood for Blood","Rupture+1"],"picked":"SKIP","floor":10.0},{"not_picked":["Barricade+1","Sentinel"],"picked":"True Grit","floor":12.0},{"not_picked":["Heavy Blade","Anger"],"picked":"Armaments","floor":13.0},{"not_picked":["Wild Strike","Shockwave","Bloodletting"],"picked":"SKIP","floor":14.0},{"not_picked":["Body Slam","Clash"],"picked":"Thunderclap","floor":15.0},{"not_picked":["Hemokinesis","Disarm+1","Warcry"],"picked":"SKIP","floor":18.0},{"not_picked":["Entrench","Twin Strike+1"],"picked":"Headbutt","floor":21},{"not_picked":["Anger","Wild Strike","Armaments"],"picked":"SKIP","floor":23}],"player_experience":892715,"relics_obtained":[{"floor":7.0,"key":"Dream Catcher"},{"floor":9.0,"key":"Pen Nib"},{"floor":12.0,"key":"Regal Pillow"}],"event_choices":[{"cards_removed":["Strike_R"],"damage_healed":0.0,"max_hp_gain":0.0,"max_hp_loss":0.0,"gold_gain":0.0,"event_name":"Golden Wing","player_choice":"Card Removal","floor":2.0,"gold_loss":0.0,"damage_taken":7.0},{"damage_healed":0.0,"max_hp_gain":5.0,"max_hp_loss":0.0,"gold_gain":0.0,"event_name":"Big Fish","player_choice":"Donut","floor":3.0,"gold_loss":0.0,"damage_taken":0.0},{"damage_healed":0.0,"max_hp_gain":0.0,"max_hp_loss":0.0,"gold_gain":0.0,"event_name":"Scrap Ooze","player_choice":"Success","floor":5.0,"gold_loss":0.0,"damage_taken":5.0,"relics_obtained":["Frozen Egg 2"]},{"damage_healed":0.0,"max_hp_gain":0.0,"max_hp_loss":0.0,"gold_gain":0.0,"event_name":"Wheel of Change","player_choice":"Relic","floor":7.0,"gold_loss":0.0,"damage_taken":0.0},{"damage_healed":0.0,"max_hp_gain":0.0,"max_hp_loss":0.0,"gold_gain":0.0,"event_name":"Forgotten Altar","player_choice":"Smashed Altar","floor":19.0,"gold_loss":0.0,"damage_taken":0.0,"cards_obtained":["Decay"]},{"damage_healed":0,"gold_gain":0,"cards_transformed":["Pummel","Flex"],"player_choice":"Became Test Subject","damage_taken":0,"max_hp_gain":0,"max_hp_loss":0,"event_name":"Drug Dealer","floor":22,"gold_loss":0,"cards_obtained":["Armaments","Dark Embrace"]}],"is_beta":false,"boss_relics":[{"not_picked":["Fusion Hammer","Runic Cube"],"picked":"Pandora\u0027s Box"}],"items_purged_floors":[20],"is_endless":false,"potions_floor_spawned":[1,12,13,18],"killed_by":"Cultist and Chosen","ascension_level":20}