{"gold_per_floor":[118,118,135,148,80,80,98,25,104,134,209,209],"floor_reached":12,"playtime":412,"items_purged":[],"score":68,"play_id":"cb2e549f-c916-4471-ad91-0b7b898dc618","local_time":"20190716133412","is_ascension_mode":false,"campfire_choices":[{"data":"Capacitor","floor":6,"key":"SMITH"}],"neow_cost":"NONE","seed_source_timestamp":414669535388087,"circlet_count":0,"master_deck":["Strike_B","Strike_B","Strike_B","Defend_B","Defend_B","Defend_B","Defend_B","Zap+1","Dualcast","Conserve Battery+1","Capacitor+1","Static Discharge","Core Surge"],"relics":["Cracked Core","Mercury Hourglass","War Paint"],"potions_floor_usage":[12,12],"damage_taken":[{"damage":6,"enemies":"Small Slimes","floor":1,"turns":3},{"damage":1,"enemies":"Cultist","floor":3,"turns":4},{"damage":2,"enemies":"2 Louse","floor":4,"turns":3},{"damage":47,"enemies":"Gremlin Gang","floor":7,"turns":7},{"damage":26,"enemies":"Lagavulin","floor":12,"turns":5}],"seed_played":"6705516730417012342","potions_obtained":[{"floor":3,"key":"SteroidPotion"},{"floor":7,"key":"SpeedPotion"}],"is_trial":false,"path_per_floor":["M","?","M","M","$","R","M","$","T","?","?","E"],"character_chosen":"DEFECT","items_purchased":["Capacitor","Core Surge"],"campfire_rested":0,"item_purchase_floors":[5,8],"current_hp_per_floor":[76,69,68,66,66,66,19,19,19,19,11,0],"gold":209,"neow_bonus":"TEN_PERCENT_HP_BONUS","is_prod":false,"is_daily":false,"chose_seed":false,"campfire_upgraded":1,"win_rate":0,"timestamp":1563298452,"path_taken":["M","?","M","M","$","R","M","$","T","?","?","E"],"build_version":"2019-07-05","purchased_purges":0,"victory":false,"max_hp_per_floor":[82,82,82,82,82,82,82,82,82,82,82,82],"card_choices":[{"not_picked":["Rebound","White Noise","Gash"],"picked":"SKIP","floor":1},{"not_picked":["Hologram","Stack","Rebound"],"picked":"SKIP","floor":3},{"not_picked":["Go for the Eyes","Steam"],"picked":"Conserve Battery","floor":4},{"not_picked":["Ball Lightning","Stack"],"picked":"Static Discharge","floor":7}],"player_experience":150687,"relics_obtained":[{"floor":9,"key":"Mercury Hourglass"}],"event_choices":[{"cards_removed":["Strike_B"],"damage_healed":0,"gold_gain":0,"player_choice":"Card Removal","damage_taken":7,"max_hp_gain":0,"max_hp_loss":0,"event_name":"Golden Wing","floor":2,"gold_loss":0},{"damage_healed":0,"gold_gain":30,"player_choice":"Searched \u00272\u0027 times","damage_taken":0,"relics_obtained":["War Paint"],"max_hp_gain":0,"max_hp_loss":0,"event_name":"Dead Adventurer","floor":10,"gold_loss":0},{"damage_healed":0,"gold_gain":75,"player_choice":"Touch","damage_taken":8,"max_hp_gain":0,"max_hp_loss":0,"event_name":"FaceTrader","floor":11,"gold_loss":0}],"is_beta":false,"boss_relics":[],"items_purged_floors":[],"is_endless":false,"potions_floor_spawned":[3,7],"killed_by":"Lagavulin","ascension_level":0}