{"gold_per_floor":[112,124,124,141,155,155,188,188,211,231,99,99],"floor_reached":12,"playtime":372,"items_purged":["Strike_R"],"score":160,"play_id":"1eb7dad8-2b58-42ad-bab3-5bc9ae84b705","local_time":"20190713141034","is_ascension_mode":true,"campfire_choices":[{"data":"Bash","floor":6.0,"key":"SMITH"}],"neow_cost":"NONE","seed_source_timestamp":418960254119920,"circlet_count":0,"master_deck":["AscendersBane","Strike_R","Strike_R","Strike_R","Strike_R","Defend_R","Defend_R","Defend_R","Defend_R","Bash+1","Pommel Strike","Battle Trance","Flame Barrier","Disarm","Cleave","Shrug It Off"],"special_seed":0,"relics":["Sozu","Dream Catcher","Juzu Bracelet"],"potions_floor_usage":[],"damage_taken":[{"damage":2.0,"enemies":"Jaw Worm","floor":1.0,"turns":3.0},{"damage":15.0,"enemies":"2 Louse","floor":2.0,"turns":2.0},{"damage":8.0,"enemies":"Small Slimes","floor":4.0,"turns":4.0},{"damage":2.0,"enemies":"Looter","floor":5.0,"turns":4.0},{"damage":33.0,"enemies":"3 Sentries","floor":7.0,"turns":10.0},{"damage":7,"enemies":"Lots of Slimes","floor":10,"turns":6},{"damage":5,"enemies":"Exordium Wildlife","floor":12,"turns":1}],"seed_played":"2066863906153096308","potions_obtained":[],"is_trial":false,"path_per_floor":["M","M","?","M","M","R","E","?","T","M","$","M"],"character_chosen":"IRONCLAD","items_purchased":["Shrug It Off"],"campfire_rested":0,"item_purchase_floors":[11],"current_hp_per_floor":[66,51,51,43,41,41,8,8,8,1,1,0],"gold":99,"neow_bonus":"BOSS_RELIC","is_prod":false,"is_daily":false,"chose_seed":false,"campfire_upgraded":1,"win_rate":0,"timestamp":1562994634,"path_taken":["M","M","?","M","M","R","E","?","T","M","$","M"],"build_version":"2019-07-05","purchased_purges":1,"victory":false,"max_hp_per_floor":[75,75,75,75,75,75,75,75,75,75,75,75],"card_choices":[{"not_picked":["Warcry","Twin Strike"],"picked":"Pommel Strike","floor":1.0},{"not_picked":["Dual Wield","Perfected Strike"],"picked":"Battle Trance","floor":2.0},{"not_picked":["Twin Strike","Havoc"],"picked":"Flame Barrier","floor":4.0},{"not_picked":["Uppercut","Battle Trance"],"picked":"Disarm","floor":5.0},{"not_picked":["Anger","Infernal Blade","Bludgeon"],"picked":"SKIP","floor":7.0},{"not_picked":["Anger","Infernal Blade","Bludgeon"],"picked":"SKIP","floor":7.0},{"not_picked":["Headbutt","Dropkick"],"picked":"Cleave","floor":10}],"player_experience":976012,"relics_obtained":[{"floor":7.0,"key":"Dream Catcher"},{"floor":9,"key":"Juzu Bracelet"}],"event_choices":[{"damage_healed":0.0,"max_hp_gain":0.0,"max_hp_loss":0.0,"gold_gain":0.0,"event_name":"Liars Game","player_choice":"Ignored","floor":3.0,"gold_loss":0.0,"damage_taken":0.0},{"damage_healed":0,"gold_gain":0,"player_choice":"Searched \u00270\u0027 times","damage_taken":0,"max_hp_gain":0,"max_hp_loss":0,"event_name":"Dead Adventurer","floor":8,"gold_loss":0}],"is_beta":false,"boss_relics":[],"items_purged_floors":[11],"is_endless":false,"potions_floor_spawned":[5,7,10],"killed_by":"Exordium Wildlife","ascension_level":20}