{"gold_per_floor":[109,125,125,57,57,83,83,115,115,140,140,159,179,179,179,278,278,290,33,33,50,50,83,83,95,95,112,143,153,185,185,185,286,586,602,620,620,620,620,620,647,647,647,647,667,667,679,679,679,679,679,679,80,114,114],"floor_reached":55,"playtime":3424,"items_purged":["Defend_G"],"score":887,"play_id":"bf2adbb7-9ca1-4534-af10-33d3c45214db","local_time":"20190630145147","is_ascension_mode":true,"campfire_choices":[{"floor":7,"key":"RECALL"},{"data":"Distraction","floor":11,"key":"SMITH"},{"floor":15,"key":"REST"},{"data":"Infinite Blades","floor":24,"key":"SMITH"},{"data":"Cloak And Dagger","floor":32,"key":"SMITH"},{"data":"Burst","floor":40,"key":"SMITH"},{"data":"Venomology","floor":42,"key":"SMITH"},{"data":"Backstab","floor":44,"key":"SMITH"},{"data":"Thinking Ahead","floor":49,"key":"SMITH"},{"data":"Noxious Fumes","floor":52,"key":"SMITH"}],"neow_cost":"NONE","seed_source_timestamp":1456570735989122,"circlet_count":0,"master_deck":["Defend_G","Defend_G","Defend_G+1","Survivor+1","Neutralize","Backstab+1","Noxious Fumes+1","Backflip","Neutralize","Infinite Blades+1","Slice","Skewer+1","Distraction+1","Backstab+1","Venomology+1","After Image+1","Heel Hook+1","Glass Knife+1","Dodge and Roll+1","Acrobatics+1","Infinite Blades+1","Cloak And Dagger+1","Finisher+1","Quick Slash","Burst+1","Cloak And Dagger+1","Tools of the Trade","Pain","Writhe","Pain","Quick Slash+1","Accuracy+1","Slice+1","Thinking Ahead+1","Secret Weapon","Footwork"],"relics":["Ring of the Snake","Question Card","Kunai","Oddly Smooth Stone","Calipers","Astrolabe","Ornamental Fan","Happy Flower","Smiling Mask","Shuriken","Du-Vu Doll","Juzu Bracelet","Calling Bell","Centennial Puzzle","Mercury Hourglass","Old Coin","Ninja Scroll","Whetstone","Pen Nib","Strawberry","War Paint"],"potions_floor_usage":[6,6,16,16,23,25,27,28,28,29,33,47,50,54,54,54,54],"damage_taken":[{"damage":0,"enemies":"2 Louse","floor":1,"turns":5},{"damage":9,"enemies":"Cultist","floor":2,"turns":4},{"damage":17,"enemies":"3 Sentries","floor":6,"turns":6},{"damage":4,"enemies":"Gremlin Nob","floor":8,"turns":4},{"damage":0,"enemies":"Lagavulin","floor":10,"turns":9},{"damage":8,"enemies":"Jaw Worm","floor":12,"turns":2},{"damage":9,"enemies":"Red Slaver","floor":13,"turns":2},{"damage":10,"enemies":"Hexaghost","floor":16,"turns":10},{"damage":0,"enemies":"3 Byrds","floor":18,"turns":5},{"damage":0,"enemies":"Shell Parasite","floor":21,"turns":4},{"damage":6,"enemies":"Book of Stabbing","floor":23,"turns":5},{"damage":0,"enemies":"Sentry and Sphere","floor":25,"turns":6},{"damage":0,"enemies":"Shelled Parasite and Fungi","floor":27,"turns":7},{"damage":26,"enemies":"Slavers","floor":28,"turns":6},{"damage":0,"enemies":"Cultist and Chosen","floor":29,"turns":5},{"damage":18,"enemies":"Gremlin Leader","floor":30,"turns":5},{"damage":0,"enemies":"Automaton","floor":33,"turns":7},{"damage":1,"enemies":"3 Shapes","floor":35,"turns":3},{"damage":5,"enemies":"Orb Walker","floor":36,"turns":2},{"damage":6,"enemies":"Reptomancer","floor":41,"turns":3},{"damage":1,"enemies":"Jaw Worm Horde","floor":45,"turns":3},{"damage":10,"enemies":"Maw","floor":47,"turns":4},{"damage":13,"enemies":"Awakened One","floor":50,"turns":8},{"damage":20,"enemies":"Shield and Spear","floor":54,"turns":4},{"damage":84,"enemies":"The Heart","floor":55,"turns":3}],"seed_played":"-1795862116100434118","potions_obtained":[{"floor":1,"key":"Dexterity Potion"},{"floor":2,"key":"PowerPotion"},{"floor":12,"key":"EntropicBrew"},{"floor":21,"key":"Poison Potion"},{"floor":45,"key":"FearPotion"},{"floor":54,"key":"Fire Potion"}],"is_trial":false,"path_per_floor":["M","M","?","$","$","E","R","E","T","E","R","M","M","?","R","B",null,"M","$","?","M","?","E","R","M","T","M","E","M","E","T","R","B",null,"M","M","?","?","?","R","E","R","T","R","M","?","M","?","R","B",null,"R","$","E","B"],"character_chosen":"THE_SILENT","items_purchased":["Infinite Blades","Ornamental Fan","Secret Weapon","Footwork","Pen Nib","Strawberry"],"campfire_rested":1,"item_purchase_floors":[4,19,53,53,53,53],"current_hp_per_floor":[70,61,61,61,61,44,44,40,40,40,40,32,23,23,44,34,70,70,70,70,70,70,64,64,64,64,64,38,38,20,20,20,20,70,69,64,64,64,64,64,58,58,58,58,57,57,47,47,47,34,66,66,73,53,0],"gold":114,"neow_bonus":"REMOVE_CARD","is_prod":false,"is_daily":false,"chose_seed":false,"campfire_upgraded":8,"win_rate":0,"timestamp":1561920707,"path_taken":["M","M","?","?","$","E","R","E","T","E","R","M","M","?","R","BOSS","M","$","?","?","?","E","R","M","T","M","E","?","E","?","R","BOSS","M","M","?","?","?","R","E","R","T","R","M","?","M","?","R","BOSS","R","$","E","BOSS"],"build_version":"2019-01-23","purchased_purges":1,"victory":false,"max_hp_per_floor":[70,70,70,70,70,70,70,70,70,70,70,70,70,70,70,70,70,70,70,70,70,70,70,70,70,70,70,70,70,70,70,70,70,70,70,70,70,66,66,66,66,66,66,66,66,66,66,66,66,66,66,66,73,73,73],"card_choices":[{"not_picked":["Accuracy","Deadly Poison"],"picked":"Backstab","floor":1},{"not_picked":["Caltrops","Acrobatics"],"picked":"Noxious Fumes","floor":2},{"not_picked":["Deadly Poison","Underhanded Strike"],"picked":"Slice","floor":6},{"not_picked":["Backflip","Deadly Poison","Tactician"],"picked":"Skewer","floor":8},{"not_picked":["Backflip","Deadly Poison","Dagger Spray"],"picked":"Distraction","floor":10},{"not_picked":["Escape Plan","Tactician","Outmaneuver"],"picked":"Backstab","floor":12},{"not_picked":["Reflex","Outmaneuver","Choke"],"picked":"Venomology","floor":13},{"not_picked":["Wraith Form v2","Doppelganger","A Thousand Cuts"],"picked":"After Image","floor":16},{"not_picked":["Deadly Poison+1","Flying Knee","PiercingWail"],"picked":"Acrobatics+1","floor":18},{"not_picked":["Acrobatics","Quick Slash","Bouncing Flask","Dagger Throw+1"],"picked":"SKIP","floor":21},{"not_picked":["Reflex","Catalyst+1","Endless Agony"],"picked":"Infinite Blades","floor":23},{"not_picked":["Choke+1","Sucker Punch","Skewer"],"picked":"Cloak And Dagger","floor":25},{"not_picked":["Predator","Expertise+1","Tactician"],"picked":"Finisher+1","floor":27},{"not_picked":["Dagger Throw","Heel Hook","Choke+1"],"picked":"Quick Slash","floor":28},{"not_picked":["PiercingWail","Footwork","Catalyst"],"picked":"Burst","floor":29},{"not_picked":["Riddle With Holes+1","Deadly Poison","Backflip"],"picked":"Cloak And Dagger+1","floor":30},{"not_picked":["Wraith Form v2","Corpse Explosion","Bullet Time"],"picked":"Tools of the Trade","floor":33},{"not_picked":["Skewer","Calculated Gamble","Escape Plan","Outmaneuver"],"picked":"SKIP","floor":35},{"not_picked":["Calculated Gamble+1","Outmaneuver","Deflect+1"],"picked":"Quick Slash+1","floor":36},{"not_picked":["Deflect+1","Dash+1","Backflip","Prepared"],"picked":"SKIP","floor":41},{"not_picked":["Dagger Spray+1","Deadly Poison+1","Crippling Poison"],"picked":"Accuracy+1","floor":45},{"not_picked":["Glass Knife","Cloak And Dagger","Leg Sweep"],"picked":"Slice+1","floor":47},{"not_picked":["HandOfGreed","Dramatic Entrance","Flash of Steel"],"picked":"Thinking Ahead","floor":48},{"not_picked":["Predator+1","Prepared+1","Heel Hook","Bane"],"picked":"SKIP","floor":54}],"player_experience":62860,"relics_obtained":[{"floor":6,"key":"Question Card"},{"floor":8,"key":"Kunai"},{"floor":9,"key":"Oddly Smooth Stone"},{"floor":10,"key":"Calipers"},{"floor":23,"key":"Smiling Mask"},{"floor":28,"key":"Shuriken"},{"floor":30,"key":"Du-Vu Doll"},{"floor":31,"key":"Juzu Bracelet"},{"floor":34,"key":"Centennial Puzzle"},{"floor":34,"key":"Mercury Hourglass"},{"floor":34,"key":"Old Coin"},{"floor":41,"key":"Ninja Scroll"},{"floor":43,"key":"Whetstone"},{"floor":54,"key":"War Paint"}],"event_choices":[{"damage_healed":0,"gold_gain":0,"player_choice":"2 cards matched","damage_taken":0,"max_hp_gain":0,"max_hp_loss":0,"event_name":"Match and Keep!","floor":3,"gold_loss":0,"cards_obtained":["Backflip","Neutralize"]},{"damage_healed":0,"gold_gain":0,"player_choice":"Grow","damage_taken":0,"max_hp_gain":0,"max_hp_loss":0,"event_name":"Living Wall","floor":14,"gold_loss":0,"cards_upgraded":["Infinite Blades"]},{"damage_healed":0,"gold_gain":0,"player_choice":"Gave Potion","damage_taken":0,"relics_obtained":["Happy Flower"],"max_hp_gain":0,"max_hp_loss":0,"event_name":"WeMeetAgain","floor":20,"gold_loss":0},{"damage_healed":0,"gold_gain":0,"player_choice":"Forge","damage_taken":0,"max_hp_gain":0,"max_hp_loss":0,"event_name":"Accursed Blacksmith","floor":22,"gold_loss":0,"cards_upgraded":["After Image"]},{"cards_removed":["Strike_G"],"damage_healed":0,"gold_gain":0,"player_choice":"Purged","damage_taken":0,"max_hp_gain":0,"max_hp_loss":0,"event_name":"Purifier","floor":37,"gold_loss":0},{"damage_healed":0,"gold_gain":0,"player_choice":"Max HP","damage_taken":0,"max_hp_gain":0,"max_hp_loss":4,"event_name":"Winding Halls","floor":38,"gold_loss":0},{"cards_removed":["Defend_G"],"damage_healed":0,"gold_gain":0,"player_choice":"Removed Skill","damage_taken":0,"max_hp_gain":0,"max_hp_loss":0,"event_name":"Falling","floor":39,"gold_loss":0},{"damage_healed":0,"gold_gain":0,"player_choice":"Ignored","damage_taken":0,"max_hp_gain":0,"max_hp_loss":0,"event_name":"Tomb of Lord Red Mask","floor":46,"gold_loss":0},{"damage_healed":0,"gold_gain":0,"player_choice":"Memory 1","damage_taken":0,"max_hp_gain":0,"max_hp_loss":0,"event_name":"SensoryStone","floor":48,"gold_loss":0}],"is_beta":false,"boss_relics":[{"not_picked":["Cursed Key","Runic Pyramid"],"picked":"Astrolabe"},{"not_picked":["Orrery","Sozu"],"picked":"Calling Bell"}],"items_purged_floors":[53],"is_endless":false,"potions_floor_spawned":[1,2,12,21,25,45,47,54],"killed_by":"The Heart","ascension_level":1}