{"path_per_floor":["M","?","$","?","T","R","M","R","T","E","M","R","?","$","R","B",null,"M","M","?","M","$","R","M","$","T","M","?"],"character_chosen":"THE_SILENT","items_purchased":["Frozen Egg 2"],"gold_per_floor":[118,118,43,143,194,194,204,204,255,282,298,298,268,15,15,120,120,136,151,151,166,66,66,79,79,149,165,165],"floor_reached":29,"campfire_rested":2,"playtime":987,"current_hp_per_floor":[60,60,60,60,60,60,60,60,60,29,29,29,29,29,49,20,55,46,39,39,5,5,25,13,13,13,10,10],"items_purged":["Strike_G","Strike_G"],"gold":165,"score":353,"play_id":"bbeb2649-216a-4124-b08e-e7b2b07d52eb","local_time":"20180321214438","is_prod":false,"is_daily":false,"is_ascension_mode":true,"campfire_upgraded":3,"timestamp":1521665078,"path_taken":["M","?","?","?","?","R","M","R","T","E","?","R","?","$","R","BOSS","M","M","?","M","$","R","M","?","T","M","?","M"],"build_version":"2018-03-15v3","purchased_purges":5,"victory":false,"master_deck":["Defend_G","Defend_G","Defend_G","Defend_G","Defend_G","Strike_G","Strike_G","Strike_G","Survivor","Neutralize+1","Backflip","Cloak And Dagger+1","Deadly Poison","Bouncing Flask+1","Tools of the Trade+1","Bouncing Flask+1"],"max_hp_per_floor":[70,67,67,67,67,67,67,67,67,67,67,67,67,67,67,67,67,67,67,67,67,67,67,67,67,67,67,67],"relics":["Ring of the Snake","Pen Nib","Spirit Poop","Oddly Smooth Stone","Omamori","Bag of Marbles","Frozen Egg 2","The Specimen","Toxic Egg 2"],"card_choices":[{"not_picked":["Deflect","Outmaneuver"],"picked":"Backflip"},{"not_picked":["Dash","Reflex"],"picked":"Cloak And Dagger"},{"not_picked":["Grand Finale","Sucker Punch"],"picked":"Deadly Poison"},{"not_picked":["Blade Dance","Accuracy"],"picked":"Bouncing Flask"},{"not_picked":["Storm of Steel","Unload"],"picked":"Tools of the Trade"},{"not_picked":["Slice","Deadly Poison"],"picked":"Bouncing Flask"}],"player_experience":436350,"potions_floor_usage":[29],"damage_taken":[{"damage":3,"enemies":"Jaw Worm","floor":1,"turns":5},{"damage":0,"enemies":"Cultist","floor":7,"turns":5},{"damage":31,"enemies":"Gremlin Nob","floor":10,"turns":5},{"damage":0,"enemies":"Small Slimes","floor":11,"turns":2},{"damage":29,"enemies":"Hexaghost","floor":16,"turns":10},{"damage":9,"enemies":"3 Byrds","floor":18,"turns":6},{"damage":7,"enemies":"Shell Parasite","floor":19,"turns":4},{"damage":34,"enemies":"3 Cultists","floor":21,"turns":7},{"damage":12,"enemies":"Centurion and Healer","floor":24,"turns":8},{"damage":3,"enemies":"Snake Plant","floor":27,"turns":4},{"damage":10,"enemies":"3 Cultists","floor":29,"turns":3}],"event_choices":[{"event_name":"Bonfire Elementals","player_choice":"CURSE","floor":2,"damage_taken":0},{"event_name":"Golden Shrine","player_choice":"Pray","floor":4,"damage_taken":0},{"event_name":"The Woman in Blue","player_choice":"Bought 2 Potions","floor":13,"damage_taken":0},{"event_name":"The Lab","player_choice":"Got Potions","floor":20,"damage_taken":0},{"event_name":"Drug Dealer","player_choice":"Ignored","floor":28,"damage_taken":0}],"boss_relics":[{"not_picked":["Lizard Tail","Orrery"],"picked":"The Specimen"}],"potions_floor_spawned":[10,19,21,24],"seed_played":"6494783480625457562","killed_by":"3 Cultists","ascension_level":12,"is_trial":false}