{"path_per_floor":["M","M","M","?","M","R","E","$","T","$","R","M","R","E","R","B",null,"M","T","M","$","M","R","E"],"character_chosen":"IRONCLAD","items_purchased":[],"gold_per_floor":[110,125,142,142,158,158,188,188,188,113,113,124,124,149,149,244,244,255,279,295,195,211,211,239],"floor_reached":25,"campfire_rested":2,"playtime":1155,"current_hp_per_floor":[87,80,75,80,60,60,29,29,29,29,56,53,53,47,47,12,92,80,80,51,51,36,63,10],"items_purged":["Strike_R","Defend_R"],"gold":239,"score":243,"play_id":"c1479888-15d7-4b61-8473-8c0ea1c871db","is_prod":false,"is_daily":false,"is_ascension_mode":true,"campfire_upgraded":3,"path_taken":["M","M","M","?","M","R","E","$","T","$","R","M","R","E","R","BOSS","M","?","M","$","M","R","E","M"],"build_version":"2018-02-08-PROD1","purchased_purges":2,"victory":false,"master_deck":["Strike_R","Strike_R","Strike_R","Strike_R","Defend_R","Defend_R+1","Defend_R+1","Bash+1","Offering+1","Spot Weakness+1","Warcry","Offering","Infernal Blade"],"max_hp_per_floor":[87,87,87,92,92,92,92,92,92,92,92,92,92,92,92,92,92,92,92,92,92,92,92,92],"relics":["Burning Blood","Strawberry","Bag of Marbles","Ice Cream","Unceasing Top","Black Star","Oddly Smooth Stone","Bag of Preparation","War Paint"],"card_choices":[{"not_picked":["Clothesline","Warcry"],"picked":"Offering"},{"not_picked":["Rage","True Grit"],"picked":"Spot Weakness"},{"not_picked":["Thunderclap","Metallicize"],"picked":"Warcry"},{"not_picked":["Dark Embrace","Demon Form"],"picked":"Offering"},{"not_picked":["Headbutt","Offering"],"picked":"Infernal Blade"}],"player_experience":145708,"potions_floor_usage":[5,7,22,22],"damage_taken":[{"damage":0,"enemies":"2 Louse","floor":1,"turns":2},{"damage":13,"enemies":"Jaw Worm","floor":2,"turns":3},{"damage":11,"enemies":"Blue Slaver","floor":3,"turns":2},{"damage":26,"enemies":"Exordium Wildlife","floor":5,"turns":5},{"damage":37,"enemies":"3 Sentries","floor":7,"turns":10},{"damage":9,"enemies":"Looter","floor":12,"turns":2},{"damage":12,"enemies":"Gremlin Nob","floor":14,"turns":3},{"damage":41,"enemies":"Hexaghost","floor":16,"turns":7},{"damage":18,"enemies":"Spheric Guardian","floor":18,"turns":3},{"damage":35,"enemies":"3 Byrds","floor":20,"turns":4},{"damage":21,"enemies":"Cultist and Chosen","floor":22,"turns":4},{"damage":59,"enemies":"Book of Stabbing","floor":24,"turns":5},{"damage":14,"enemies":"Snake Plant","floor":25,"turns":1}],"event_choices":[{"event_name":"Big Fish","player_choice":"Donut","floor":4,"damage_taken":0}],"boss_relics":[{"not_picked":["Runic Pyramid","Astrolabe"],"picked":"Black Star"}],"potions_floor_spawned":[3,5,16,18],"seed_played":"8336931281776379097","killed_by":"Snake Plant","ascension_level":1,"is_trial":false}