{"gold_per_floor":[213,213,231,250,264,264,264,333,333,333,360,360,389,96,96,195,195,212,212,212,223,241,260,285,285,285,298,298,316,327,327,327,327],"floor_reached":33,"playtime":1344,"items_purged":["Strike_B"],"score":443,"play_id":"40971e5a-0b2d-4888-94c2-76afd9c7a464","local_time":"20190111095748","is_ascension_mode":true,"campfire_choices":[{"data":"Zap","floor":6.0,"key":"SMITH"},{"data":"Consume","floor":10.0,"key":"SMITH"},{"data":"Biased Cognition","floor":12.0,"key":"SMITH"},{"data":"Seek","floor":15.0,"key":"SMITH"},{"data":"Capacitor","floor":25.0,"key":"SMITH"},{"data":"Coolheaded","floor":28.0,"key":"SMITH"},{"data":"Redo","floor":32.0,"key":"SMITH"}],"neow_cost":"NONE","seed_source_timestamp":346002072278588,"circlet_count":0,"master_deck":["AscendersBane","Strike_B+1","Strike_B+1","Defend_B","Defend_B","Defend_B","Defend_B","Zap+1","Dualcast+1","Ball Lightning","Blizzard+1","Consume+1","Biased Cognition+1","Conserve Battery","Compile Driver","Loop","Seek+1","Chill","Coolheaded+1","Capacitor+1","Redo+1","Skim+1"],"special_seed":0,"relics":["FrozenCore","Mummified Hand","Whetstone","Potion Belt","Nloth\u0027s Gift","Blue Candle","Gremlin Horn","Pear"],"potions_floor_usage":[],"damage_taken":[{"damage":7.0,"enemies":"Jaw Worm","floor":1.0,"turns":3.0},{"damage":1.0,"enemies":"Cultist","floor":3.0,"turns":3.0},{"damage":0.0,"enemies":"Small Slimes","floor":4.0,"turns":3.0},{"damage":12.0,"enemies":"3 Louse","floor":5.0,"turns":3.0},{"damage":2.0,"enemies":"Gremlin Nob","floor":11.0,"turns":4.0},{"damage":23.0,"enemies":"3 Sentries","floor":13.0,"turns":7.0},{"damage":2.0,"enemies":"Hexaghost","floor":16.0,"turns":7.0},{"damage":0.0,"enemies":"3 Byrds","floor":18.0,"turns":4.0},{"damage":7.0,"enemies":"2 Thieves","floor":21.0,"turns":4.0},{"damage":9.0,"enemies":"Shelled Parasite and Fungi","floor":22.0,"turns":5.0},{"damage":4.0,"enemies":"Snecko","floor":23.0,"turns":5.0},{"damage":4.0,"enemies":"Book of Stabbing","floor":24.0,"turns":7.0},{"damage":1.0,"enemies":"3 Cultists","floor":27.0,"turns":4.0},{"damage":5.0,"enemies":"Centurion and Healer","floor":29.0,"turns":6.0},{"damage":0.0,"enemies":"Snecko","floor":30.0,"turns":7.0},{"damage":58,"enemies":"Champ","floor":33,"turns":8}],"seed_played":"-8097568409164683530","potions_obtained":[{"floor":1.0,"key":"Dexterity Potion"},{"floor":5.0,"key":"PowerPotion"},{"floor":11.0,"key":"AttackPotion"},{"floor":16.0,"key":"Weak Potion"},{"floor":23.0,"key":"Strength Potion"},{"floor":24.0,"key":"SkillPotion"},{"floor":27.0,"key":"SkillPotion"},{"floor":30.0,"key":"Dexterity Potion"}],"is_trial":false,"path_per_floor":["M","?","M","M","M","R","?","T","T","R","E","R","E","$","R","B",null,"M","$","?","M","M","M","E","R","T","M","R","M","M","?","R","B"],"character_chosen":"DEFECT","items_purchased":["Loop","Seek"],"campfire_rested":0,"item_purchase_floors":[14,14],"current_hp_per_floor":[61,61,60,60,48,48,33,33,33,33,31,31,8,8,8,6,58,58,58,58,51,42,38,34,34,34,33,33,28,28,38,38,0],"gold":327,"neow_bonus":"HUNDRED_GOLD","is_prod":false,"is_daily":false,"chose_seed":false,"campfire_upgraded":7,"win_rate":0,"timestamp":1547197068,"path_taken":["M","?","M","M","?","R","?","?","T","R","E","R","E","?","R","BOSS","M","$","?","?","M","M","E","R","T","M","R","M","M","?","R","BOSS"],"build_version":"2019-01-10","purchased_purges":1,"victory":false,"max_hp_per_floor":[75,75,75,75,75,75,75,75,75,75,75,75,75,75,75,75,75,75,75,75,75,75,75,75,75,75,75,75,75,75,85,85,85],"card_choices":[{"not_picked":["Blizzard","Beam Cell"],"picked":"Ball Lightning","floor":1.0},{"not_picked":["Skim","Storm","Hologram"],"picked":"SKIP","floor":3.0},{"not_picked":["Auto Shields","Compile Driver"],"picked":"Consume","floor":4.0},{"not_picked":["Rebound","Scrape"],"picked":"Biased Cognition","floor":5.0},{"not_picked":["Hologram","Amplify"],"picked":"Conserve Battery","floor":11.0},{"not_picked":["Beam Cell","Lockon"],"picked":"Compile Driver","floor":13.0},{"not_picked":["Go for the Eyes","Fusion","Melter"],"picked":"SKIP","floor":18.0},{"not_picked":["Force Field+1","Self Repair"],"picked":"Chill","floor":21.0},{"not_picked":["Hologram","Recycle"],"picked":"Coolheaded","floor":22.0},{"not_picked":["Turbo","Go for the Eyes"],"picked":"Capacitor","floor":23.0},{"not_picked":["Multi-Cast","Stack","Turbo"],"picked":"SKIP","floor":24.0},{"not_picked":["Gash","Steam Power","Ball Lightning"],"picked":"SKIP","floor":27.0},{"not_picked":["Consume","Coolheaded"],"picked":"Redo","floor":29.0},{"not_picked":["Coolheaded","Go for the Eyes"],"picked":"Skim+1","floor":30.0}],"player_experience":689243,"relics_obtained":[{"floor":8.0,"key":"Mummified Hand"},{"floor":9.0,"key":"Kunai"},{"floor":11.0,"key":"Whetstone"},{"floor":13.0,"key":"Potion Belt"},{"floor":24.0,"key":"Blue Candle"},{"floor":26.0,"key":"Gremlin Horn"}],"event_choices":[{"damage_healed":0.0,"max_hp_gain":0.0,"max_hp_loss":0.0,"gold_gain":0.0,"cards_transformed":["Strike_B"],"event_name":"Transmorgrifier","player_choice":"Transformed","floor":2.0,"gold_loss":0.0,"damage_taken":0.0,"cards_obtained":["Blizzard"]},{"damage_healed":0.0,"max_hp_gain":0.0,"max_hp_loss":0.0,"gold_gain":0.0,"event_name":"Shining Light","player_choice":"Entered Light","floor":7.0,"gold_loss":0.0,"damage_taken":15.0,"cards_upgraded":["Dualcast","Blizzard"]},{"damage_healed":0.0,"max_hp_gain":0.0,"max_hp_loss":0.0,"gold_gain":0.0,"event_name":"N\u0027loth","player_choice":"Traded Relic","floor":20.0,"relics_lost":["Kunai"],"gold_loss":0.0,"damage_taken":0.0,"relics_obtained":["Nloth\u0027s Gift"]},{"damage_healed":0.0,"max_hp_gain":0.0,"max_hp_loss":0.0,"gold_gain":0.0,"event_name":"The Mausoleum","player_choice":"Opened","floor":31.0,"gold_loss":0.0,"damage_taken":0.0,"relics_obtained":["Pear"]}],"is_beta":false,"boss_relics":[{"not_picked":["Runic Dome","Calling Bell"],"picked":"FrozenCore"}],"items_purged_floors":[14],"is_endless":false,"potions_floor_spawned":[1,5,11,16,23,24,27,30],"killed_by":"Champ","ascension_level":12}