{"gold_per_floor":[110,60,60,60,78,78,113,113,168,168,168,186,218,245,257,370,382,414,426,72,84,84,104,104,123,150,50,70,70,104,104,104,104],"floor_reached":33,"playtime":1766,"items_purged":["Strike_R","Strike_R"],"score":343,"play_id":"39dbb450-0173-42eb-84c0-bae3f88552fa","local_time":"20190720170001","is_ascension_mode":true,"campfire_choices":[{"data":"Iron Wave","floor":6,"key":"SMITH"},{"data":"Infernal Blade","floor":8,"key":"SMITH"},{"data":"Dual Wield","floor":11,"key":"SMITH"},{"floor":15,"key":"REST"},{"data":"Inflame","floor":24,"key":"SMITH"},{"data":"Flame Barrier","floor":29,"key":"SMITH"},{"floor":32,"key":"REST"}],"neow_cost":"NONE","seed_source_timestamp":247919555806906,"circlet_count":0,"master_deck":["Strike_R+1","Strike_R+1","Defend_R","Defend_R","Defend_R+1","Defend_R","Bash+1","Iron Wave+1","Infernal Blade+1","Flame Barrier+1","Impervious","Uppercut+1","Inflame+1","Battle Trance","Heavy Blade"],"relics":["Burning Blood","NeowsBlessing","Whetstone","Ancient Tea Set","MawBank","Snecko Eye","MutagenicStrength","Calipers","Regal Pillow","Potion Belt","Enchiridion"],"potions_floor_usage":[16,33,33,33],"damage_taken":[{"damage":0,"enemies":"Jaw Worm","floor":1,"turns":1},{"damage":0,"enemies":"Small Slimes","floor":5,"turns":1},{"damage":0,"enemies":"Lagavulin","floor":7,"turns":1},{"damage":0,"enemies":"Cultist","floor":12,"turns":3},{"damage":28,"enemies":"3 Sentries","floor":13,"turns":10},{"damage":15,"enemies":"2 Fungi Beasts","floor":14,"turns":3},{"damage":55,"enemies":"Hexaghost","floor":16,"turns":10},{"damage":52,"enemies":"Shell Parasite","floor":18,"turns":8},{"damage":16,"enemies":"Spheric Guardian","floor":21,"turns":4},{"damage":0,"enemies":"Snake Plant","floor":23,"turns":2},{"damage":16,"enemies":"Centurion and Healer","floor":25,"turns":7},{"damage":0,"enemies":"Shelled Parasite and Fungi","floor":28,"turns":3},{"damage":49,"enemies":"Slavers","floor":30,"turns":7},{"damage":64,"enemies":"Collector","floor":33,"turns":9}],"seed_played":"4903712390462871096","potions_obtained":[{"floor":1,"key":"SteroidPotion"},{"floor":5,"key":"LiquidBronze"},{"floor":13,"key":"Regen Potion"},{"floor":14,"key":"GamblersBrew"},{"floor":23,"key":"Poison Potion"},{"floor":25,"key":"SteroidPotion"},{"floor":30,"key":"Weak Potion"}],"is_trial":false,"path_per_floor":["M","?","$","?","M","R","E","R","T","?","R","M","E","M","R","B",null,"M","?","$","M","?","M","R","M","T","$","M","R","E","?","R","B"],"character_chosen":"IRONCLAD","items_purchased":["Calipers"],"campfire_rested":2,"item_purchase_floors":[20],"current_hp_per_floor":[80,80,80,64,70,70,76,76,76,76,76,80,58,49,73,39,80,34,34,34,24,80,80,80,70,70,70,76,76,33,17,56,0],"gold":104,"neow_bonus":"THREE_ENEMY_KILL","is_prod":false,"is_daily":false,"chose_seed":false,"campfire_upgraded":5,"win_rate":0,"timestamp":1563667201,"path_taken":["M","?","$","?","M","R","E","R","T","?","R","?","E","M","R","BOSS","M","?","$","M","?","?","R","M","T","?","M","R","E","?","R","BOSS"],"build_version":"2019-07-05","purchased_purges":2,"victory":false,"max_hp_per_floor":[80,80,80,80,80,80,80,80,80,80,80,80,80,80,80,80,80,80,80,80,80,80,80,80,80,80,80,80,80,80,80,80,80],"card_choices":[{"not_picked":["Disarm","Evolve"],"picked":"Dual Wield","floor":1},{"not_picked":["Perfected Strike","Wild Strike"],"picked":"Iron Wave","floor":5},{"not_picked":["Carnage","Dual Wield"],"picked":"Infernal Blade","floor":7},{"not_picked":["Warcry","Thunderclap","Wild Strike"],"picked":"SKIP","floor":12},{"not_picked":["Iron Wave","Second Wind","Clash"],"picked":"SKIP","floor":13},{"not_picked":["Wild Strike","Power Through"],"picked":"Flame Barrier","floor":14},{"not_picked":["Reaper","Fiend Fire"],"picked":"Impervious","floor":16},{"not_picked":["Twin Strike","Clothesline"],"picked":"Uppercut+1","floor":18},{"not_picked":["Sentinel","Blood for Blood+1"],"picked":"Inflame","floor":21},{"not_picked":["Twin Strike","Anger"],"picked":"Battle Trance","floor":23},{"not_picked":["Intimidate","Headbutt+1","Thunderclap"],"picked":"SKIP","floor":25},{"not_picked":["Clothesline+1","Shrug It Off","Pommel Strike"],"picked":"SKIP","floor":28},{"not_picked":["Clothesline+1","Shrug It Off","Pommel Strike"],"picked":"SKIP","floor":28},{"not_picked":["Shockwave","Pommel Strike"],"picked":"Heavy Blade","floor":30}],"player_experience":54711,"relics_obtained":[{"floor":7,"key":"Whetstone"},{"floor":13,"key":"MawBank"},{"floor":26,"key":"Regal Pillow"},{"floor":30,"key":"Potion Belt"},{"floor":31,"key":"Enchiridion"}],"event_choices":[{"cards_removed":["Strike_R"],"damage_healed":0,"gold_gain":0,"player_choice":"Card Removal","damage_taken":0,"max_hp_gain":0,"max_hp_loss":0,"event_name":"The Cleric","floor":2,"gold_loss":50},{"damage_healed":0,"gold_gain":0,"player_choice":"Entered Light","damage_taken":16,"max_hp_gain":0,"max_hp_loss":0,"event_name":"Shining Light","floor":4,"gold_loss":0,"cards_upgraded":["Defend_R","Strike_R"]},{"damage_healed":0,"gold_gain":0,"player_choice":"Searched \u00272\u0027 times","damage_taken":0,"relics_obtained":["Ancient Tea Set"],"max_hp_gain":0,"max_hp_loss":0,"event_name":"Dead Adventurer","floor":10,"gold_loss":0},{"damage_healed":0,"gold_gain":0,"player_choice":"Inject Mutagens","damage_taken":0,"relics_obtained":["MutagenicStrength"],"max_hp_gain":0,"max_hp_loss":0,"event_name":"Drug Dealer","floor":19,"gold_loss":0},{"cards_removed":["Dual Wield"],"damage_healed":56,"gold_gain":0,"player_choice":"Offered Uncommon","damage_taken":0,"max_hp_gain":0,"max_hp_loss":0,"event_name":"Bonfire Elementals","floor":22,"gold_loss":0},{"damage_healed":0,"gold_gain":0,"player_choice":"Obtained Book","damage_taken":16,"max_hp_gain":0,"max_hp_loss":0,"event_name":"Cursed Tome","floor":31,"gold_loss":0}],"is_beta":false,"boss_relics":[{"not_picked":["Eternal Feather","Astrolabe"],"picked":"Snecko Eye"}],"items_purged_floors":[20,27],"is_endless":false,"potions_floor_spawned":[1,5,13,14,23,25,30],"killed_by":"Collector","ascension_level":3}