{"gold_per_floor":[118,44,54,54,74,74,74,102,126,126,157,157,177,177,177,281,281,292,310,321,5,5,5,35,35,35,64,64,107,107,107,107,204,204,216,236,250,250,250,550,550,581,581,124,158,172,172,190,190,190],"floor_reached":51,"playtime":1656,"items_purged":["Defend_B","Lockon+1"],"score":886,"play_id":"c1c9cd31-b71a-40b2-8987-423cec09e115","local_time":"20180717175637","daily_mods":["Heirloom","Elite Swarm","Vintage"],"is_ascension_mode":true,"campfire_choices":[{"data":"Zap","floor":6,"key":"SMITH"},{"data":"Defragment","floor":10,"key":"SMITH"},{"data":"Dualcast","floor":12,"key":"SMITH"},{"data":"Defend_B","floor":15,"key":"SMITH"},{"data":"Seek","floor":23,"key":"SMITH"},{"data":"Rainbow","floor":28,"key":"SMITH"},{"floor":30,"key":"DIG"},{"floor":32,"key":"DIG"},{"floor":40,"key":"DIG"},{"data":"Enlightenment","floor":49,"key":"SMITH"}],"neow_cost":"","seed_source_timestamp":0,"circlet_count":0,"master_deck":["Defend_B+1","Zap+1","Dualcast+1","Defragment+1","Electrodynamics+1","Seek+1","All For One+1","Cold Snap+1","Rainbow+1","Machine Learning","Enlightenment+1","Purity","Creative AI+1","Madness","Madness"],"relics":["Cracked Core","Emotion Chip","Anchor","Pantograph","Strawberry","Pen Nib","Centennial Puzzle","Kunai","Bird Faced Urn","Shovel","Astrolabe","Ornamental Fan","Du-Vu Doll","Dead Branch","Bottled Tornado","FaceOfCleric","Turnip","Ginger","Art of War","Tiny Chest","Incense Burner","Ancient Tea Set","Blood Vial","Empty Cage","Matryoshka","Lantern","Old Coin","Boot","Orichalcum","Frozen Egg 2","DataDisk","Lee\u0027s Waffle","Juzu Bracelet","Bronze Scales","Singing Bowl"],"potions_floor_usage":[18,24,50],"damage_taken":[{"damage":1,"enemies":"Jaw Worm","floor":1,"turns":3},{"damage":0,"enemies":"Cultist","floor":3,"turns":3},{"damage":0,"enemies":"Small Slimes","floor":5,"turns":2},{"damage":25,"enemies":"3 Sentries","floor":8,"turns":6},{"damage":16,"enemies":"Lagavulin","floor":11,"turns":4},{"damage":0,"enemies":"2 Fungi Beasts","floor":13,"turns":2},{"damage":4,"enemies":"The Guardian","floor":16,"turns":8},{"damage":0,"enemies":"3 Byrds","floor":18,"turns":2},{"damage":0,"enemies":"Spheric Guardian","floor":19,"turns":3},{"damage":0,"enemies":"Snake Plant","floor":20,"turns":3},{"damage":8,"enemies":"Gremlin Leader","floor":24,"turns":3},{"damage":9,"enemies":"Book of Stabbing","floor":27,"turns":3},{"damage":11,"enemies":"Slaver and Parasite","floor":29,"turns":3},{"damage":15,"enemies":"Automaton","floor":33,"turns":5},{"damage":1,"enemies":"Orb Walker","floor":35,"turns":2},{"damage":11,"enemies":"Flame Bruiser 1 Orb","floor":36,"turns":3},{"damage":16,"enemies":"Spire Growth","floor":37,"turns":4},{"damage":28,"enemies":"Nemesis","floor":42,"turns":3},{"damage":1,"enemies":"Giant Head","floor":45,"turns":9},{"damage":14,"enemies":"Maw","floor":46,"turns":5},{"damage":7,"enemies":"3 Darklings","floor":48,"turns":2},{"damage":18,"enemies":"Donu and Deca","floor":50,"turns":7}],"seed_played":"8265654843663955712","potions_obtained":[{"floor":3,"key":"Fire Potion"},{"floor":8,"key":"Swift Potion"},{"floor":13,"key":"Ancient Potion"},{"floor":24,"key":"GamblersBrew"},{"floor":29,"key":"Dexterity Potion"}],"is_trial":true,"path_per_floor":["M","$","M","?","M","R","$","E","T","R","E","R","M","?","R","B",null,"M","M","M","$","?","R","E","$","T","E","R","M","R","?","R","B",null,"M","M","M","?","?","R","?","E","T","$","E","M","?","M","R","B"],"character_chosen":"DEFECT","items_purchased":["Defragment","Bottled Tornado","DataDisk","Lee\u0027s Waffle"],"campfire_rested":0,"item_purchase_floors":[2,21,44,44],"current_hp_per_floor":[74,74,74,79,86,86,86,61,61,61,45,45,45,45,45,70,87,87,87,87,87,87,87,80,80,80,76,76,70,70,70,70,76,91,92,82,75,75,75,75,70,55,55,102,102,96,83,85,85,94],"gold":190,"neow_bonus":"","is_prod":false,"is_daily":false,"chose_seed":false,"campfire_upgraded":7,"win_rate":0,"timestamp":1531842997,"path_taken":["M","$","M","?","?","R","$","E","T","R","E","R","M","?","R","BOSS","M","M","M","$","?","R","E","$","T","E","R","M","R","?","R","BOSS","M","M","?","?","?","R","?","E","T","$","E","M","?","M","R","BOSS"],"build_version":"2018-07-12","purchased_purges":2,"victory":true,"max_hp_per_floor":[75,75,75,80,87,87,87,87,87,87,87,87,87,87,87,87,87,87,87,87,87,87,87,88,88,88,89,89,90,90,90,90,91,91,92,93,94,94,94,94,94,95,95,102,103,104,104,105,105,106],"card_choices":[{"not_picked":["Creative AI","Amplify"],"picked":"Electrodynamics","floor":8},{"not_picked":["Meteor Strike","All For One","Fission"],"picked":"SKIP","floor":11},{"not_picked":["Buffer","Amplify"],"picked":"Seek","floor":16},{"not_picked":["Echo Form","Multi-Cast"],"picked":"Rainbow","floor":24},{"not_picked":["Rainbow","Amplify","Echo Form"],"picked":"SKIP","floor":27},{"not_picked":["Seek","Reboot"],"picked":"Machine Learning","floor":33},{"not_picked":["Secret Weapon","Panacea"],"picked":"Enlightenment","floor":41},{"not_picked":["Mind Blast","Madness"],"picked":"Purity","floor":41},{"not_picked":["Core Surge","Amplify","Buffer"],"picked":"SKIP","floor":42},{"not_picked":["Thunder Strike","Seek"],"picked":"Creative AI+1","floor":45}],"player_experience":581201,"relics_obtained":[{"floor":1,"key":"Anchor"},{"floor":3,"key":"Pantograph"},{"floor":5,"key":"Strawberry"},{"floor":8,"key":"Pen Nib"},{"floor":9,"key":"Centennial Puzzle"},{"floor":11,"key":"Kunai"},{"floor":13,"key":"Bird Faced Urn"},{"floor":16,"key":"Shovel"},{"floor":18,"key":"Ornamental Fan"},{"floor":19,"key":"Du-Vu Doll"},{"floor":20,"key":"Dead Branch"},{"floor":24,"key":"Turnip"},{"floor":26,"key":"Ginger"},{"floor":27,"key":"Art of War"},{"floor":29,"key":"Tiny Chest"},{"floor":30,"key":"Incense Burner"},{"floor":32,"key":"Ancient Tea Set"},{"floor":33,"key":"Blood Vial"},{"floor":35,"key":"Matryoshka"},{"floor":37,"key":"Lantern"},{"floor":40,"key":"Old Coin"},{"floor":42,"key":"Boot"},{"floor":43,"key":"Orichalcum"},{"floor":43,"key":"Frozen Egg 2"},{"floor":45,"key":"Juzu Bracelet"},{"floor":46,"key":"Bronze Scales"},{"floor":48,"key":"Singing Bowl"}],"event_choices":[{"event_name":"Big Fish","player_choice":"Donut","floor":4,"damage_taken":0},{"event_name":"Upgrade Shrine","player_choice":"Upgraded","floor":14,"damage_taken":0},{"event_name":"FaceTrader","player_choice":"Trade","floor":22,"damage_taken":0},{"event_name":"Back to Basics","player_choice":"Elegance","floor":31,"damage_taken":0},{"event_name":"Accursed Blacksmith","player_choice":"Ignore","floor":38,"damage_taken":0},{"event_name":"Mysterious Sphere","player_choice":"Ignore","floor":39,"damage_taken":0},{"event_name":"SensoryStone","player_choice":"Memory 2","floor":41,"damage_taken":0},{"event_name":"Winding Halls","player_choice":"Embrace Madness","floor":47,"damage_taken":0}],"boss_relics":[{"not_picked":["Black Star","Coffee Dripper"],"picked":"Astrolabe"},{"not_picked":["Cursed Key","Lizard Tail"],"picked":"Empty Cage"}],"items_purged_floors":[21,44],"is_endless":false,"potions_floor_spawned":[3,8,13,24,29,33,37,45,48],"ascension_level":1}