{"gold_per_floor":[114,114,114,139,153,29,94,269,296,329,329,343,343,170],"floor_reached":14,"playtime":279,"items_purged":["Strike_R","Whirlwind"],"score":114,"play_id":"7ef6f4b6-e4a6-4820-88ea-e24974971c2c","local_time":"20190721134339","is_ascension_mode":true,"campfire_choices":[{"floor":13,"key":"REST"}],"neow_cost":"NONE","seed_source_timestamp":324026699568518,"circlet_count":0,"master_deck":["Strike_R","Strike_R","Strike_R","Strike_R","Defend_R","Defend_R","Defend_R+1","Defend_R","Bash","Fire Breathing+1","Uppercut","Anger","Pommel Strike"],"relics":["Burning Blood","NeowsBlessing","Golden Idol","PreservedInsect","Pen Nib","Vajra"],"potions_floor_usage":[10,10],"damage_taken":[{"damage":0,"enemies":"Cultist","floor":1,"turns":1},{"damage":0,"enemies":"Jaw Worm","floor":4,"turns":1},{"damage":0,"enemies":"2 Louse","floor":5,"turns":1},{"damage":28,"enemies":"Gremlin Nob","floor":7,"turns":4},{"damage":16,"enemies":"Lagavulin","floor":10,"turns":3},{"damage":11,"enemies":"Exordium Thugs","floor":12,"turns":2}],"seed_played":"4680764802608376214","potions_obtained":[{"floor":5,"key":"Poison Potion"},{"floor":7,"key":"EssenceOfSteel"},{"floor":12,"key":"Energy Potion"}],"is_trial":false,"path_per_floor":["M","?","?","M","M","$","?","?","T","E","?","M","R","$"],"character_chosen":"IRONCLAD","items_purchased":["Anger","BloodPotion"],"campfire_rested":1,"item_purchase_floors":[6,14],"current_hp_per_floor":[78,62,42,48,54,54,32,32,32,22,15,10,34,34],"gold":170,"neow_bonus":"THREE_ENEMY_KILL","is_prod":false,"is_daily":false,"chose_seed":false,"campfire_upgraded":0,"win_rate":0,"timestamp":1563741819,"path_taken":["M","?","?","M","M","$","?","?","T","E","?","M","R","$"],"build_version":"2019-07-05","purchased_purges":2,"victory":false,"max_hp_per_floor":[80,80,80,80,80,80,80,80,80,80,80,80,80,80],"card_choices":[{"not_picked":["Sword Boomerang","Warcry"],"picked":"Fire Breathing","floor":1},{"not_picked":["Armaments","Dropkick"],"picked":"Uppercut","floor":4},{"not_picked":["Sword Boomerang","Havoc"],"picked":"Whirlwind","floor":5},{"not_picked":["Second Wind","Body Slam"],"picked":"Pommel Strike","floor":7},{"not_picked":["Clash","Feel No Pain","Combust"],"picked":"SKIP","floor":10},{"not_picked":["Wild Strike","Sword Boomerang","Second Wind"],"picked":"SKIP","floor":12}],"player_experience":77764,"relics_obtained":[{"floor":7,"key":"PreservedInsect"},{"floor":9,"key":"Pen Nib"},{"floor":10,"key":"Vajra"}],"event_choices":[{"damage_healed":0,"gold_gain":0,"player_choice":"Entered Light","damage_taken":16,"max_hp_gain":0,"max_hp_loss":0,"event_name":"Shining Light","floor":2,"gold_loss":0,"cards_upgraded":["Defend_R","Fire Breathing"]},{"damage_healed":0,"gold_gain":0,"player_choice":"Take Damage","damage_taken":20,"relics_obtained":["Golden Idol"],"max_hp_gain":0,"max_hp_loss":0,"event_name":"Golden Idol","floor":3,"gold_loss":0},{"damage_healed":0,"gold_gain":30,"player_choice":"Searched \u00272\u0027 times","damage_taken":0,"max_hp_gain":0,"max_hp_loss":0,"event_name":"Dead Adventurer","floor":7,"gold_loss":0},{"damage_healed":0,"gold_gain":175,"player_choice":"AGREE","damage_taken":0,"max_hp_gain":0,"max_hp_loss":0,"event_name":"Liars Game","floor":8,"gold_loss":0,"cards_obtained":["Doubt"]},{"cards_removed":["Doubt"],"damage_healed":0,"gold_gain":0,"player_choice":"Card Removal","damage_taken":7,"max_hp_gain":0,"max_hp_loss":0,"event_name":"Golden Wing","floor":11,"gold_loss":0}],"is_beta":false,"boss_relics":[],"items_purged_floors":[6,14],"is_endless":false,"potions_floor_spawned":[5,7,12],"ascension_level":6}