{"path_per_floor":["M","M","$","M","M","R","E","R","T","M","M","?","M","M","R"],"character_chosen":"THE_SILENT","items_purchased":[],"gold_per_floor":[116,131,56,74,94,94,124,124,172,192,212,233,244,256,256,256],"floor_reached":16,"campfire_rested":1,"playtime":804,"current_hp_per_floor":[49,49,49,47,44,44,17,35,35,33,31,24,20,17,17,0],"items_purged":["Parasite"],"gold":256,"score":180,"play_id":"e395d860-13a7-4592-a438-07363ede2746","local_time":"20180413171312","is_prod":false,"is_daily":false,"chose_seed":false,"is_ascension_mode":true,"campfire_upgraded":2,"timestamp":1523632392,"path_taken":["M","M","$","M","M","R","E","R","T","M","?","?","M","M","R","BOSS"],"build_version":"2018-04-12","seed_source_timestamp":140387494705362,"purchased_purges":1,"victory":false,"master_deck":["Defend_G","Defend_G","Defend_G","Defend_G","Defend_G","Strike_G","Strike_G","Strike_G","Strike_G","Strike_G","Survivor","Neutralize+1","AscendersBane","Dagger Throw","Slice","Escape Plan","Infinite Blades","Accuracy","Deflect","Acrobatics+1"],"max_hp_per_floor":[66,66,63,63,63,63,63,63,63,63,63,63,63,63,63,63],"relics":["Ring of the Snake","Ginger","Ornamental Fan","Orichalcum","Odd Mushroom"],"card_choices":[{"not_picked":["Sucker Punch","Distraction"],"picked":"Dagger Throw","floor":1.0},{"not_picked":["Crippling Poison","Bullet Time"],"picked":"Slice","floor":5.0},{"not_picked":["Endless Agony","Outmaneuver"],"picked":"Escape Plan","floor":10.0},{"not_picked":["Reflex","Acrobatics"],"picked":"Infinite Blades","floor":11.0},{"not_picked":["Heel Hook","Setup"],"picked":"Accuracy","floor":12.0},{"not_picked":["Flying Knee","Endless Agony"],"picked":"Deflect","floor":13.0},{"not_picked":["Expertise","Endless Agony"],"picked":"Acrobatics","floor":14.0}],"player_experience":525156,"potions_floor_usage":[16],"damage_taken":[{"damage":10.0,"enemies":"Cultist","floor":1.0,"turns":5.0},{"damage":0.0,"enemies":"2 Louse","floor":2.0,"turns":3.0},{"damage":2.0,"enemies":"Small Slimes","floor":4.0,"turns":4.0},{"damage":3.0,"enemies":"Blue Slaver","floor":5.0,"turns":5.0},{"damage":27.0,"enemies":"Lagavulin","floor":7.0,"turns":8.0},{"damage":2.0,"enemies":"Large Slime","floor":10.0,"turns":7.0},{"damage":2.0,"enemies":"Lots of Slimes","floor":11.0,"turns":6.0},{"damage":7.0,"enemies":"The Mushroom Lair","floor":12.0,"turns":6.0},{"damage":4.0,"enemies":"Red Slaver","floor":13.0,"turns":5.0},{"damage":3.0,"enemies":"Blue Slaver","floor":14.0,"turns":5.0},{"damage":17,"enemies":"Hexaghost","floor":16,"turns":9}],"event_choices":[{"event_name":"Mushrooms","player_choice":"Fought Mushrooms","floor":12.0,"damage_taken":0.0}],"boss_relics":[],"potions_floor_spawned":[2,4,11,12,14],"seed_played":"-7092582174322003532","killed_by":"Hexaghost","ascension_level":14,"is_trial":false}