{"gold_per_floor":[109,26,26,26,52,52,62,87,87,87,97,109,129,45,45,45],"floor_reached":16,"playtime":317,"items_purged":[],"score":250,"play_id":"a0c79dc4-7705-4eab-9f37-b8002af09feb","local_time":"20190308210311","is_ascension_mode":true,"campfire_choices":[{"data":"Whirlwind","floor":6.0,"key":"SMITH"},{"data":"Seeing Red","floor":10.0,"key":"SMITH"},{"data":"Bloodletting","floor":15.0,"key":"SMITH"}],"neow_cost":"NONE","seed_source_timestamp":10149943018755,"circlet_count":0,"master_deck":["AscendersBane","Strike_R","Strike_R","Strike_R","Strike_R","Strike_R","Defend_R","Defend_R","Defend_R","Defend_R","Bash","Iron Wave","Whirlwind+1","Seeing Red+1","Headbutt","Ghostly Armor","Bloodletting+1"],"special_seed":0,"relics":["Burning Blood","NeowsBlessing","Smiling Mask","Singing Bowl","Ornamental Fan"],"potions_floor_usage":[16],"damage_taken":[{"damage":0.0,"enemies":"2 Louse","floor":1.0,"turns":1.0},{"damage":0.0,"enemies":"Jaw Worm","floor":7.0,"turns":1.0},{"damage":0.0,"enemies":"Lagavulin","floor":8.0,"turns":1.0},{"damage":3.0,"enemies":"Small Slimes","floor":11.0,"turns":3.0},{"damage":8.0,"enemies":"Blue Slaver","floor":12.0,"turns":2.0},{"damage":15.0,"enemies":"Large Slime","floor":13.0,"turns":4.0},{"damage":69,"enemies":"The Guardian","floor":16,"turns":11}],"seed_played":"8578747975907641278","potions_obtained":[{"floor":1.0,"key":"SpeedPotion"},{"floor":8.0,"key":"AttackPotion"},{"floor":13.0,"key":"SteroidPotion"}],"is_trial":false,"path_per_floor":["M","$","?","?","T","R","M","E","T","R","M","M","M","$","R","B"],"character_chosen":"IRONCLAD","items_purchased":["Whirlwind","Bloodletting"],"campfire_rested":0,"item_purchase_floors":[2,14],"current_hp_per_floor":[74,74,74,74,74,74,75,77,77,77,77,77,68,68,68,0],"gold":45,"neow_bonus":"THREE_ENEMY_KILL","is_prod":false,"is_daily":false,"chose_seed":false,"campfire_upgraded":3,"win_rate":0,"timestamp":1552075391,"path_taken":["M","$","?","?","?","R","M","E","T","R","M","M","M","$","R","BOSS"],"build_version":"2019-01-23","purchased_purges":0,"victory":false,"max_hp_per_floor":[75,75,75,75,75,75,75,77,77,77,77,79,79,79,79,79],"card_choices":[{"not_picked":["Rupture","Burning Pact"],"picked":"Iron Wave","floor":1.0},{"not_picked":["Heavy Blade","Wild Strike"],"picked":"Seeing Red","floor":7.0},{"not_picked":["Perfected Strike","Rampage","Combust"],"picked":"Singing Bowl","floor":8.0},{"not_picked":["Sever Soul","Blood for Blood"],"picked":"Headbutt","floor":11.0},{"not_picked":["Combust","Pommel Strike","Anger"],"picked":"Singing Bowl","floor":12.0},{"not_picked":["Pommel Strike","Intimidate"],"picked":"Ghostly Armor","floor":13.0}],"player_experience":957373,"relics_obtained":[{"floor":5.0,"key":"Smiling Mask"},{"floor":8.0,"key":"Singing Bowl"},{"floor":9.0,"key":"Ornamental Fan"}],"event_choices":[{"damage_healed":0.0,"max_hp_gain":0.0,"max_hp_loss":0.0,"gold_gain":0.0,"event_name":"The Cleric","player_choice":"Leave","floor":3.0,"gold_loss":0.0,"damage_taken":0.0},{"damage_healed":0.0,"max_hp_gain":0.0,"max_hp_loss":0.0,"gold_gain":0.0,"event_name":"Liars Game","player_choice":"Ignored","floor":4.0,"gold_loss":0.0,"damage_taken":0.0}],"is_beta":false,"boss_relics":[],"items_purged_floors":[],"is_endless":false,"potions_floor_spawned":[1,8,13],"killed_by":"The Guardian","ascension_level":20}