{"gold_per_floor":[109,59,74,29,29,29,41,41,68,98,98,113,59,59,59,160,160,175,24,40,52,52,52,52,52,52,52,52],"floor_reached":28,"playtime":641,"items_purged":[],"score":235,"play_id":"3a7451b1-557f-488c-bc0c-2c7d6b753bee","local_time":"20190701231204","is_ascension_mode":true,"campfire_choices":[{"data":"Flex","floor":6,"key":"SMITH"},{"data":"Combust","floor":8,"key":"SMITH"},{"data":"Pummel","floor":11,"key":"SMITH"},{"data":"Flex","floor":15,"key":"SMITH"},{"data":"Rupture","floor":23,"key":"SMITH"},{"data":"Sword Boomerang","floor":25,"key":"SMITH"},{"data":"Inflame","floor":27,"key":"SMITH"}],"neow_cost":"NONE","seed_source_timestamp":1575774191631549,"circlet_count":0,"master_deck":["Strike_R","Strike_R","Strike_R","Strike_R","Strike_R","Defend_R","Defend_R","Bash","Combust+1","Flex+1","Pummel+1","Carnage","Flex+1","Brutality","Sword Boomerang+1","Inflame+1","Rupture+1"],"relics":["Burning Blood","NeowsBlessing","Omamori","Boot","Sozu","Bag of Preparation","Question Card"],"potions_floor_usage":[16,16],"damage_taken":[{"damage":0,"enemies":"2 Louse","floor":1,"turns":1},{"damage":0,"enemies":"Jaw Worm","floor":3,"turns":1},{"damage":0,"enemies":"Cultist","floor":7,"turns":1},{"damage":39,"enemies":"Lagavulin","floor":10,"turns":5},{"damage":2,"enemies":"Exordium Wildlife","floor":12,"turns":3},{"damage":61,"enemies":"The Guardian","floor":16,"turns":9},{"damage":30,"enemies":"2 Thieves","floor":18,"turns":3},{"damage":4,"enemies":"Chosen","floor":20,"turns":3},{"damage":33,"enemies":"Snecko","floor":21,"turns":4},{"damage":37,"enemies":"Cultist and Chosen","floor":28,"turns":4}],"seed_played":"7400308283758563172","potions_obtained":[{"floor":7,"key":"Regen Potion"},{"floor":12,"key":"Dexterity Potion"},{"floor":16,"key":"PowerPotion"}],"is_trial":false,"path_per_floor":["M","?","M","$","?","R","M","R","T","E","R","M","$","$","R","B",null,"M","$","M","M","?","R","?","R","T","R","M"],"character_chosen":"IRONCLAD","items_purchased":["Flex","Flex","Bag of Preparation"],"campfire_rested":0,"item_purchase_floors":[4,13,19],"current_hp_per_floor":[80,80,80,80,73,73,79,79,79,46,46,50,50,50,50,10,80,56,56,58,31,31,31,31,31,31,31,0],"gold":52,"neow_bonus":"THREE_ENEMY_KILL","is_prod":false,"is_daily":false,"chose_seed":false,"campfire_upgraded":7,"win_rate":0,"timestamp":1562037124,"path_taken":["M","?","M","$","?","R","M","R","T","E","R","M","?","$","R","BOSS","M","$","M","?","?","R","?","R","T","R","M"],"build_version":"2019-07-01","purchased_purges":0,"victory":false,"max_hp_per_floor":[80,80,80,80,80,80,80,80,80,80,80,80,80,80,80,80,80,80,80,80,80,80,80,80,80,80,80,80],"card_choices":[{"not_picked":["Headbutt","Searing Blow"],"picked":"Combust","floor":1},{"not_picked":["Clash","Pommel Strike","True Grit"],"picked":"SKIP","floor":3},{"not_picked":["Shrug It Off","Flame Barrier","Rage"],"picked":"SKIP","floor":7},{"not_picked":["Brutality","Corruption"],"picked":"Pummel","floor":10},{"not_picked":["Twin Strike","Clash"],"picked":"Carnage","floor":12},{"not_picked":["Immolate","Reaper"],"picked":"Brutality","floor":16},{"not_picked":["Flex","Iron Wave+1"],"picked":"Sword Boomerang","floor":18},{"not_picked":["Pommel Strike","Anger"],"picked":"Inflame","floor":20},{"not_picked":["Clothesline+1","Iron Wave"],"picked":"Rupture","floor":21}],"player_experience":107676,"relics_obtained":[{"floor":9,"key":"Omamori"},{"floor":10,"key":"Boot"},{"floor":26,"key":"Question Card"}],"event_choices":[{"cards_removed":["Defend_R"],"damage_healed":0,"gold_gain":0,"player_choice":"Card Removal","damage_taken":0,"max_hp_gain":0,"max_hp_loss":0,"event_name":"The Cleric","floor":2,"gold_loss":50},{"cards_removed":["Defend_R"],"damage_healed":0,"gold_gain":0,"player_choice":"Card Removal","damage_taken":7,"max_hp_gain":0,"max_hp_loss":0,"event_name":"Golden Wing","floor":5,"gold_loss":0},{"damage_healed":0,"gold_gain":0,"player_choice":"Ignored","damage_taken":0,"max_hp_gain":0,"max_hp_loss":0,"event_name":"Ghosts","floor":22,"gold_loss":0},{"damage_healed":0,"gold_gain":0,"player_choice":"Bought 0 Potions","damage_taken":0,"max_hp_gain":0,"max_hp_loss":0,"event_name":"The Woman in Blue","floor":24,"gold_loss":0}],"is_beta":false,"boss_relics":[{"not_picked":["Cursed Key","Black Star"],"picked":"Sozu"}],"items_purged_floors":[],"is_endless":false,"potions_floor_spawned":[7,12,16,18],"killed_by":"Cultist and Chosen","ascension_level":2}