{"path_per_floor":["M","M","M","$","?","R","M","$","T","E","R","M","$","M","R","B",null,"M","?","M","M","?","R"],"character_chosen":"THE_SILENT","items_purchased":["Infinite Blades","Footwork","Backflip"],"gold_per_floor":[118,133,144,34,34,34,45,8,8,41,41,61,16,28,28,101,101,115,115,133,145,145,145,145],"floor_reached":24,"campfire_rested":2,"playtime":1199,"current_hp_per_floor":[55,45,44,44,31,31,31,31,31,3,22,22,22,10,29,17,54,47,47,45,31,31,31,0],"items_purged":["Strike_G"],"gold":145,"score":337,"play_id":"67b8b3f7-2a59-417f-91e0-8232dbbb82e8","local_time":"20180407002707","is_prod":false,"is_daily":false,"is_ascension_mode":true,"campfire_upgraded":2,"timestamp":1523053627,"path_taken":["M","?","M","$","?","R","M","$","T","E","R","?","$","M","R","BOSS","M","?","M","M","?","R","E"],"build_version":"2018-04-05v2","purchased_purges":1,"victory":false,"master_deck":["Defend_G+1","Defend_G","Defend_G","Defend_G","Defend_G","Strike_G","Strike_G","Strike_G","Strike_G+1","Survivor","Neutralize","AscendersBane","Slice","Deflect","Prepared+1","Cloak And Dagger","Dagger Throw","Noxious Fumes+1","Infinite Blades","Footwork","Escape Plan","Backflip","Die Die Die","Footwork","Well Laid Plans+1"],"max_hp_per_floor":[66,66,66,66,66,66,66,66,66,66,66,66,66,66,66,66,66,66,66,66,66,66,66,66],"relics":["Orrery","Tingsha","Happy Flower","Sozu","Omamori"],"card_choices":[{"not_picked":["Flying Knee","Malaise"],"picked":"Slice","floor":0},{"not_picked":["Dagger Throw","Acrobatics"],"picked":"Deflect","floor":0},{"not_picked":["Poisoned Stab","Reflex"],"picked":"Prepared","floor":0},{"not_picked":["Blade Dance","Choke"],"picked":"Cloak And Dagger","floor":1},{"not_picked":["Cloak And Dagger","Deadly Poison"],"picked":"Dagger Throw","floor":2},{"not_picked":["Riddle With Holes","Night Terror"],"picked":"Noxious Fumes","floor":3},{"not_picked":["Dodge and Roll","Deflect"],"picked":"Escape Plan","floor":12},{"not_picked":["Night Terror","Bullet Time"],"picked":"Die Die Die","floor":16},{"not_picked":["Flying Knee","Slice"],"picked":"Footwork","floor":18},{"not_picked":["Outmaneuver","Dash"],"picked":"Well Laid Plans","floor":20}],"player_experience":509478,"potions_floor_usage":[16,16],"damage_taken":[{"damage":4,"enemies":"Cultist","floor":1,"turns":5},{"damage":10,"enemies":"Jaw Worm","floor":2,"turns":5},{"damage":1,"enemies":"Small Slimes","floor":3,"turns":4},{"damage":0,"enemies":"Exordium Wildlife","floor":7,"turns":4},{"damage":28,"enemies":"Gremlin Nob","floor":10,"turns":5},{"damage":0,"enemies":"Exordium Thugs","floor":12,"turns":5},{"damage":12,"enemies":"Large Slime","floor":14,"turns":6},{"damage":12,"enemies":"The Guardian","floor":16,"turns":11},{"damage":7,"enemies":"Chosen","floor":18,"turns":5},{"damage":2,"enemies":"Spheric Guardian","floor":20,"turns":5},{"damage":14,"enemies":"Centurion and Healer","floor":21,"turns":8},{"damage":34,"enemies":"Book of Stabbing","floor":24,"turns":5}],"event_choices":[{"event_name":"Shining Light","player_choice":"Entered Light","floor":5,"damage_taken":0},{"event_name":"The Mausoleum","player_choice":"Yes","floor":19,"damage_taken":0},{"event_name":"Wheel of Change","player_choice":"Curse","floor":22,"damage_taken":0}],"boss_relics":[{"not_picked":["Black Star","Astrolabe"],"picked":"Sozu"}],"potions_floor_spawned":[7,10,12],"seed_played":"5292509894866307591","killed_by":"Book of Stabbing","ascension_level":14,"is_trial":false}