{"gold_per_floor":[361,361,361,361,286,286,163,163,163,163,175,205,205,221,221,322,322,341,72,72,86,86],"floor_reached":22,"playtime":770,"items_purged":["Strike_B","Defend_B"],"score":279,"play_id":"ad02d24c-355f-4056-8bf8-933ac0b38555","local_time":"20180809002758","is_ascension_mode":true,"campfire_choices":[{"data":"Dualcast","floor":6.0,"key":"SMITH"},{"data":"Coolheaded","floor":10.0,"key":"SMITH"},{"data":"Redo","floor":15.0,"key":"SMITH"}],"neow_cost":"TEN_PERCENT_HP_LOSS","seed_source_timestamp":478450336791003,"circlet_count":0,"master_deck":["Strike_B","Strike_B","Strike_B","Defend_B","Defend_B","Defend_B","Zap+1","Dualcast+1","AscendersBane","Coolheaded+1","Redo+1","Turbo","Barrage","Echo Form","Sunder","Loop","Fusion"],"special_seed":0,"relics":["Cracked Core","Boot","Letter Opener","Omamori","Nuclear Battery","ClockworkSouvenir"],"potions_floor_usage":[],"damage_taken":[{"damage":0.0,"enemies":"Small Slimes","floor":1.0,"turns":3.0},{"damage":0.0,"enemies":"Cultist","floor":11.0,"turns":3.0},{"damage":9.0,"enemies":"Lagavulin","floor":12.0,"turns":7.0},{"damage":4.0,"enemies":"2 Louse","floor":14.0,"turns":2.0},{"damage":25,"enemies":"Slime Boss","floor":16,"turns":14},{"damage":20,"enemies":"Spheric Guardian","floor":18,"turns":4},{"damage":5,"enemies":"Chosen","floor":21,"turns":3},{"damage":31,"enemies":"Snake Plant","floor":22,"turns":2}],"seed_played":"2351609948814849074","potions_obtained":[{"floor":14.0,"key":"SmokeBomb"},{"floor":18,"key":"PowerPotion"},{"floor":21,"key":"FairyPotion"}],"is_trial":false,"path_per_floor":["M","?","?","?","$","R","$","T","T","R","M","E","?","M","R","B",null,"M","$","?","M"],"character_chosen":"DEFECT","items_purchased":["Coolheaded","ClockworkSouvenir","Loop"],"campfire_rested":0,"item_purchase_floors":[7,19,19],"current_hp_per_floor":[68,68,68,68,68,68,68,68,68,68,68,59,59,55,55,30,59,39,39,27,22,0],"gold":86,"neow_bonus":"TWO_FIFTY_GOLD","is_prod":false,"is_daily":false,"chose_seed":false,"campfire_upgraded":3,"win_rate":0,"timestamp":1533767278,"path_taken":["M","?","?","?","$","R","$","?","T","R","M","E","?","M","R","BOSS","M","$","?","?","M"],"build_version":"2018-08-02","purchased_purges":2,"victory":false,"max_hp_per_floor":[68,68,68,68,68,68,68,68,68,68,68,68,68,68,68,68,68,68,68,73,73,73],"card_choices":[{"not_picked":["Gash","Barrage"],"picked":"Beam Cell","floor":1.0},{"not_picked":["Beam Cell","Lockon"],"picked":"Redo","floor":11.0},{"not_picked":["Aggregate","Ball Lightning"],"picked":"Turbo","floor":12.0},{"not_picked":["Rebound","Redo"],"picked":"Barrage","floor":14.0},{"not_picked":["Multi-Cast","Hyperbeam"],"picked":"Echo Form","floor":16},{"not_picked":["Beam Cell","Hologram+1"],"picked":"Sunder","floor":18},{"not_picked":["Go for the Eyes","Turbo"],"picked":"Fusion","floor":21}],"player_experience":606402,"relics_obtained":[{"floor":9.0,"key":"Letter Opener"},{"floor":12.0,"key":"Omamori"}],"event_choices":[{"event_name":"Upgrade Shrine","player_choice":"Upgraded","floor":2.0,"damage_taken":0.0},{"event_name":"Liars Game","player_choice":"disagreed","floor":3.0,"damage_taken":0.0},{"event_name":"WeMeetAgain","player_choice":"Card","floor":4.0,"damage_taken":0.0},{"event_name":"Scrap Ooze","player_choice":"unsuccessful","floor":13.0,"damage_taken":0.0},{"event_name":"Forgotten Altar","player_choice":"Shed Blood","floor":20,"damage_taken":0}],"is_beta":false,"boss_relics":[{"not_picked":["White Beast Statue","Velvet Choker"],"picked":"Nuclear Battery"}],"items_purged_floors":[5,7],"is_endless":false,"potions_floor_spawned":[14,18,21],"killed_by":"Snake Plant","ascension_level":11}