{"gold_per_floor":[114,114,114,114,124,159,129,129,129,47,47,66,83,165,165,263,263,279,194,210,210,230,259,259,259,341,341,341,361,395,414,414,514,514,534,263,0,17,29,57,57,85,110,130,130,159,159,172,172,172],"floor_reached":51,"playtime":3273,"items_purged":["Pain"],"score":873,"play_id":"a79ef6d8-5454-43ee-8a7f-0751cc0581f5","local_time":"20190629214924","is_ascension_mode":false,"campfire_choices":[{"floor":8.0,"key":"REST"},{"data":"Whirlwind","floor":11,"key":"SMITH"},{"data":"Rage","floor":15,"key":"SMITH"},{"data":"Demon Form","floor":24,"key":"SMITH"},{"data":"J.A.X.","floor":27,"key":"SMITH"},{"data":"Demon Form","floor":32,"key":"SMITH"},{"data":"Limit Break","floor":41,"key":"SMITH"},{"data":"Demon Form","floor":45,"key":"SMITH"},{"floor":49,"key":"REST"}],"neow_cost":"NONE","seed_source_timestamp":0,"circlet_count":0,"master_deck":["Defend_R","Defend_R","Defend_R","Bash","Feed","Rage+1","Feed","Second Wind","Whirlwind+1","Dramatic Entrance+1","Pommel Strike+1","Shrug It Off","Demon Form+1","Cleave+1","Cleave+1","Blood for Blood+1","Anger+1","Bite+1","Bite+1","Bite+1","Bite+1","Bite+1","Heavy Blade+1","Demon Form+1","J.A.X.+1","Metallicize","Demon Form+1","True Grit+1","Juggernaut","Shame","Decay","Anger+1","Inflame","Hemokinesis+1","Sever Soul+1","Thunderclap+1","Limit Break+1","Rage+1","Cleave+1","Clothesline+1","Combust+1"],"special_seed":0,"relics":["Burning Blood","Sundial","Matryoshka","Molten Egg 2","PreservedInsect","Sozu","Bag of Marbles","Letter Opener","Nloth\u0027s Gift","Charon\u0027s Ashes","Calling Bell","Bag of Preparation","Meat on the Bone","Incense Burner","Red Mask","Boot","Omamori","Red Skull","Bronze Scales"],"potions_floor_usage":[33],"damage_taken":[{"damage":5.0,"enemies":"2 Louse","floor":1.0,"turns":3.0},{"damage":11.0,"enemies":"Small Slimes","floor":5.0,"turns":3.0},{"damage":31.0,"enemies":"3 Sentries","floor":6.0,"turns":11.0},{"damage":1,"enemies":"Jaw Worm","floor":12,"turns":3},{"damage":3,"enemies":"Lots of Slimes","floor":13,"turns":2},{"damage":59,"enemies":"The Guardian","floor":16,"turns":12},{"damage":18,"enemies":"Chosen","floor":18,"turns":5},{"damage":0,"enemies":"2 Thieves","floor":20,"turns":3},{"damage":22,"enemies":"Snake Plant","floor":22,"turns":3},{"damage":38,"enemies":"Book of Stabbing","floor":23,"turns":4},{"damage":32,"enemies":"Snecko","floor":29,"turns":5},{"damage":10,"enemies":"Slavers","floor":30,"turns":2},{"damage":5,"enemies":"Sentry and Sphere","floor":31,"turns":3},{"damage":39,"enemies":"Automaton","floor":33,"turns":6},{"damage":12,"enemies":"Orb Walker","floor":35,"turns":3},{"damage":3,"enemies":"3 Shapes","floor":38,"turns":1},{"damage":16,"enemies":"Sphere and 2 Shapes","floor":39,"turns":3},{"damage":36,"enemies":"Nemesis","floor":40,"turns":5},{"damage":18,"enemies":"Giant Head","floor":42,"turns":5},{"damage":7,"enemies":"4 Shapes","floor":44,"turns":1},{"damage":28,"enemies":"Nemesis","floor":46,"turns":5},{"damage":0,"enemies":"3 Darklings","floor":48,"turns":1},{"damage":113,"enemies":"Awakened One","floor":50,"turns":9}],"seed_played":"3814188490527327791","potions_obtained":[{"floor":1.0,"key":"Dexterity Potion"},{"floor":6.0,"key":"Block Potion"},{"floor":7.0,"key":"AttackPotion"},{"floor":7.0,"key":"Fruit Juice"},{"floor":12,"key":"Regen Potion"}],"is_trial":false,"path_per_floor":["M","?","?","T","M","E","?","R","T","$","R","M","M","T","R","B",null,"M","$","M","?","M","E","R","?","T","R","?","M","E","M","R","B",null,"M","$","?","M","M","E","R","E","T","M","R","E","?","M","R","B",null],"character_chosen":"IRONCLAD","items_purchased":["Dramatic Entrance+1","Cleave+1","Blood for Blood+1","Inflame","Hemokinesis+1","Sever Soul+1"],"campfire_rested":2,"item_purchase_floors":[10,19,19,36,36,36],"current_hp_per_floor":[83,88,88,88,86,61,66,94,94,94,94,99,102,102,102,49,102,93,93,104,104,100,83,83,83,83,83,83,66,68,72,72,66,117,111,111,111,114,116,93,93,84,84,86,86,70,70,76,112,38],"gold":172,"neow_bonus":"ONE_RANDOM_RARE_CARD","is_prod":false,"is_daily":false,"chose_seed":false,"campfire_upgraded":7,"win_rate":0.0,"timestamp":1561859364,"path_taken":["M","?","?","?","?","E","?","R","T","$","R","M","?","?","R","BOSS","M","$","M","?","M","E","R","?","T","R","?","M","E","?","R","BOSS","M","$","?","M","M","E","R","E","T","M","R","E","?","?","R","BOSS"],"build_version":"2019-01-23","purchased_purges":1,"victory":true,"max_hp_per_floor":[83,88,88,88,91,91,96,96,96,96,96,99,102,102,102,102,102,105,105,108,108,111,114,114,114,114,114,114,114,117,117,117,117,117,117,117,117,117,120,120,120,120,120,120,120,120,120,120,120,123],"card_choices":[{"not_picked":["Reckless Charge","Twin Strike"],"picked":"Rage","floor":1.0},{"not_picked":["Body Slam","Sword Boomerang"],"picked":"Second Wind","floor":5.0},{"not_picked":["Clash","Iron Wave"],"picked":"Whirlwind","floor":6.0},{"not_picked":["Flex","Power Through"],"picked":"Pommel Strike+1","floor":12},{"not_picked":["Flex","True Grit"],"picked":"Shrug It Off","floor":13},{"not_picked":["Brutality","Double Tap"],"picked":"Demon Form","floor":16},{"not_picked":["Shrug It Off","Clash+1"],"picked":"Cleave+1","floor":18},{"not_picked":["Hemokinesis+1","Infernal Blade"],"picked":"Anger+1","floor":20},{"not_picked":["Thunderclap+1","Body Slam+1"],"picked":"Heavy Blade+1","floor":22},{"not_picked":["Disarm+1","Pummel+1"],"picked":"Demon Form","floor":23},{"not_picked":["Feel No Pain","Iron Wave+1"],"picked":"Metallicize","floor":29},{"not_picked":["Warcry","Thunderclap+1"],"picked":"Demon Form","floor":30},{"not_picked":["Clash+1","Perfected Strike+1"],"picked":"True Grit+1","floor":31},{"not_picked":["Fiend Fire+1","Dark Embrace"],"picked":"Juggernaut","floor":33},{"not_picked":["Rupture+1","Intimidate"],"picked":"Anger+1","floor":35},{"not_picked":["Shrug It Off","Iron Wave+1"],"picked":"Thunderclap+1","floor":38},{"not_picked":["Armaments+1","Thunderclap+1"],"picked":"Juggernaut","floor":39},{"not_picked":["Offering","Pommel Strike+1"],"picked":"Limit Break","floor":40},{"not_picked":["Offering","Sword Boomerang+1"],"picked":"Rage+1","floor":42},{"not_picked":["Ghostly Armor","True Grit+1"],"picked":"Cleave+1","floor":44},{"not_picked":["Whirlwind+1","Armaments"],"picked":"Clothesline+1","floor":46},{"not_picked":["Entrench","Pommel Strike+1"],"picked":"Combust+1","floor":48}],"player_experience":17778,"relics_obtained":[{"floor":4.0,"key":"Sundial"},{"floor":6.0,"key":"Matryoshka"},{"floor":9.0,"key":"Blood Vial"},{"floor":9.0,"key":"Molten Egg 2"},{"floor":14,"key":"PreservedInsect"},{"floor":14,"key":"Darkstone Periapt"},{"floor":23,"key":"Bag of Marbles"},{"floor":26,"key":"Letter Opener"},{"floor":30,"key":"Charon\u0027s Ashes"},{"floor":34,"key":"Bag of Preparation"},{"floor":34,"key":"Meat on the Bone"},{"floor":34,"key":"Incense Burner"},{"floor":40,"key":"Boot"},{"floor":42,"key":"Omamori"},{"floor":43,"key":"Red Skull"},{"floor":46,"key":"Bronze Scales"}],"event_choices":[{"damage_healed":0.0,"max_hp_gain":5.0,"max_hp_loss":0.0,"gold_gain":0.0,"event_name":"Big Fish","player_choice":"Donut","floor":2.0,"gold_loss":0.0,"damage_taken":0.0},{"damage_healed":0.0,"max_hp_gain":0.0,"max_hp_loss":0.0,"gold_gain":0.0,"cards_transformed":["Defend_R"],"event_name":"Living Wall","player_choice":"Change","floor":3.0,"gold_loss":0.0,"damage_taken":0.0,"cards_obtained":["Feed"]},{"damage_healed":0.0,"max_hp_gain":0.0,"max_hp_loss":0.0,"gold_gain":0.0,"event_name":"The Woman in Blue","player_choice":"Bought 2 Potions","floor":7.0,"gold_loss":0.0,"damage_taken":0.0},{"damage_healed":0,"gold_gain":0,"player_choice":"Became a vampire (Vial)","damage_taken":0,"max_hp_gain":0,"max_hp_loss":0,"event_name":"Vampires","floor":21,"relics_lost":["Blood Vial"],"gold_loss":0,"cards_obtained":["Bite","Bite","Bite","Bite","Bite"]},{"damage_healed":0,"gold_gain":0,"player_choice":"Obtain J.A.X.","damage_taken":0,"max_hp_gain":0,"max_hp_loss":0,"event_name":"Drug Dealer","floor":25,"gold_loss":0,"cards_obtained":["J.A.X."]},{"damage_healed":0,"gold_gain":0,"player_choice":"Traded Relic","damage_taken":0,"relics_obtained":["Nloth\u0027s Gift"],"max_hp_gain":0,"max_hp_loss":0,"event_name":"N\u0027loth","floor":28,"relics_lost":["Darkstone Periapt"],"gold_loss":0},{"damage_healed":0,"gold_gain":0,"player_choice":"Paid","damage_taken":0,"relics_obtained":["Red Mask"],"max_hp_gain":0,"max_hp_loss":0,"event_name":"Tomb of Lord Red Mask","floor":37,"gold_loss":263},{"cards_removed":["Juggernaut"],"damage_healed":0,"gold_gain":0,"player_choice":"Removed Power","damage_taken":0,"max_hp_gain":0,"max_hp_loss":0,"event_name":"Falling","floor":47,"gold_loss":0}],"is_beta":false,"boss_relics":[{"not_picked":["Black Star","Empty Cage"],"picked":"Sozu"},{"not_picked":["Tiny House","Runic Cube"],"picked":"Calling Bell"}],"items_purged_floors":[36],"is_endless":false,"potions_floor_spawned":[1,6,12,13,23,33,38,39,40,46],"ascension_level":0}