{"gold_per_floor":[117,117,38,58,233,261,261,261,261,261,261],"floor_reached":11,"playtime":297,"items_purged":[],"score":68,"play_id":"e288cb19-ee4c-4e4f-901c-2914afe5588d","local_time":"20190728171141","is_ascension_mode":false,"campfire_choices":[{"data":"1","floor":8,"key":"LIFT"}],"neow_cost":"CURSE","seed_source_timestamp":1548779367092100,"circlet_count":0,"master_deck":["Strike_R","Strike_R","Strike_R","Strike_R","Strike_R","Defend_R","Defend_R","Defend_R","Defend_R","Bash+1","Normality","Combust","Heavy Blade","Doubt"],"relics":["Burning Blood","WingedGreaves","Girya","Pen Nib","Lantern","Spirit Poop"],"potions_floor_usage":[6],"damage_taken":[{"damage":0,"enemies":"Small Slimes","floor":1,"turns":3},{"damage":2,"enemies":"Cultist","floor":4,"turns":3},{"damage":44,"enemies":"Lagavulin","floor":6,"turns":6},{"damage":43,"enemies":"3 Sentries","floor":11,"turns":6}],"seed_played":"-1779269751149653640","potions_obtained":[{"floor":1,"key":"SteroidPotion"}],"is_trial":false,"path_per_floor":["M","?","$","M","?","E","?","R","T","?","E"],"character_chosen":"IRONCLAD","items_purchased":["Combust"],"campfire_rested":0,"item_purchase_floors":[3],"current_hp_per_floor":[80,80,80,80,80,42,42,42,42,42,0],"gold":261,"neow_bonus":"ONE_RARE_RELIC","is_prod":false,"is_daily":false,"chose_seed":false,"campfire_upgraded":0,"win_rate":0,"timestamp":1564351901,"path_taken":["M","?","?","?","?","E","?","R","T","?","E"],"build_version":"2019-07-17","purchased_purges":0,"victory":false,"max_hp_per_floor":[80,80,80,80,80,80,80,80,80,80,80],"card_choices":[{"not_picked":["Rage","Havoc","Anger"],"picked":"SKIP","floor":1},{"not_picked":["Armaments","Anger"],"picked":"Heavy Blade","floor":4},{"not_picked":["Ghostly Armor","Reckless Charge","Sword Boomerang"],"picked":"SKIP","floor":6}],"player_experience":821680,"relics_obtained":[{"floor":6,"key":"Girya"},{"floor":9,"key":"Lantern"}],"event_choices":[{"damage_healed":0,"gold_gain":0,"player_choice":"Upgraded","damage_taken":0,"max_hp_gain":0,"max_hp_loss":0,"event_name":"Upgrade Shrine","floor":2,"gold_loss":0,"cards_upgraded":["Bash"]},{"damage_healed":0,"gold_gain":175,"player_choice":"AGREE","damage_taken":0,"max_hp_gain":0,"max_hp_loss":0,"event_name":"Liars Game","floor":5,"gold_loss":0,"cards_obtained":["Doubt"]},{"damage_healed":0,"gold_gain":0,"player_choice":"Box","damage_taken":0,"relics_obtained":["Pen Nib"],"max_hp_gain":0,"max_hp_loss":0,"event_name":"Big Fish","floor":7,"gold_loss":0,"cards_obtained":["Regret"]},{"cards_removed":["Regret"],"damage_healed":0,"gold_gain":0,"player_choice":"Offered Curse","damage_taken":0,"relics_obtained":["Spirit Poop"],"max_hp_gain":0,"max_hp_loss":0,"event_name":"Bonfire Elementals","floor":10,"gold_loss":0}],"is_beta":false,"boss_relics":[],"items_purged_floors":[],"is_endless":false,"potions_floor_spawned":[1],"killed_by":"3 Sentries","ascension_level":0}