{"gold_per_floor":[116,130,130,146,163,163,195,195,266,38,53,53,53,63,63,168,168,182,182,202,127,127,127,155,155,155,155,170,188,188,213,213,311,311,322,322,340,1339,1339,1339,1355,1372,1396,1396,1409,430,445,445,445,445],"floor_reached":50,"playtime":2248,"items_purged":["Strike_G","Strike_G"],"score":663,"play_id":"3d15371e-6753-40c1-9fd3-d65d85b8a148","local_time":"20190729195620","is_ascension_mode":true,"campfire_choices":[{"data":"Poisoned Stab","floor":6,"key":"SMITH"},{"data":"Glass Knife","floor":8,"key":"SMITH"},{"data":"Footwork","floor":15,"key":"SMITH"},{"floor":23,"key":"RECALL"},{"floor":25,"key":"REST"},{"data":"Bouncing Flask","floor":30,"key":"SMITH"},{"floor":32,"key":"REST"},{"data":"Glass Knife","floor":40,"key":"SMITH"},{"floor":44,"key":"REST"},{"data":"Envenom","floor":49,"key":"SMITH"}],"neow_cost":"NONE","seed_source_timestamp":1558970665633264,"circlet_count":0,"master_deck":["Defend_G","Defend_G","Defend_G","Defend_G","Defend_G","Survivor","Neutralize","Footwork+1","Leg Sweep","Poisoned Stab+1","Glass Knife+1","Noxious Fumes+1","Glass Knife+1","PiercingWail+1","Noxious Fumes+1","Bouncing Flask+1","Corpse Explosion+1","Glass Knife","Envenom+1","Thinking Ahead+1","Jack Of All Trades+1"],"relics":["Ring of the Snake","Turnip","Snake Skull","Ninja Scroll","Anchor","Empty Cage","MutagenicStrength","Thread and Needle","Toxic Egg 2","HoveringKite","Lantern","Bottled Flame","Medical Kit","Bag of Marbles"],"potions_floor_usage":[7,29,31,31,47,50],"damage_taken":[{"damage":0,"enemies":"Small Slimes","floor":1,"turns":3},{"damage":0,"enemies":"Cultist","floor":2,"turns":4},{"damage":0,"enemies":"2 Louse","floor":4,"turns":7},{"damage":22,"enemies":"Large Slime","floor":5,"turns":11},{"damage":13,"enemies":"3 Sentries","floor":7,"turns":10},{"damage":4,"enemies":"Blue Slaver","floor":11,"turns":3},{"damage":1,"enemies":"Exordium Thugs","floor":14,"turns":3},{"damage":0,"enemies":"Hexaghost","floor":16,"turns":8},{"damage":0,"enemies":"Chosen","floor":18,"turns":3},{"damage":12,"enemies":"Shell Parasite","floor":20,"turns":4},{"damage":57,"enemies":"Gremlin Leader","floor":24,"turns":5},{"damage":0,"enemies":"Centurion and Healer","floor":28,"turns":4},{"damage":10,"enemies":"Shelled Parasite and Fungi","floor":29,"turns":5},{"damage":21,"enemies":"Slavers","floor":31,"turns":4},{"damage":20,"enemies":"Automaton","floor":33,"turns":9},{"damage":10,"enemies":"3 Darklings","floor":35,"turns":4},{"damage":7,"enemies":"3 Shapes","floor":37,"turns":4},{"damage":41,"enemies":"Spire Growth","floor":41,"turns":5},{"damage":2,"enemies":"Transient","floor":42,"turns":5},{"damage":3,"enemies":"4 Shapes","floor":45,"turns":3},{"damage":6,"enemies":"Spire Growth","floor":47,"turns":3},{"damage":91,"enemies":"Time Eater","floor":50,"turns":10}],"seed_played":"1788311774389157349","potions_obtained":[{"floor":2,"key":"Energy Potion"},{"floor":5,"key":"EssenceOfSteel"},{"floor":7,"key":"EssenceOfSteel"},{"floor":16,"key":"Regen Potion"},{"floor":28,"key":"AttackPotion"},{"floor":31,"key":"Energy Potion"},{"floor":33,"key":"LiquidBronze"},{"floor":37,"key":"GhostInAJar"},{"floor":41,"key":"GhostInAJar"},{"floor":47,"key":"SteroidPotion"}],"is_trial":false,"path_per_floor":["M","M","?","M","M","R","E","R","T","$","M","?","?","M","R","B",null,"M","?","M","$","?","R","E","R","T","?","M","M","R","E","R","B",null,"M","?","M","?","?","R","M","M","T","R","M","$","M","?","R","B"],"character_chosen":"THE_SILENT","items_purchased":["Anchor","Noxious Fumes","Bottled Flame","Medical Kit","Bag of Marbles","Thinking Ahead+1","Jack Of All Trades+1"],"campfire_rested":3,"item_purchase_floors":[10,10,46,46,46,46,46],"current_hp_per_floor":[77,77,77,77,55,55,42,42,42,42,38,38,31,30,30,30,77,77,77,65,65,65,65,8,31,31,31,31,35,35,14,37,17,77,67,67,60,60,60,60,19,17,17,40,37,37,31,67,67,0],"gold":445,"neow_bonus":"TEN_PERCENT_HP_BONUS","is_prod":false,"is_daily":false,"chose_seed":false,"campfire_upgraded":6,"win_rate":0,"timestamp":1564444580,"path_taken":["M","M","?","?","M","R","E","R","T","$","M","?","?","M","R","BOSS","M","?","M","$","?","R","E","R","T","?","M","M","R","E","R","BOSS","M","?","M","?","?","R","M","?","T","R","M","$","M","?","R","BOSS"],"build_version":"2019-07-17","purchased_purges":2,"victory":false,"max_hp_per_floor":[77,77,77,77,77,77,77,77,77,77,77,77,77,77,77,77,77,77,77,77,77,77,77,77,77,77,77,77,77,77,77,77,77,77,77,77,77,77,77,77,77,77,77,77,77,77,77,67,67,67],"card_choices":[{"not_picked":["Flying Knee","Cloak And Dagger"],"picked":"Footwork","floor":1},{"not_picked":["Well Laid Plans","Tactician"],"picked":"Leg Sweep","floor":2},{"not_picked":["Setup","Caltrops"],"picked":"Deadly Poison","floor":4},{"not_picked":["Accuracy","Underhanded Strike"],"picked":"Poisoned Stab","floor":5},{"not_picked":["Deadly Poison","Escape Plan"],"picked":"Glass Knife","floor":7},{"not_picked":["Dagger Spray","Bane","Sucker Punch"],"picked":"SKIP","floor":11},{"not_picked":["Cloak And Dagger","Terror","Dodge and Roll"],"picked":"SKIP","floor":14},{"not_picked":["Unload","Envenom"],"picked":"Glass Knife","floor":16},{"not_picked":["All Out Attack","Deflect"],"picked":"PiercingWail+1","floor":18},{"not_picked":["Eviscerate","Tactician+1","Dagger Throw"],"picked":"SKIP","floor":20},{"not_picked":["Eviscerate+1","Outmaneuver","Concentrate+1"],"picked":"SKIP","floor":24},{"not_picked":["Quick Slash","Slice","Dagger Throw"],"picked":"SKIP","floor":28},{"not_picked":["Dodge and Roll","Skewer"],"picked":"Bouncing Flask","floor":29},{"not_picked":["Endless Agony+1","Slice+1"],"picked":"Corpse Explosion","floor":31},{"not_picked":["Storm of Steel+1","Malaise+1"],"picked":"Glass Knife","floor":33},{"not_picked":["Cloak And Dagger+1","Dagger Throw","Skewer"],"picked":"SKIP","floor":35},{"not_picked":["Dagger Spray","Outmaneuver+1","Blade Dance+1"],"picked":"SKIP","floor":37},{"not_picked":["Reflex+1","Outmaneuver+1","Eviscerate"],"picked":"SKIP","floor":41},{"not_picked":["Expertise+1","Leg Sweep+1","Flying Knee+1"],"picked":"SKIP","floor":42},{"not_picked":["Deadly Poison+1","Masterful Stab"],"picked":"Envenom","floor":45},{"not_picked":["Outmaneuver+1","Slice","Backflip+1"],"picked":"SKIP","floor":47}],"player_experience":215636,"relics_obtained":[{"floor":7,"key":"Snake Skull"},{"floor":9,"key":"Ninja Scroll"},{"floor":24,"key":"Thread and Needle"},{"floor":31,"key":"Toxic Egg 2"},{"floor":43,"key":"Lantern"}],"event_choices":[{"damage_healed":0,"gold_gain":0,"player_choice":"Gave Potion","damage_taken":0,"relics_obtained":["Turnip"],"max_hp_gain":0,"max_hp_loss":0,"event_name":"WeMeetAgain","floor":3,"gold_loss":0},{"damage_healed":0,"gold_gain":0,"player_choice":"Grow","damage_taken":0,"max_hp_gain":0,"max_hp_loss":0,"event_name":"Living Wall","floor":12,"gold_loss":0,"cards_upgraded":["Noxious Fumes"]},{"cards_removed":["Strike_G"],"damage_healed":0,"gold_gain":0,"player_choice":"Card Removal","damage_taken":7,"max_hp_gain":0,"max_hp_loss":0,"event_name":"Golden Wing","floor":13,"gold_loss":0},{"damage_healed":0,"gold_gain":0,"player_choice":"Inject Mutagens","damage_taken":0,"relics_obtained":["MutagenicStrength"],"max_hp_gain":0,"max_hp_loss":0,"event_name":"Drug Dealer","floor":19,"gold_loss":0},{"damage_healed":0,"gold_gain":0,"player_choice":"Ignored","damage_taken":0,"max_hp_gain":0,"max_hp_loss":0,"event_name":"Vampires","floor":22,"gold_loss":0},{"damage_healed":0,"gold_gain":0,"player_choice":"Copied","damage_taken":0,"max_hp_gain":0,"max_hp_loss":0,"event_name":"Duplicator","floor":27,"gold_loss":0,"cards_obtained":["Noxious Fumes"]},{"cards_removed":["Deadly Poison"],"damage_healed":0,"gold_gain":0,"player_choice":"Removed Skill","damage_taken":0,"max_hp_gain":0,"max_hp_loss":0,"event_name":"Falling","floor":36,"gold_loss":0},{"damage_healed":0,"gold_gain":999,"player_choice":"Gold","damage_taken":0,"max_hp_gain":0,"max_hp_loss":0,"event_name":"MindBloom","floor":38,"gold_loss":0,"cards_obtained":["Normality","Normality"]},{"cards_removed":["Normality","Normality"],"damage_healed":0,"gold_gain":0,"player_choice":"Removed Curses","damage_taken":0,"max_hp_gain":0,"max_hp_loss":0,"event_name":"Fountain of Cleansing","floor":39,"gold_loss":0},{"damage_healed":67,"gold_gain":0,"player_choice":"Heal","damage_taken":0,"max_hp_gain":0,"max_hp_loss":10,"event_name":"The Moai Head","floor":48,"gold_loss":0}],"is_beta":false,"boss_relics":[{"not_picked":["Ectoplasm","Tiny House"],"picked":"Empty Cage"},{"not_picked":["White Beast Statue","Runic Pyramid"],"picked":"HoveringKite"}],"items_purged_floors":[21,46],"is_endless":false,"potions_floor_spawned":[2,5,7,16,28,31,33,37,41,47],"killed_by":"Time Eater","ascension_level":4}