{"path_per_floor":["M","M","?","$","$","R","$","M","T","?","R","M","R","M","R","B",null,"M","M","$","T","?"],"character_chosen":"THE_SILENT","items_purchased":["Trip"],"gold_per_floor":[115,134,84,9,9,9,9,28,28,28,28,45,45,55,55,159,159,169,180,90,116,116],"floor_reached":23,"campfire_rested":0,"playtime":1083,"current_hp_per_floor":[62,61,61,61,61,61,61,61,61,54,54,54,54,37,37,2,51,48,28,28,28,28],"items_purged":["Defend_G"],"gold":116,"score":286,"play_id":"0f22b4a5-12e6-4714-a414-0f806a7cf027","local_time":"20180319010713","is_prod":false,"is_daily":false,"is_ascension_mode":true,"campfire_upgraded":1,"timestamp":1521418033,"path_taken":["M","M","?","?","$","R","$","?","T","?","R","M","R","M","R","BOSS","M","?","$","?","?","E"],"build_version":"2018-03-15v3","purchased_purges":1,"victory":false,"master_deck":["Defend_G","Defend_G","Defend_G","Defend_G","Strike_G","Strike_G","Strike_G","Survivor","Neutralize+1","Dash","Infinite Blades","Backflip","Unload","Backflip+1","Trip"],"max_hp_per_floor":[67,67,67,67,67,67,67,67,67,67,67,67,67,67,67,67,67,67,67,67,67,67],"relics":["Ring of the Snake","Shovel","Bag of Marbles","Pantograph","Orichalcum","Question Card","Blood Vial","Ornamental Fan"],"card_choices":[{"not_picked":["Calculated Gamble","Setup"],"picked":"Dash"},{"not_picked":["Corpse Explosion","Skewer"],"picked":"Infinite Blades"},{"not_picked":["Riddle With Holes","Quick Slash"],"picked":"Backflip"},{"not_picked":["Envenom","Phantasmal Killer"],"picked":"Unload"},{"not_picked":["Dagger Throw","Deadly Poison","Slice"],"picked":"Backflip"}],"player_experience":425432,"potions_floor_usage":[14,16,16,23],"damage_taken":[{"damage":1,"enemies":"Jaw Worm","floor":1,"turns":4},{"damage":1,"enemies":"Cultist","floor":2,"turns":4},{"damage":0,"enemies":"2 Louse","floor":8,"turns":2},{"damage":0,"enemies":"Red Slaver","floor":12,"turns":3},{"damage":17,"enemies":"Gremlin Gang","floor":14,"turns":5},{"damage":60,"enemies":"Slime Boss","floor":16,"turns":19},{"damage":3,"enemies":"Chosen","floor":18,"turns":6},{"damage":20,"enemies":"Spheric Guardian","floor":19,"turns":6},{"damage":36,"enemies":"Gremlin Leader","floor":23,"turns":5}],"event_choices":[{"event_name":"The Cleric","player_choice":"Card Removal","floor":3,"damage_taken":0},{"event_name":"Golden Wing","player_choice":"Card Removal","floor":10,"damage_taken":0},{"event_name":"Wheel of Change","player_choice":"Relic","floor":22,"damage_taken":0}],"boss_relics":[{"not_picked":["Runic Pyramid","Snecko Eye"],"picked":"Question Card"}],"potions_floor_spawned":[1,2,14,16,19],"seed_played":"-6032441810260331073","killed_by":"Gremlin Leader","ascension_level":12,"is_trial":false}