{"path_per_floor":["M","?","?","?","M","R","$","E","T","M","R","M","M","$","R"],"character_chosen":"DEFECT","items_purchased":["Conserve Battery"],"gold_per_floor":[110,110,110,110,130,130,55,91,91,104,104,129,149,26,26,26],"floor_reached":16,"campfire_rested":0,"playtime":451,"item_purchase_floors":[],"current_hp_per_floor":[63,68,68,48,46,46,46,28,28,29,29,23,17,17,17,0],"items_purged":["Strike_B","Defend_B"],"gold":26,"score":140,"play_id":"59add7b4-e49f-4604-855d-13d13a4762d3","local_time":"20180609174408","is_prod":false,"is_daily":false,"chose_seed":false,"is_ascension_mode":true,"campfire_upgraded":3,"win_rate":0,"timestamp":1528559048,"campfire_choices":[{"data":"Zap","floor":6.0,"key":"SMITH"},{"data":"Dualcast","floor":11.0,"key":"SMITH"},{"data":"Coolheaded","floor":15.0,"key":"SMITH"}],"path_taken":["M","?","?","?","M","R","$","E","T","?","R","M","M","$","R","BOSS"],"build_version":"2018-06-07v3","seed_source_timestamp":126065154049333,"purchased_purges":2,"victory":false,"master_deck":["Strike_B","Strike_B","Strike_B","Defend_B","Defend_B","Defend_B","Zap+1","Dualcast+1","Compile Driver","Coolheaded+1","Conserve Battery"],"max_hp_per_floor":[75,80,80,80,82,82,82,84,84,86,86,86,88,88,88,88],"relics":["Cracked Core","Singing Bowl","Golden Idol","Ice Cream"],"card_choices":[{"not_picked":["Scrape","Redo"],"picked":"Compile Driver","floor":1.0},{"not_picked":["Redo","Beam Cell","Streamline"],"picked":"Singing Bowl","floor":5.0},{"not_picked":["Lockon","Scrape","Beam Cell"],"picked":"Singing Bowl","floor":8.0},{"not_picked":["Compile Driver","Beam Cell","Darkness"],"picked":"Singing Bowl","floor":10.0},{"not_picked":["Streamline","Go for the Eyes"],"picked":"Coolheaded","floor":12.0},{"not_picked":["Storm","Fission","Darkness"],"picked":"Singing Bowl","floor":13.0}],"player_experience":566387,"potions_floor_usage":[16],"damage_taken":[{"damage":5.0,"enemies":"Small Slimes","floor":1.0,"turns":3.0},{"damage":4.0,"enemies":"2 Louse","floor":5.0,"turns":2.0},{"damage":20.0,"enemies":"Gremlin Nob","floor":8.0,"turns":4.0},{"damage":1.0,"enemies":"Cultist","floor":10.0,"turns":3.0},{"damage":6.0,"enemies":"2 Fungi Beasts","floor":12.0,"turns":3.0},{"damage":8.0,"enemies":"Exordium Wildlife","floor":13.0,"turns":4.0},{"damage":23,"enemies":"Hexaghost","floor":16,"turns":11}],"relics_obtained":[{"floor":8.0,"key":"Ice Cream"}],"event_choices":[{"event_name":"Big Fish","player_choice":"Donut","floor":2.0,"damage_taken":0.0},{"event_name":"Liars Game","player_choice":"disagreed","floor":3.0,"damage_taken":0.0},{"event_name":"Golden Idol","player_choice":"Take Damage","floor":4.0,"damage_taken":0.0}],"boss_relics":[],"items_purged_floors":[],"potions_floor_spawned":[5,10],"seed_played":"8079960349125985658","killed_by":"Hexaghost","ascension_level":8,"potions_obtained":[{"floor":5.0,"key":"SkillPotion"},{"floor":10.0,"key":"SpeedPotion"}],"is_trial":false}