{"gold_per_floor":[119,46,221,1,76,76,76,94,146,146,96,96,96,159,159,260,260,275,294,309,309,325,353,353,383,409,409],"floor_reached":27,"playtime":884,"items_purged":["Doubt"],"score":237,"play_id":"4735e806-d416-4d64-97f8-34eba420389d","local_time":"20190712002614","is_ascension_mode":false,"campfire_choices":[{"data":"Melter","floor":6,"key":"SMITH"},{"data":"Ball Lightning","floor":10,"key":"SMITH"},{"data":"Zap","floor":12,"key":"SMITH"},{"data":"Melter","floor":15,"key":"SMITH"},{"floor":24,"key":"REST"}],"neow_cost":"NONE","seed_source_timestamp":21312892993829,"circlet_count":0,"master_deck":["Strike_B+1","Defend_B","Defend_B","Defend_B","Defend_B+1","Zap+1","Dualcast","Ball Lightning+1","Melter+1","Chaos+1","Melter+1","Biased Cognition","Tempest","Capacitor+1","Conserve Battery+1","Amplify"],"relics":["Cracked Core","Juzu Bracelet","War Paint","Whetstone","Black Star","Cables","StoneCalendar","Bag of Marbles","Boot","Happy Flower"],"potions_floor_usage":[19,25,25],"damage_taken":[{"damage":1,"enemies":"Jaw Worm","floor":1,"turns":3},{"damage":0,"enemies":"Small Slimes","floor":8,"turns":2},{"damage":18,"enemies":"Lagavulin Event","floor":14,"turns":4},{"damage":19,"enemies":"Hexaghost","floor":16,"turns":8},{"damage":0,"enemies":"Spheric Guardian","floor":18,"turns":1},{"damage":22,"enemies":"2 Thieves","floor":19,"turns":3},{"damage":18,"enemies":"Shelled Parasite and Fungi","floor":20,"turns":4},{"damage":16,"enemies":"Cultist and Chosen","floor":22,"turns":5},{"damage":22,"enemies":"Gremlin Leader","floor":23,"turns":5},{"damage":14,"enemies":"Slavers","floor":25,"turns":5},{"damage":17,"enemies":"Centurion and Healer","floor":27,"turns":3}],"seed_played":"4312332313320998595","potions_obtained":[{"floor":14,"key":"Explosive Potion"},{"floor":19,"key":"FearPotion"},{"floor":20,"key":"Block Potion"}],"is_trial":false,"path_per_floor":["M","$","?","$","?","R","?","M","T","R","?","R","?","?","R","B",null,"M","M","M","?","M","E","R","E","T","M"],"character_chosen":"DEFECT","items_purchased":["Melter","Juzu Bracelet"],"campfire_rested":1,"item_purchase_floors":[2,4],"current_hp_per_floor":[81,81,81,81,70,70,70,70,70,70,70,70,63,45,45,26,82,82,60,42,42,26,4,28,14,14,0],"gold":409,"neow_bonus":"TEN_PERCENT_HP_BONUS","is_prod":false,"is_daily":false,"chose_seed":false,"campfire_upgraded":4,"win_rate":0,"timestamp":1562905574,"path_taken":["M","$","?","$","?","R","?","M","T","R","?","R","?","?","R","BOSS","M","M","M","?","M","E","R","E","T","M"],"build_version":"2019-07-05","purchased_purges":1,"victory":false,"max_hp_per_floor":[82,82,82,82,82,82,82,82,82,82,82,82,82,82,82,82,82,82,82,82,82,82,82,82,82,82,82],"card_choices":[{"not_picked":["Turbo","Barrage"],"picked":"Ball Lightning","floor":1},{"not_picked":["Turbo","Rebound"],"picked":"Chaos","floor":8},{"not_picked":["Leap","Go for the Eyes"],"picked":"Melter","floor":14},{"not_picked":["Buffer","Thunder Strike"],"picked":"Biased Cognition","floor":16},{"not_picked":["Rebound+1","Turbo","Go for the Eyes"],"picked":"SKIP","floor":18},{"not_picked":["Steam Power","Steam+1","Lockon"],"picked":"SKIP","floor":19},{"not_picked":["Glacier","Steam"],"picked":"Tempest","floor":20},{"not_picked":["Lockon+1","Steam Power"],"picked":"Capacitor+1","floor":22},{"not_picked":["Aggregate","Go for the Eyes"],"picked":"Conserve Battery+1","floor":23},{"not_picked":["Reboot","Barrage+1"],"picked":"Amplify","floor":25}],"player_experience":141156,"relics_obtained":[{"floor":9,"key":"War Paint"},{"floor":14,"key":"Whetstone"},{"floor":23,"key":"Cables"},{"floor":23,"key":"StoneCalendar"},{"floor":25,"key":"Bag of Marbles"},{"floor":25,"key":"Boot"},{"floor":26,"key":"Happy Flower"}],"event_choices":[{"damage_healed":0,"gold_gain":175,"player_choice":"AGREE","damage_taken":0,"max_hp_gain":0,"max_hp_loss":0,"event_name":"Liars Game","floor":3,"gold_loss":0,"cards_obtained":["Doubt"]},{"damage_healed":0,"gold_gain":75,"player_choice":"Gather Gold","damage_taken":11,"max_hp_gain":0,"max_hp_loss":0,"event_name":"World of Goop","floor":5,"gold_loss":0},{"cards_removed":["Strike_B"],"damage_healed":0,"gold_gain":0,"player_choice":"Offered Basic","damage_taken":0,"max_hp_gain":0,"max_hp_loss":0,"event_name":"Bonfire Elementals","floor":7,"gold_loss":0},{"cards_removed":["Strike_B"],"damage_healed":0,"gold_gain":0,"player_choice":"Card Removal","damage_taken":0,"max_hp_gain":0,"max_hp_loss":0,"event_name":"The Cleric","floor":11,"gold_loss":50},{"cards_removed":["Strike_B"],"damage_healed":0,"gold_gain":0,"player_choice":"Card Removal","damage_taken":7,"max_hp_gain":0,"max_hp_loss":0,"event_name":"Golden Wing","floor":13,"gold_loss":0},{"damage_healed":0,"gold_gain":30,"player_choice":"Searched \u00272\u0027 times","damage_taken":0,"max_hp_gain":0,"max_hp_loss":0,"event_name":"Dead Adventurer","floor":14,"gold_loss":0},{"damage_healed":0,"gold_gain":0,"player_choice":"Ignored","damage_taken":0,"max_hp_gain":0,"max_hp_loss":0,"event_name":"Ghosts","floor":21,"gold_loss":0}],"is_beta":false,"boss_relics":[{"not_picked":["Eternal Feather","Runic Pyramid"],"picked":"Black Star"}],"items_purged_floors":[4],"is_endless":false,"potions_floor_spawned":[14,19,20],"killed_by":"Centurion and Healer","ascension_level":0}