{"gold_per_floor":[117,130,142,142,156,156,171,96,141,159,159,234,234,91,91,91],"floor_reached":16,"playtime":690,"items_purged":["Strike_G","Strike_G"],"score":175,"play_id":"f24a5a27-b00d-4170-9d4f-2175cee247e6","local_time":"20190222093838","is_ascension_mode":true,"campfire_choices":[{"data":"Neutralize","floor":6.0,"key":"SMITH"},{"data":"Deflect","floor":11.0,"key":"SMITH"},{"data":"Quick Slash","floor":13.0,"key":"SMITH"},{"data":"Noxious Fumes","floor":15.0,"key":"SMITH"}],"neow_cost":"NONE","seed_source_timestamp":1306321164393587,"circlet_count":0,"master_deck":["AscendersBane","Defend_G","Defend_G","Defend_G","Defend_G","Defend_G","Strike_G","Strike_G","Strike_G","Survivor","Neutralize+1","Well Laid Plans","Deflect+1","Dagger Throw","Quick Slash+1","Cloak And Dagger","Noxious Fumes+1"],"special_seed":0,"relics":["Ring of the Snake","Omamori","Blood Vial"],"potions_floor_usage":[16],"damage_taken":[{"damage":0.0,"enemies":"Jaw Worm","floor":1.0,"turns":4.0},{"damage":3.0,"enemies":"Cultist","floor":2.0,"turns":4.0},{"damage":4.0,"enemies":"Small Slimes","floor":3.0,"turns":3.0},{"damage":11.0,"enemies":"2 Fungi Beasts","floor":5.0,"turns":4.0},{"damage":9.0,"enemies":"Exordium Thugs","floor":7.0,"turns":7.0},{"damage":7.0,"enemies":"Lots of Slimes","floor":10.0,"turns":6.0},{"damage":21,"enemies":"The Guardian","floor":16,"turns":11}],"seed_played":"7320089141613229248","potions_obtained":[{"floor":3.0,"key":"SneckoOil"},{"floor":5.0,"key":"Explosive Potion"}],"is_trial":false,"path_per_floor":["M","M","M","?","M","R","M","$","T","M","R","?","R","$","R","B"],"character_chosen":"THE_SILENT","items_purchased":["Noxious Fumes"],"campfire_rested":0,"item_purchase_floors":[14],"current_hp_per_floor":[59,56,52,52,41,41,32,32,32,27,27,16,16,16,16,0],"gold":91,"neow_bonus":"RANDOM_COMMON_RELIC","is_prod":false,"is_daily":false,"chose_seed":false,"campfire_upgraded":4,"win_rate":0,"timestamp":1550824718,"path_taken":["M","M","M","?","?","R","M","$","T","M","R","?","R","$","R","BOSS"],"build_version":"2019-01-23","purchased_purges":2,"victory":false,"max_hp_per_floor":[66,66,66,66,66,66,66,66,66,66,66,66,66,66,66,66],"card_choices":[{"not_picked":["Sucker Punch","Poisoned Stab"],"picked":"Well Laid Plans","floor":1.0},{"not_picked":["Acrobatics","Bane","Sucker Punch"],"picked":"SKIP","floor":2.0},{"not_picked":["Blade Dance","PiercingWail"],"picked":"Deflect","floor":3.0},{"not_picked":["Underhanded Strike","Backstab"],"picked":"Dagger Throw","floor":5.0},{"not_picked":["Bane","Cloak And Dagger"],"picked":"Quick Slash","floor":7.0},{"not_picked":["PiercingWail","Slice"],"picked":"Cloak And Dagger","floor":10.0}],"player_experience":855700,"relics_obtained":[{"floor":9.0,"key":"Blood Vial"}],"event_choices":[{"damage_healed":0.0,"max_hp_gain":0.0,"max_hp_loss":0.0,"gold_gain":0.0,"event_name":"Match and Keep!","player_choice":"0 cards matched","floor":4.0,"gold_loss":0.0,"damage_taken":0.0,"cards_obtained":[]},{"damage_healed":0.0,"max_hp_gain":0.0,"max_hp_loss":0.0,"gold_gain":0.0,"event_name":"Match and Keep!","player_choice":"0 cards matched","floor":4.0,"gold_loss":0.0,"damage_taken":0.0,"cards_obtained":[]},{"damage_healed":0.0,"max_hp_gain":0.0,"max_hp_loss":0.0,"gold_gain":75.0,"event_name":"World of Goop","player_choice":"Gather Gold","floor":12.0,"gold_loss":0.0,"damage_taken":11.0}],"is_beta":false,"boss_relics":[],"items_purged_floors":[8,14],"is_endless":false,"potions_floor_spawned":[3,5],"killed_by":"The Guardian","ascension_level":18}