{"gold_per_floor":[11,28,46,46,46,46,56,56,56,56,90,113,113,38,38,133,163,188,211,230,46,46],"floor_reached":22,"playtime":813,"items_purged":["Strike_G","Regret"],"score":515,"play_id":"c23c9405-5a9f-469c-a901-be40d4f65b72","local_time":"20190215102823","is_ascension_mode":true,"campfire_choices":[{"data":"Neutralize","floor":6.0,"key":"SMITH"},{"data":"Deadly Poison","floor":8.0,"key":"SMITH"},{"floor":13.0,"key":"REST"},{"data":"Calculated Gamble","floor":15.0,"key":"SMITH"}],"neow_cost":"NO_GOLD","seed_source_timestamp":0,"circlet_count":0,"master_deck":["AscendersBane","Defend_G","Defend_G","Defend_G","Defend_G","Strike_G","Strike_G","Strike_G","Survivor","Neutralize+1","Deadly Poison","Dagger Spray","Bane","Deadly Poison+1","Calculated Gamble+1","After Image","Doubt","Doubt","Backflip","Catalyst","Noxious Fumes"],"special_seed":0,"relics":["Ring of the Snake","Nunchaku","Golden Idol","Mango","Calling Bell","Tiny Chest","Shuriken","Ice Cream"],"potions_floor_usage":[20,22],"damage_taken":[{"damage":1.0,"enemies":"Small Slimes","floor":1.0,"turns":4.0},{"damage":2.0,"enemies":"2 Louse","floor":2.0,"turns":3.0},{"damage":0.0,"enemies":"Jaw Worm","floor":3.0,"turns":4.0},{"damage":1.0,"enemies":"Blue Slaver","floor":7.0,"turns":5.0},{"damage":31.0,"enemies":"Gremlin Nob","floor":11.0,"turns":4.0},{"damage":9.0,"enemies":"3 Louse","floor":12.0,"turns":3.0},{"damage":9.0,"enemies":"Hexaghost","floor":16.0,"turns":9.0},{"damage":6,"enemies":"3 Byrds","floor":18,"turns":6},{"damage":20,"enemies":"Shell Parasite","floor":19,"turns":7},{"damage":15,"enemies":"Centurion and Healer","floor":20,"turns":6},{"damage":29,"enemies":"Snake Plant","floor":22,"turns":3}],"seed_played":"5454888064188570323","potions_obtained":[{"floor":1.0,"key":"SpeedPotion"},{"floor":16.0,"key":"Explosive Potion"},{"floor":18,"key":"GhostInAJar"},{"floor":20,"key":"Swift Potion"}],"is_trial":false,"path_per_floor":["M","M","M","?","?","R","M","R","T","?","E","M","R","$","R","B",null,"M","M","M","$","M"],"character_chosen":"THE_SILENT","items_purchased":["Noxious Fumes"],"campfire_rested":1,"item_purchase_floors":[21],"current_hp_per_floor":[58,56,56,56,56,56,55,55,55,32,15,6,30,30,30,21,65,59,39,24,24,0],"gold":46,"neow_bonus":"REMOVE_TWO","is_prod":false,"is_daily":false,"chose_seed":false,"campfire_upgraded":3,"win_rate":0,"timestamp":1550222903,"path_taken":["M","M","M","?","?","R","M","R","T","?","E","M","R","?","R","BOSS","M","M","M","$","M"],"build_version":"2019-01-23","purchased_purges":2,"victory":false,"max_hp_per_floor":[66,66,66,66,66,66,66,66,66,66,80,80,80,80,80,80,80,80,80,80,80,80],"card_choices":[{"not_picked":["Blur","Cloak And Dagger"],"picked":"Deadly Poison","floor":1.0},{"not_picked":["Skewer","Distraction"],"picked":"Dagger Spray","floor":2.0},{"not_picked":["Skewer","Backstab"],"picked":"Bane","floor":3.0},{"not_picked":["Finisher","Slice"],"picked":"Deadly Poison","floor":7.0},{"not_picked":["Underhanded Strike","Expertise"],"picked":"Calculated Gamble","floor":11.0},{"not_picked":["Accuracy","Sucker Punch","Cloak And Dagger"],"picked":"SKIP","floor":12.0},{"not_picked":["Phantasmal Killer","Doppelganger"],"picked":"After Image","floor":16.0},{"not_picked":["Caltrops","Dagger Throw"],"picked":"Backflip","floor":18},{"not_picked":["Prepared","Underhanded Strike"],"picked":"Catalyst","floor":19},{"not_picked":["Quick Slash","Envenom","Blade Dance"],"picked":"SKIP","floor":20}],"player_experience":801352,"relics_obtained":[{"floor":9.0,"key":"Nunchaku"},{"floor":11.0,"key":"Mango"},{"floor":17.0,"key":"Tiny Chest"},{"floor":17.0,"key":"Shuriken"},{"floor":17.0,"key":"Ice Cream"}],"event_choices":[{"damage_healed":0.0,"max_hp_gain":0.0,"max_hp_loss":0.0,"gold_gain":0.0,"event_name":"Liars Game","player_choice":"Ignored","floor":4.0,"gold_loss":0.0,"damage_taken":0.0},{"damage_healed":0.0,"max_hp_gain":0.0,"max_hp_loss":0.0,"gold_gain":0.0,"event_name":"Scrap Ooze","player_choice":"Fled","floor":5.0,"gold_loss":0.0,"damage_taken":0.0},{"damage_healed":0.0,"max_hp_gain":0.0,"max_hp_loss":0.0,"gold_gain":0.0,"event_name":"Golden Idol","player_choice":"Take Damage","floor":10.0,"gold_loss":0.0,"damage_taken":23.0,"relics_obtained":["Golden Idol"]}],"is_beta":false,"boss_relics":[{"not_picked":["Runic Dome","Pandora\u0027s Box"],"picked":"Calling Bell"}],"items_purged_floors":[14,21],"is_endless":false,"potions_floor_spawned":[1,16,18,20],"killed_by":"Snake Plant","ascension_level":16}