{"gold_per_floor":[115,290,240,240,44,44,63,63,63,94,94,15,15,36,36,36],"floor_reached":16,"playtime":523,"items_purged":[],"score":106,"play_id":"1589c2b8-dbf7-4fe4-a42a-5727dadee6e5","local_time":"20190630150543","is_ascension_mode":true,"campfire_choices":[{"floor":6,"key":"RECALL"},{"floor":15,"key":"REST"}],"neow_cost":"TEN_PERCENT_HP_LOSS","seed_source_timestamp":1460310551792769,"circlet_count":0,"master_deck":["Defend_G","Defend_G","Defend_G","Defend_G","Defend_G","Strike_G","Strike_G","Strike_G","Strike_G","Strike_G","Survivor","Neutralize","Dark Shackles","Dramatic Entrance","Backstab+1","Backstab+1","PiercingWail","Distraction","Finisher"],"relics":["Ring of the Snake","DollysMirror","Golden Idol","Centennial Puzzle","Mercury Hourglass"],"potions_floor_usage":[14],"damage_taken":[{"damage":0,"enemies":"Jaw Worm","floor":1,"turns":4},{"damage":0,"enemies":"2 Louse","floor":7,"turns":1},{"damage":42,"enemies":"Lagavulin","floor":10,"turns":9},{"damage":0,"enemies":"Small Slimes","floor":14,"turns":1},{"damage":50,"enemies":"The Guardian","floor":16,"turns":6}],"seed_played":"-2981662569918406659","potions_obtained":[{"floor":10,"key":"Fruit Juice"}],"is_trial":false,"path_per_floor":["M","?","?","?","$","R","M","?","T","E","?","$","$","M","R","B"],"character_chosen":"THE_SILENT","items_purchased":["DollysMirror","Finisher"],"campfire_rested":1,"item_purchase_floors":[5,12],"current_hp_per_floor":[63,63,63,63,63,63,63,48,48,6,3,3,3,8,28,0],"gold":36,"neow_bonus":"RANDOM_COLORLESS_2","is_prod":false,"is_daily":false,"chose_seed":false,"campfire_upgraded":0,"win_rate":0,"timestamp":1561921543,"path_taken":["M","?","?","?","$","R","?","?","T","E","?","?","$","M","R","BOSS"],"build_version":"2019-01-23","purchased_purges":0,"victory":false,"max_hp_per_floor":[63,63,63,63,63,63,63,63,63,63,63,63,63,68,68,68],"card_choices":[{"not_picked":["Cloak And Dagger","Caltrops"],"picked":"Backstab","floor":1},{"not_picked":["Sucker Punch","Flechettes"],"picked":"PiercingWail","floor":7},{"not_picked":["Well Laid Plans","Sucker Punch"],"picked":"Distraction","floor":10},{"not_picked":["Flying Knee","Prepared","Bouncing Flask"],"picked":"SKIP","floor":14}],"player_experience":66284,"relics_obtained":[{"floor":10,"key":"Centennial Puzzle"}],"event_choices":[{"damage_healed":0,"gold_gain":175,"player_choice":"AGREE","damage_taken":0,"max_hp_gain":0,"max_hp_loss":0,"event_name":"Liars Game","floor":2,"gold_loss":0,"cards_obtained":["Doubt"]},{"cards_removed":["Doubt"],"damage_healed":0,"gold_gain":0,"player_choice":"Card Removal","damage_taken":0,"max_hp_gain":0,"max_hp_loss":0,"event_name":"The Cleric","floor":3,"gold_loss":50},{"damage_healed":0,"gold_gain":0,"player_choice":"Forge","damage_taken":0,"max_hp_gain":0,"max_hp_loss":0,"event_name":"Accursed Blacksmith","floor":4,"gold_loss":0,"cards_upgraded":["Backstab"]},{"damage_healed":0,"gold_gain":0,"player_choice":"Take Damage","damage_taken":15,"relics_obtained":["Golden Idol"],"max_hp_gain":0,"max_hp_loss":0,"event_name":"Golden Idol","floor":8,"gold_loss":0},{"damage_healed":0,"gold_gain":0,"player_choice":"Success","damage_taken":3,"relics_obtained":["Mercury Hourglass"],"max_hp_gain":0,"max_hp_loss":0,"event_name":"Scrap Ooze","floor":11,"gold_loss":0}],"is_beta":false,"boss_relics":[],"items_purged_floors":[],"is_endless":false,"potions_floor_spawned":[10],"killed_by":"The Guardian","ascension_level":2}