{"gold_per_floor":[109,128,145,161,14,14,39,39,39,49,49,49,61,61,61,61],"floor_reached":16,"playtime":619,"items_purged":[],"score":179,"play_id":"be1aa88b-f3b7-4db9-ae8d-a79b7b7a8f1d","local_time":"20190116093141","is_ascension_mode":true,"campfire_choices":[{"data":"After Image","floor":6.0,"key":"SMITH"},{"data":"Neutralize","floor":11.0,"key":"SMITH"},{"data":"Cloak And Dagger","floor":15,"key":"SMITH"}],"neow_cost":"NONE","seed_source_timestamp":655334916125668,"circlet_count":0,"master_deck":["AscendersBane","Defend_G","Defend_G","Defend_G","Defend_G","Defend_G","Strike_G","Strike_G","Strike_G","Strike_G","Survivor","Neutralize+1","Backflip","Leg Sweep","Deflect","Backflip","After Image+1","Slice","Cloak And Dagger+1","Escape Plan","Flying Knee"],"special_seed":0,"relics":["Lizard Tail","Ginger","Mummified Hand"],"potions_floor_usage":[16],"damage_taken":[{"damage":0.0,"enemies":"Cultist","floor":1.0,"turns":4.0},{"damage":2.0,"enemies":"Jaw Worm","floor":2.0,"turns":6.0},{"damage":0.0,"enemies":"2 Louse","floor":3.0,"turns":4.0},{"damage":10.0,"enemies":"Red Slaver","floor":4.0,"turns":5.0},{"damage":13.0,"enemies":"3 Sentries","floor":7.0,"turns":12.0},{"damage":5.0,"enemies":"Blue Slaver","floor":10.0,"turns":4.0},{"damage":6,"enemies":"Large Slime","floor":13,"turns":8},{"damage":2,"enemies":"Hexaghost","floor":16,"turns":11}],"seed_played":"4827917137281632311","potions_obtained":[{"floor":2.0,"key":"GamblersBrew"},{"floor":3.0,"key":"PowerPotion"},{"floor":4.0,"key":"PowerPotion"},{"floor":13,"key":"Swift Potion"}],"is_trial":false,"path_per_floor":["M","M","M","M","$","R","E","?","T","M","R","?","M","?","R","B"],"character_chosen":"THE_SILENT","items_purchased":["After Image"],"campfire_rested":0,"item_purchase_floors":[5],"current_hp_per_floor":[59,57,57,47,47,47,34,34,34,29,29,29,23,23,23,21],"gold":61,"neow_bonus":"BOSS_RELIC","is_prod":false,"is_daily":false,"chose_seed":false,"campfire_upgraded":3,"win_rate":0,"timestamp":1547627501,"path_taken":["M","M","?","M","$","R","E","?","T","M","R","?","?","?","R","BOSS"],"build_version":"2019-01-10","purchased_purges":0,"victory":false,"max_hp_per_floor":[66,66,66,66,66,66,66,66,66,66,66,66,66,66,66,66],"card_choices":[{"not_picked":["Dagger Throw","Underhanded Strike"],"picked":"Backflip","floor":1.0},{"not_picked":["Predator","Setup"],"picked":"Leg Sweep","floor":2.0},{"not_picked":["Sucker Punch","Slice"],"picked":"Deflect","floor":3.0},{"not_picked":["Sucker Punch","All Out Attack"],"picked":"Backflip","floor":4.0},{"not_picked":["Deadly Poison","Phantasmal Killer"],"picked":"Slice","floor":7.0},{"not_picked":["Poisoned Stab","Deflect"],"picked":"Cloak And Dagger","floor":10.0},{"not_picked":["Deflect","Concentrate"],"picked":"Flying Knee","floor":13}],"player_experience":750412,"relics_obtained":[{"floor":7.0,"key":"Ginger"},{"floor":9.0,"key":"Mummified Hand"}],"event_choices":[{"damage_healed":0.0,"max_hp_gain":0.0,"max_hp_loss":0.0,"gold_gain":0.0,"event_name":"Liars Game","player_choice":"Ignored","floor":8.0,"gold_loss":0.0,"damage_taken":0.0},{"damage_healed":0,"gold_gain":0,"player_choice":"1 cards matched","damage_taken":0,"max_hp_gain":0,"max_hp_loss":0,"event_name":"Match and Keep!","floor":12,"gold_loss":0,"cards_obtained":["Escape Plan"]},{"cards_removed":["Strike_G"],"damage_healed":0,"gold_gain":0,"player_choice":"Forget","damage_taken":0,"max_hp_gain":0,"max_hp_loss":0,"event_name":"Living Wall","floor":14,"gold_loss":0}],"is_beta":false,"boss_relics":[],"items_purged_floors":[],"is_endless":false,"potions_floor_spawned":[2,3,4,13],"killed_by":"Hexaghost","ascension_level":15}