{"gold_per_floor":[116,130,130,130,149,183,213,213,282,292],"floor_reached":10,"playtime":1598,"items_purged":[],"score":71,"play_id":"83af8d34-be9a-463a-8b80-b591665d0a6e","local_time":"20190716175336","is_ascension_mode":true,"campfire_choices":[{"data":"Bash","floor":8,"key":"SMITH"}],"neow_cost":"TEN_PERCENT_HP_LOSS","seed_source_timestamp":450709607546024,"circlet_count":0,"master_deck":["Strike_R","Strike_R","Strike_R+1","Strike_R","Strike_R","Defend_R+1","Defend_R","Defend_R","Defend_R","Bash+1","Intimidate+1","Anger+1","Metallicize","Clash"],"relics":["Burning Blood","Unceasing Top","Whetstone","Dodecahedron","Singing Bowl"],"potions_floor_usage":[6,6],"damage_taken":[{"damage":21,"enemies":"2 Louse","floor":1,"turns":3},{"damage":8,"enemies":"Small Slimes","floor":2,"turns":4},{"damage":8,"enemies":"Jaw Worm","floor":5,"turns":4},{"damage":28,"enemies":"3 Sentries","floor":6,"turns":13},{"damage":4,"enemies":"Large Slime","floor":10,"turns":6}],"seed_played":"-1762009452942398163","potions_obtained":[{"floor":1,"key":"Regen Potion"},{"floor":2,"key":"BloodPotion"}],"is_trial":false,"path_per_floor":["M","M","?","?","M","E","?","R","T","M"],"character_chosen":"IRONCLAD","items_purchased":[],"campfire_rested":0,"item_purchase_floors":[],"current_hp_per_floor":[57,55,60,45,43,55,55,55,55,57],"gold":292,"neow_bonus":"ONE_RARE_RELIC","is_prod":false,"is_daily":false,"chose_seed":false,"campfire_upgraded":1,"win_rate":0,"timestamp":1563317616,"path_taken":["M","M","?","?","M","E","?","R","T","M"],"build_version":"2019-07-05","purchased_purges":0,"victory":false,"max_hp_per_floor":[72,72,77,77,77,77,77,77,77,77],"card_choices":[{"not_picked":["Hemokinesis","Thunderclap"],"picked":"Intimidate","floor":1},{"not_picked":["Wild Strike","Armaments"],"picked":"Anger","floor":2},{"not_picked":["Dual Wield","Headbutt"],"picked":"Metallicize","floor":5},{"not_picked":["Pommel Strike","Fire Breathing"],"picked":"Clash","floor":6}],"player_experience":95367,"relics_obtained":[{"floor":6,"key":"Whetstone"},{"floor":9,"key":"Singing Bowl"}],"event_choices":[{"damage_healed":0,"gold_gain":0,"player_choice":"Donut","damage_taken":0,"max_hp_gain":5,"max_hp_loss":0,"event_name":"Big Fish","floor":3,"gold_loss":0},{"damage_healed":0,"gold_gain":0,"player_choice":"Entered Light","damage_taken":15,"max_hp_gain":0,"max_hp_loss":0,"event_name":"Shining Light","floor":4,"gold_loss":0,"cards_upgraded":["Defend_R","Intimidate"]},{"damage_healed":0,"gold_gain":30,"player_choice":"Searched \u00273\u0027 times","damage_taken":0,"relics_obtained":["Dodecahedron"],"max_hp_gain":0,"max_hp_loss":0,"event_name":"Dead Adventurer","floor":7,"gold_loss":0}],"is_beta":false,"boss_relics":[],"items_purged_floors":[],"is_endless":false,"potions_floor_spawned":[1,2],"killed_by":"Large Slime","ascension_level":1}