{"path_per_floor":["M","M","M","M","$","R","E","M","T","M","R","E","$","E","R","B",null,"M","?","M","$","M","R","?","R","T","$","?"],"character_chosen":"DEFECT","items_purchased":["Capacitor","Reprogram","Self Repair","Chill"],"gold_per_floor":[113,128,145,158,83,83,108,122,145,165,165,193,45,78,78,181,181,200,200,219,103,113,113,113,113,113,36,36,36],"floor_reached":29,"campfire_rested":2,"playtime":1684,"current_hp_per_floor":[64,64,53,49,49,49,43,37,37,30,30,21,21,8,30,22,75,43,43,43,43,39,39,23,45,45,45,45,0],"items_purged":["Defend_B","Strike_B"],"gold":36,"score":243,"play_id":"122ed2cf-1bc6-4aef-8763-88bafe5e31bf","local_time":"20180430172536","is_prod":false,"is_daily":false,"chose_seed":false,"is_ascension_mode":false,"campfire_upgraded":3,"timestamp":1525101936,"path_taken":["M","M","M","M","$","R","E","M","T","M","R","E","$","E","R","BOSS","M","?","M","$","M","R","?","R","T","$","?","M"],"build_version":"2018-04-27v3","seed_source_timestamp":494503491949153,"purchased_purges":3,"victory":false,"master_deck":["Strike_B","Strike_B","Defend_B","Defend_B+1","Defend_B+1","Zap+1","Dualcast+1","Genetic Algorithm","Turbo","Impulse","Cold Snap","Go for the Eyes","Barrage","Rebound","Coolheaded","Defragment+1","Capacitor","Rebound","Echo Form","Blizzard","Ball Lightning","Cold Snap","Static Discharge","Reprogram","Self Repair","Skim","Chill","Defragment+1"],"max_hp_per_floor":[75,75,75,75,75,75,75,75,75,75,75,75,75,75,75,75,75,75,75,75,75,75,75,75,75,75,75,75,75],"relics":["Cracked Core","Dodecahedron","Art of War","War Paint","Ancient Tea Set","Orrery","Enchiridion","Juzu Bracelet"],"card_choices":[{"not_picked":["Rip and Tear","Go for the Eyes"],"picked":"Turbo","floor":1},{"not_picked":["Sweeping Beam","Rip and Tear"],"picked":"Impulse","floor":2},{"not_picked":["Beam Cell","Chill"],"picked":"Cold Snap","floor":3},{"not_picked":["Sweeping Beam","Turbo"],"picked":"Go for the Eyes","floor":4},{"not_picked":["Multi-Cast","Hologram"],"picked":"Barrage","floor":7},{"not_picked":["Skim","Flux Capacitor"],"picked":"Rebound","floor":8},{"not_picked":["Go for the Eyes","Cold Snap"],"picked":"Coolheaded","floor":10},{"not_picked":["Streamline","Hologram"],"picked":"Defragment","floor":12},{"not_picked":["Stack","Hello World"],"picked":"Rebound","floor":14},{"not_picked":["Fission","Rainbow"],"picked":"Echo Form","floor":16},{"not_picked":["Reprogram","Rebound"],"picked":"Blizzard","floor":17},{"not_picked":["Chill","Go for the Eyes"],"picked":"Ball Lightning","floor":17},{"not_picked":["Flux Capacitor","Stack"],"picked":"Cold Snap","floor":17},{"not_picked":["Hologram","Force Field"],"picked":"Static Discharge","floor":17},{"not_picked":["Hello World","Sweeping Beam"],"picked":"Skim","floor":22}],"player_experience":549631,"potions_floor_usage":[7,14,29],"damage_taken":[{"damage":11,"enemies":"2 Louse","floor":1,"turns":4},{"damage":0,"enemies":"Small Slimes","floor":2,"turns":4},{"damage":11,"enemies":"Jaw Worm","floor":3,"turns":4},{"damage":4,"enemies":"Looter","floor":4,"turns":4},{"damage":6,"enemies":"Gremlin Nob","floor":7,"turns":4},{"damage":6,"enemies":"Blue Slaver","floor":8,"turns":3},{"damage":7,"enemies":"Red Slaver","floor":10,"turns":2},{"damage":9,"enemies":"Lagavulin","floor":12,"turns":6},{"damage":13,"enemies":"Gremlin Nob","floor":14,"turns":5},{"damage":8,"enemies":"Hexaghost","floor":16,"turns":14},{"damage":32,"enemies":"2 Thieves","floor":18,"turns":5},{"damage":0,"enemies":"Spheric Guardian","floor":20,"turns":5},{"damage":11,"enemies":"Centurion and Healer","floor":22,"turns":12},{"damage":66,"enemies":"Cultist and Chosen","floor":29,"turns":5}],"event_choices":[{"event_name":"Ghosts","player_choice":"Ignored","floor":19,"damage_taken":0},{"event_name":"Cursed Tome","player_choice":"Obtained Book","floor":24,"damage_taken":0},{"event_name":"Duplicator","player_choice":"One dupe","floor":28,"damage_taken":0}],"boss_relics":[{"not_picked":["Philosopher\u0027s Stone","Pandora\u0027s Box"],"picked":"Orrery"}],"potions_floor_spawned":[1,3,14,16,18,22],"seed_played":"1137168239970972422","killed_by":"Cultist and Chosen","ascension_level":0,"is_trial":false}