{"gold_per_floor":[361,205,205,222,222,222,235,14,14,32,66,66,76,95,95,95],"floor_reached":16,"playtime":428,"items_purged":["Strike_B"],"score":204,"play_id":"8f180b63-7816-43ac-a8b0-67b0efb5618a","local_time":"20190228212250","is_ascension_mode":true,"campfire_choices":[{"data":"Dualcast","floor":6.0,"key":"SMITH"},{"data":"Steam","floor":12.0,"key":"SMITH"},{"data":"Capacitor","floor":15,"key":"SMITH"}],"neow_cost":"TEN_PERCENT_HP_LOSS","seed_source_timestamp":47935239086670,"circlet_count":0,"master_deck":["AscendersBane","Strike_B","Strike_B","Strike_B","Defend_B","Defend_B","Defend_B","Defend_B","Zap+1","Dualcast+1","Ball Lightning","Capacitor+1","Self Repair","BootSequence","Steam+1","Conserve Battery","FTL"],"special_seed":0,"relics":["Cracked Core","ClockworkSouvenir","Art of War","Turnip"],"potions_floor_usage":[],"damage_taken":[{"damage":1.0,"enemies":"Cultist","floor":1.0,"turns":3.0},{"damage":10.0,"enemies":"Small Slimes","floor":4.0,"turns":3.0},{"damage":6.0,"enemies":"Jaw Worm","floor":7.0,"turns":4.0},{"damage":11.0,"enemies":"2 Fungi Beasts","floor":10.0,"turns":4.0},{"damage":14.0,"enemies":"3 Sentries","floor":11.0,"turns":5.0},{"damage":2,"enemies":"3 Louse","floor":13,"turns":3},{"damage":4,"enemies":"Looter","floor":14,"turns":3},{"damage":44,"enemies":"Hexaghost","floor":16,"turns":9}],"seed_played":"6843154398815583996","potions_obtained":[{"floor":1.0,"key":"SteroidPotion"},{"floor":5.0,"key":"SkillPotion"},{"floor":5.0,"key":"AttackPotion"},{"floor":11.0,"key":"Dexterity Potion"},{"floor":14,"key":"Swift Potion"}],"is_trial":false,"path_per_floor":["M","$","?","M","?","R","M","$","T","M","E","R","M","M","R","B"],"character_chosen":"DEFECT","items_purchased":["Capacitor","ClockworkSouvenir"],"campfire_rested":0,"item_purchase_floors":[2,8],"current_hp_per_floor":[63,63,63,53,53,53,54,54,54,50,43,43,41,44,44,0],"gold":95,"neow_bonus":"TWO_FIFTY_GOLD","is_prod":false,"is_daily":false,"chose_seed":false,"campfire_upgraded":3,"win_rate":0,"timestamp":1551385370,"path_taken":["M","$","?","?","?","R","M","$","T","M","E","R","?","M","R","BOSS"],"build_version":"2019-01-23","purchased_purges":1,"victory":false,"max_hp_per_floor":[64,64,64,64,64,64,64,64,64,64,64,64,64,64,64,64],"card_choices":[{"not_picked":["Aggregate","Rip and Tear"],"picked":"Ball Lightning","floor":1.0},{"not_picked":["Aggregate","Cold Snap"],"picked":"Self Repair","floor":4.0},{"not_picked":["Streamline","Steam"],"picked":"BootSequence","floor":7.0},{"not_picked":["Self Repair","Sunder"],"picked":"Steam","floor":10.0},{"not_picked":["Leap","Rebound"],"picked":"Conserve Battery","floor":11.0},{"not_picked":["Conserve Battery","Doom and Gloom","Leap"],"picked":"SKIP","floor":13},{"not_picked":["Compile Driver","Rebound"],"picked":"FTL","floor":14}],"player_experience":917589,"relics_obtained":[{"floor":9.0,"key":"Art of War"},{"floor":11.0,"key":"Turnip"}],"event_choices":[{"damage_healed":0.0,"max_hp_gain":0.0,"max_hp_loss":0.0,"gold_gain":0.0,"event_name":"Upgrade Shrine","player_choice":"Upgraded","floor":3.0,"gold_loss":0.0,"damage_taken":0.0,"cards_upgraded":["Zap"]},{"damage_healed":0.0,"max_hp_gain":0.0,"max_hp_loss":0.0,"gold_gain":0.0,"event_name":"Lab","player_choice":"Got Potions","floor":5.0,"gold_loss":0.0,"damage_taken":0.0}],"is_beta":false,"boss_relics":[],"items_purged_floors":[2],"is_endless":false,"potions_floor_spawned":[1,10,11,14],"killed_by":"Hexaghost","ascension_level":20}