{"gold_per_floor":[114,127,141,66,80,113,113,145,145,159,159,159,179,196,196,295,295,312,237,253,153,153,153,163,163,163,163,178,0,11,25,25,25],"floor_reached":33,"playtime":1730,"items_purged":["Strike_R","Strike_R"],"score":287,"play_id":"cc2e70b5-c33d-400b-88bc-13a2814c71e2","local_time":"20190720151752","is_ascension_mode":true,"campfire_choices":[{"floor":7,"key":"REST"},{"floor":11,"key":"REST"},{"floor":15,"key":"REST"},{"floor":23,"key":"REST"},{"floor":25,"key":"REST"},{"floor":27,"key":"REST"},{"floor":32,"key":"REST"}],"neow_cost":"NONE","seed_source_timestamp":241824266261265,"circlet_count":0,"master_deck":["Strike_R","Defend_R","Defend_R","Defend_R","Defend_R","Bash","Heavy Blade","Headbutt","Inflame","Anger","Iron Wave","True Grit"],"relics":["Black Blood","NeowsBlessing","Gambling Chip","Strawberry","Kunai","WingedGreaves","Sundial"],"potions_floor_usage":[10,14,28,30,31,33],"damage_taken":[{"damage":0,"enemies":"Cultist","floor":1,"turns":1},{"damage":0,"enemies":"2 Louse","floor":2,"turns":1},{"damage":0,"enemies":"Jaw Worm","floor":3,"turns":1},{"damage":17,"enemies":"2 Fungi Beasts","floor":5,"turns":5},{"damage":63,"enemies":"Lagavulin","floor":6,"turns":7},{"damage":27,"enemies":"Gremlin Nob","floor":8,"turns":4},{"damage":9,"enemies":"Blue Slaver","floor":10,"turns":2},{"damage":14,"enemies":"3 Louse","floor":13,"turns":3},{"damage":10,"enemies":"Exordium Wildlife","floor":14,"turns":3},{"damage":45,"enemies":"The Guardian","floor":16,"turns":7},{"damage":44,"enemies":"3 Byrds","floor":18,"turns":7},{"damage":27,"enemies":"Spheric Guardian","floor":20,"turns":5},{"damage":59,"enemies":"3 Cultists","floor":24,"turns":6},{"damage":44,"enemies":"Centurion and Healer","floor":28,"turns":5},{"damage":26,"enemies":"Cultist and Chosen","floor":30,"turns":6},{"damage":11,"enemies":"Snake Plant","floor":31,"turns":4},{"damage":81,"enemies":"Automaton","floor":33,"turns":6}],"seed_played":"-5718506518508939261","potions_obtained":[{"floor":2,"key":"GamblersBrew"},{"floor":6,"key":"AttackPotion"},{"floor":8,"key":"Weak Potion"},{"floor":13,"key":"GamblersBrew"},{"floor":20,"key":"Dexterity Potion"},{"floor":24,"key":"FearPotion"},{"floor":28,"key":"Regen Potion"}],"is_trial":false,"path_per_floor":["M","M","M","$","M","E","R","E","T","M","R","?","M","M","R","B",null,"M","?","M","$","?","R","M","R","T","R","M","?","M","M","R","B"],"character_chosen":"IRONCLAD","items_purchased":[],"campfire_rested":7,"item_purchase_floors":[],"current_hp_per_floor":[80,80,80,80,69,12,36,22,22,19,45,45,37,33,59,20,87,53,53,36,36,36,62,13,39,39,65,31,31,29,28,54,0],"gold":25,"neow_bonus":"THREE_ENEMY_KILL","is_prod":false,"is_daily":false,"chose_seed":false,"campfire_upgraded":0,"win_rate":0,"timestamp":1563661072,"path_taken":["M","?","M","$","M","E","R","E","T","M","R","?","M","M","R","BOSS","M","?","M","$","?","R","?","R","T","R","M","?","M","M","R","BOSS"],"build_version":"2019-07-05","purchased_purges":2,"victory":false,"max_hp_per_floor":[80,80,80,80,80,80,80,87,87,87,87,87,87,87,87,87,87,87,87,87,87,87,87,87,87,87,87,87,87,87,87,87,87],"card_choices":[{"not_picked":["Twin Strike","Clothesline","Flex"],"picked":"SKIP","floor":1},{"not_picked":["Headbutt","Iron Wave"],"picked":"Heavy Blade","floor":2},{"not_picked":["Blood for Blood","Armaments","Twin Strike"],"picked":"SKIP","floor":3},{"not_picked":["Body Slam","Bloodletting"],"picked":"Headbutt","floor":5},{"not_picked":["Twin Strike","Rampage"],"picked":"Inflame","floor":6},{"not_picked":["Thunderclap","Immolate"],"picked":"Anger","floor":8},{"not_picked":["Flex","Headbutt","Armaments"],"picked":"SKIP","floor":10},{"not_picked":["Entrench","Armaments","Carnage"],"picked":"SKIP","floor":13},{"not_picked":["Seeing Red","Dual Wield","Disarm"],"picked":"SKIP","floor":14},{"not_picked":["Disarm","Sword Boomerang","Flex"],"picked":"SKIP","floor":18},{"not_picked":["Warcry","Sever Soul","Sword Boomerang"],"picked":"SKIP","floor":20},{"not_picked":["Cleave","Thunderclap"],"picked":"Iron Wave","floor":24},{"not_picked":["Hemokinesis+1","Fiend Fire","Body Slam"],"picked":"SKIP","floor":28},{"not_picked":["Sword Boomerang","Carnage"],"picked":"True Grit","floor":30},{"not_picked":["Metallicize","Thunderclap","Sword Boomerang"],"picked":"SKIP","floor":31}],"player_experience":48693,"relics_obtained":[{"floor":6,"key":"Gambling Chip"},{"floor":8,"key":"Strawberry"},{"floor":9,"key":"Kunai"},{"floor":26,"key":"Sundial"}],"event_choices":[{"cards_removed":["Strike_R"],"damage_healed":0,"gold_gain":0,"player_choice":"Card Removal","damage_taken":0,"max_hp_gain":0,"max_hp_loss":0,"event_name":"Wheel of Change","floor":12,"gold_loss":0},{"cards_removed":["Strike_R"],"damage_healed":0,"gold_gain":0,"player_choice":"Gave Gold","damage_taken":0,"max_hp_gain":0,"max_hp_loss":0,"event_name":"Beggar","floor":19,"gold_loss":75},{"damage_healed":0,"gold_gain":0,"player_choice":"Gave Potion","damage_taken":0,"relics_obtained":["WingedGreaves"],"max_hp_gain":0,"max_hp_loss":0,"event_name":"WeMeetAgain","floor":22,"gold_loss":0},{"damage_healed":0,"gold_gain":0,"player_choice":"Paid Fearfully","damage_taken":0,"max_hp_gain":0,"max_hp_loss":0,"event_name":"Masked Bandits","floor":29,"gold_loss":178}],"is_beta":false,"boss_relics":[{"not_picked":["Tiny House","Empty Cage"],"picked":"Black Blood"}],"items_purged_floors":[4,21],"is_endless":false,"potions_floor_spawned":[2,6,8,13,20,24,28],"killed_by":"Automaton","ascension_level":2}