{"gold_per_floor":[113,113,130,141,40,40,65,65,117,117,149,160,160,171,171,275,275,275,275,93,93,71,71,11,11,11,11,11,11,11,11,11,11,11,11,11,11,11,11,11,11,11,11,11,11,11,11,11,11,11],"floor_reached":51,"playtime":3120,"items_purged":["Writhe","Strike_R"],"score":1002,"play_id":"2d4d80ea-4e7a-416b-b306-5ded88dce2ed","local_time":"20190726223603","is_ascension_mode":true,"campfire_choices":[{"data":"Bash","floor":6.0,"key":"SMITH"},{"data":"Juggernaut","floor":8.0,"key":"SMITH"},{"data":"Shrug It Off","floor":10.0,"key":"SMITH"},{"floor":15.0,"key":"REST"},{"data":"Corruption","floor":23.0,"key":"SMITH"},{"data":"True Grit","floor":25.0,"key":"SMITH"},{"floor":32.0,"key":"REST"},{"floor":40,"key":"REST"},{"floor":49,"key":"REST"}],"neow_cost":"CURSE","seed_source_timestamp":0,"circlet_count":0,"master_deck":["AscendersBane","Strike_R+1","Strike_R+1","Strike_R","Defend_R","Defend_R","Defend_R","Defend_R","Bash+1","Juggernaut+1","Shrug It Off+1","Spot Weakness","Sword Boomerang","Carnage","Dark Embrace","Juggernaut+1","Corruption+1","True Grit+1","Disarm","Whirlwind","Intimidate","Fiend Fire","Sentinel","Shrug It Off","Shockwave+1","Writhe"],"special_seed":0,"relics":["Burning Blood","Odd Mushroom","Bag of Preparation","Whetstone","Ectoplasm","Dodecahedron","Shuriken","Nilry\u0027s Codex","FaceOfCleric","Fusion Hammer","Champion Belt","Incense Burner","Frozen Egg 2"],"potions_floor_usage":[50],"damage_taken":[{"damage":1.0,"enemies":"Cultist","floor":1.0,"turns":4.0},{"damage":9.0,"enemies":"Jaw Worm","floor":3.0,"turns":4.0},{"damage":0.0,"enemies":"Small Slimes","floor":4.0,"turns":4.0},{"damage":37.0,"enemies":"The Mushroom Lair","floor":7.0,"turns":5.0},{"damage":30.0,"enemies":"Lagavulin","floor":11.0,"turns":6.0},{"damage":6.0,"enemies":"Looter","floor":12.0,"turns":3.0},{"damage":15.0,"enemies":"Exordium Thugs","floor":14.0,"turns":4.0},{"damage":31.0,"enemies":"Slime Boss","floor":16.0,"turns":11.0},{"damage":23.0,"enemies":"Spheric Guardian","floor":18.0,"turns":4.0},{"damage":12.0,"enemies":"2 Thieves","floor":24.0,"turns":4.0},{"damage":14.0,"enemies":"Snake Plant","floor":28.0,"turns":3.0},{"damage":0.0,"enemies":"3 Cultists","floor":30.0,"turns":5.0},{"damage":18.0,"enemies":"Cultist and Chosen","floor":31.0,"turns":6.0},{"damage":29.0,"enemies":"Champ","floor":33.0,"turns":10.0},{"damage":1.0,"enemies":"3 Shapes","floor":35.0,"turns":4.0},{"damage":25.0,"enemies":"3 Darklings","floor":36.0,"turns":5.0},{"damage":19,"enemies":"Sphere and 2 Shapes","floor":41,"turns":5},{"damage":15,"enemies":"Mind Bloom Boss Battle","floor":42,"turns":6},{"damage":28,"enemies":"Spire Growth","floor":45,"turns":5},{"damage":10,"enemies":"Writhing Mass","floor":48,"turns":4},{"damage":60,"enemies":"Awakened One","floor":50,"turns":10}],"seed_played":"-2747083216308331196","potions_obtained":[{"floor":3.0,"key":"GamblersBrew"},{"floor":11.0,"key":"PowerPotion"},{"floor":28.0,"key":"Dexterity Potion"},{"floor":30.0,"key":"Fire Potion"},{"floor":35.0,"key":"Swift Potion"},{"floor":42,"key":"Regen Potion"},{"floor":45,"key":"SneckoOil"}],"is_trial":false,"path_per_floor":["M","$","M","M","$","R","?","R","T","R","E","M","?","M","R","B",null,"M","?","$","T","$","R","M","R","T","?","M","?","M","M","R","B",null,"M","M","$","T","$","R","M","?","T","$","M","?","?","M","R","B",null],"character_chosen":"IRONCLAD","items_purchased":["Sword Boomerang","Corruption","True Grit"],"campfire_rested":4,"item_purchase_floors":[5,20,22],"current_hp_per_floor":[77,77,74,80,80,80,49,49,49,49,25,25,18,9,33,8,62,45,45,45,45,45,45,39,39,39,23,15,15,22,11,35,13,66,72,54,54,54,54,79,67,59,59,59,38,60,60,57,83,30],"gold":11,"neow_bonus":"THREE_RARE_CARDS","is_prod":false,"is_daily":false,"chose_seed":false,"campfire_upgraded":5,"win_rate":0,"timestamp":1564205763,"path_taken":["M","?","M","M","$","R","?","R","T","R","E","M","?","M","R","BOSS","M","?","$","?","$","R","M","R","T","?","M","?","?","M","R","BOSS","M","M","$","?","$","R","?","?","T","?","M","?","?","?","R","BOSS"],"build_version":"2019-07-18","purchased_purges":2,"victory":true,"max_hp_per_floor":[80,80,80,80,80,80,80,80,80,80,80,80,80,80,80,80,80,80,80,80,80,80,80,80,80,80,80,80,80,81,82,82,83,83,84,85,85,85,85,85,86,87,87,87,88,88,88,89,89,90],"card_choices":[{"not_picked":["Offering","Dark Embrace"],"picked":"Juggernaut","floor":0.0},{"not_picked":["Havoc","Heavy Blade","Blood for Blood"],"picked":"SKIP","floor":1.0},{"not_picked":["Armaments","Thunderclap"],"picked":"Shrug It Off","floor":3.0},{"not_picked":["Cleave","Perfected Strike"],"picked":"Spot Weakness","floor":4.0},{"not_picked":["Dropkick","Sword Boomerang"],"picked":"Evolve","floor":7.0},{"not_picked":["Sword Boomerang","Pommel Strike","Fire Breathing"],"picked":"SKIP","floor":11.0},{"not_picked":["True Grit","Rupture"],"picked":"Carnage","floor":12.0},{"not_picked":["Dual Wield","Perfected Strike","Clash"],"picked":"SKIP","floor":14.0},{"not_picked":["Bludgeon","Exhume"],"picked":"Dark Embrace","floor":16.0},{"not_picked":["Reckless Charge","Combust","Rampage"],"picked":"SKIP","floor":18.0},{"not_picked":["Combust","Thunderclap","Twin Strike"],"picked":"SKIP","floor":24.0},{"not_picked":["Pommel Strike+1","Rage"],"picked":"Disarm","floor":28.0},{"not_picked":["Rupture","Twin Strike"],"picked":"Whirlwind","floor":30.0},{"not_picked":["Dropkick","Inflame"],"picked":"Intimidate","floor":31.0},{"not_picked":["Feed","Immolate"],"picked":"Fiend Fire","floor":33.0},{"not_picked":["Sword Boomerang","Anger"],"picked":"Sentinel","floor":35.0},{"not_picked":["Whirlwind","Flex"],"picked":"Shrug It Off","floor":36.0},{"not_picked":["Clothesline+1","Combust","Havoc"],"picked":"SKIP","floor":41},{"not_picked":["Sentinel","Wild Strike+1"],"picked":"Shockwave+1","floor":45},{"not_picked":["Iron Wave","Pummel","Cleave"],"picked":"SKIP","floor":48}],"player_experience":204319,"relics_obtained":[{"floor":7.0,"key":"Odd Mushroom"},{"floor":9.0,"key":"Bag of Preparation"},{"floor":11.0,"key":"Whetstone"},{"floor":21.0,"key":"Dodecahedron"},{"floor":26.0,"key":"Shuriken"},{"floor":27.0,"key":"Nilry\u0027s Codex"},{"floor":38,"key":"Champion Belt"},{"floor":42,"key":"Incense Burner"},{"floor":43,"key":"Frozen Egg 2"}],"event_choices":[{"damage_healed":0.0,"max_hp_gain":0.0,"max_hp_loss":0.0,"gold_gain":0.0,"event_name":"Mushrooms","player_choice":"Fought Mushrooms","floor":7.0,"gold_loss":0.0,"damage_taken":0.0},{"cards_removed":["Strike_R"],"damage_healed":0.0,"max_hp_gain":0.0,"max_hp_loss":0.0,"gold_gain":0.0,"event_name":"Golden Wing","player_choice":"Card Removal","floor":13.0,"gold_loss":0.0,"damage_taken":7.0},{"damage_healed":0.0,"max_hp_gain":0.0,"max_hp_loss":0.0,"gold_gain":0.0,"event_name":"Duplicator","player_choice":"Copied","floor":19.0,"gold_loss":0.0,"damage_taken":0.0,"cards_obtained":["Juggernaut"]},{"damage_healed":0.0,"max_hp_gain":0.0,"max_hp_loss":0.0,"gold_gain":0.0,"event_name":"Cursed Tome","player_choice":"Obtained Book","floor":27.0,"gold_loss":0.0,"damage_taken":16.0},{"damage_healed":0.0,"max_hp_gain":0.0,"max_hp_loss":0.0,"gold_gain":0.0,"event_name":"FaceTrader","player_choice":"Trade","floor":29.0,"gold_loss":0.0,"damage_taken":0.0,"relics_obtained":["FaceOfCleric"]},{"damage_healed":0,"gold_gain":0,"player_choice":"Fight","damage_taken":0,"max_hp_gain":0,"max_hp_loss":0,"event_name":"MindBloom","floor":42,"gold_loss":0},{"damage_healed":22,"gold_gain":0,"player_choice":"Writhe","damage_taken":0,"max_hp_gain":0,"max_hp_loss":0,"event_name":"Winding Halls","floor":46,"gold_loss":0,"cards_obtained":["Writhe"]},{"cards_removed":["Evolve"],"damage_healed":0,"gold_gain":0,"player_choice":"Removed Power","damage_taken":0,"max_hp_gain":0,"max_hp_loss":0,"event_name":"Falling","floor":47,"gold_loss":0}],"is_beta":true,"boss_relics":[{"not_picked":["Calling Bell","Runic Dome"],"picked":"Ectoplasm"},{"not_picked":["Orrery","Sozu"],"picked":"Fusion Hammer"}],"items_purged_floors":[5,20],"is_endless":false,"potions_floor_spawned":[3,11,14,28,30,35,42,45],"ascension_level":12}