{"gold_per_floor":[109,109,126,51,10,10,30,30,30,30,44,19,38,48,48,123,123,100,120,131,131,131,131,131],"floor_reached":24,"playtime":1069,"items_purged":[],"score":357,"play_id":"c2dea46a-d15d-486e-a8a3-b25f92520e33","local_time":"20190218082953","is_ascension_mode":true,"campfire_choices":[{"data":"Neutralize","floor":6.0,"key":"SMITH"},{"data":"Poisoned Stab","floor":8.0,"key":"SMITH"},{"data":"Footwork","floor":10.0,"key":"SMITH"},{"data":"Deadly Poison","floor":15.0,"key":"SMITH"},{"data":"Well Laid Plans","floor":23,"key":"SMITH"}],"neow_cost":"NONE","seed_source_timestamp":1073115040466568,"circlet_count":0,"master_deck":["AscendersBane","Defend_G","Defend_G","Defend_G","Defend_G","Defend_G","Strike_G","Strike_G","Strike_G","Survivor","Neutralize+1","Footwork+1","Dagger Throw","Footwork","Poisoned Stab+1","Deadly Poison+1","Prepared","Well Laid Plans+1","Deflect","Grand Finale","Prepared","Expertise","Grand Finale"],"special_seed":0,"relics":["Ring of the Snake","Lantern","Mummified Hand","Eternal Feather"],"potions_floor_usage":[],"damage_taken":[{"damage":0.0,"enemies":"Small Slimes","floor":1.0,"turns":4.0},{"damage":2.0,"enemies":"Jaw Worm","floor":3.0,"turns":7.0},{"damage":0.0,"enemies":"2 Louse","floor":7.0,"turns":4.0},{"damage":0.0,"enemies":"Looter","floor":11.0,"turns":4.0},{"damage":1.0,"enemies":"Lots of Slimes","floor":13.0,"turns":5.0},{"damage":6.0,"enemies":"Exordium Thugs","floor":14.0,"turns":6.0},{"damage":6.0,"enemies":"The Guardian","floor":16.0,"turns":9.0},{"damage":6.0,"enemies":"2 Thieves","floor":18.0,"turns":4.0},{"damage":19.0,"enemies":"3 Byrds","floor":19.0,"turns":7.0},{"damage":17.0,"enemies":"Centurion and Healer","floor":20.0,"turns":6.0},{"damage":32,"enemies":"Gremlin Leader","floor":24,"turns":2}],"seed_played":"1453261449398276798","potions_obtained":[{"floor":1.0,"key":"Block Potion"},{"floor":13.0,"key":"SteroidPotion"},{"floor":16.0,"key":"Fire Potion"},{"floor":19.0,"key":"SneckoOil"}],"is_trial":false,"path_per_floor":["M","?","M","?","$","R","M","R","T","R","M","$","M","M","R","B",null,"M","M","M","?","?","R","E"],"character_chosen":"THE_SILENT","items_purchased":["Footwork","Prepared"],"campfire_rested":0,"item_purchase_floors":[5,12],"current_hp_per_floor":[59,59,57,57,57,57,57,57,57,57,57,57,56,50,50,44,61,55,36,19,19,19,31,0],"gold":131,"neow_bonus":"RANDOM_COMMON_RELIC","is_prod":false,"is_daily":false,"chose_seed":false,"campfire_upgraded":5,"win_rate":0,"timestamp":1550474993,"path_taken":["M","?","M","?","$","R","M","R","T","R","M","?","M","M","R","BOSS","M","M","M","?","?","R","E"],"build_version":"2019-01-23","purchased_purges":0,"victory":false,"max_hp_per_floor":[66,66,66,66,66,66,66,66,66,66,66,66,66,66,66,66,66,66,66,66,66,66,66,66],"card_choices":[{"not_picked":["Backflip","Deflect"],"picked":"Footwork","floor":1.0},{"not_picked":["Backstab","Acrobatics"],"picked":"Dagger Throw","floor":3.0},{"not_picked":["Quick Slash","Wraith Form v2"],"picked":"Poisoned Stab","floor":7.0},{"not_picked":["Underhanded Strike","Flying Knee"],"picked":"Deadly Poison","floor":11.0},{"not_picked":["Masterful Stab","Underhanded Strike"],"picked":"Well Laid Plans","floor":13.0},{"not_picked":["Slice","Blade Dance"],"picked":"Deflect","floor":14.0},{"not_picked":["Corpse Explosion","A Thousand Cuts"],"picked":"Grand Finale","floor":16.0},{"not_picked":["Finisher","Dodge and Roll"],"picked":"Prepared","floor":18.0},{"not_picked":["Bane","Poisoned Stab","Outmaneuver"],"picked":"SKIP","floor":19.0},{"not_picked":["Footwork+1","Prepared"],"picked":"Expertise","floor":20.0}],"player_experience":815566,"relics_obtained":[{"floor":9.0,"key":"Mummified Hand"}],"event_choices":[{"cards_removed":["Strike_G"],"damage_healed":0.0,"max_hp_gain":0.0,"max_hp_loss":0.0,"gold_gain":0.0,"event_name":"Living Wall","player_choice":"Forget","floor":2.0,"gold_loss":0.0,"damage_taken":0.0},{"cards_removed":["Strike_G"],"damage_healed":0.0,"max_hp_gain":0.0,"max_hp_loss":0.0,"gold_gain":0.0,"event_name":"The Cleric","player_choice":"Card Removal","floor":4.0,"gold_loss":75.0,"damage_taken":0.0},{"damage_healed":0,"gold_gain":0,"player_choice":"Ignored","damage_taken":0,"max_hp_gain":0,"max_hp_loss":0,"event_name":"Cursed Tome","floor":21,"gold_loss":0},{"damage_healed":0,"gold_gain":0,"player_choice":"Copied","damage_taken":0,"max_hp_gain":0,"max_hp_loss":0,"event_name":"Duplicator","floor":22,"gold_loss":0,"cards_obtained":["Grand Finale"]}],"is_beta":false,"boss_relics":[{"not_picked":["Calling Bell","Philosopher\u0027s Stone"],"picked":"Eternal Feather"}],"items_purged_floors":[],"is_endless":false,"potions_floor_spawned":[1,13,16,19],"killed_by":"Gremlin Leader","ascension_level":18}