{"gold_per_floor":[115,127,144,219,219,245,245,257,281,281,300,310,642,657,657,730,730,748,748,800,819,836,836,849,849,873,759,759,775,448,463,463,541,541,558,558,558,558,576,576,586,586,586,586,586,597,32,49,49,49],"floor_reached":51,"playtime":3755,"items_purged":["Strike_R","Strike_R","Strike_R"],"score":1161,"play_id":"0e347040-c79c-430f-a7eb-079fc5ddf070","local_time":"20190728194126","is_ascension_mode":true,"campfire_choices":[{"data":"Bash","floor":7.0,"key":"SMITH"},{"floor":10.0,"key":"REST"},{"data":"Uppercut","floor":15.0,"key":"SMITH"},{"data":"Battle Trance","floor":23.0,"key":"SMITH"},{"data":"Flame Barrier","floor":25.0,"key":"SMITH"},{"data":"Inflame","floor":28.0,"key":"SMITH"},{"data":"Clothesline","floor":32,"key":"SMITH"},{"data":"Bludgeon","floor":40,"key":"SMITH"},{"data":"Flame Barrier","floor":42,"key":"SMITH"},{"data":"Flame Barrier","floor":44,"key":"SMITH"},{"data":"Offering","floor":49,"key":"SMITH"}],"neow_cost":"NONE","seed_source_timestamp":75901772155651,"circlet_count":0,"master_deck":["AscendersBane","Defend_R","Defend_R","Defend_R","Defend_R","Bash+1","Sword Boomerang","Clothesline+1","Disarm","Iron Wave","Battle Trance+1","Inflame+1","Uppercut+1","Flame Barrier+1","Reaper","Shrug It Off","Shrug It Off","Uppercut+1","Flame Barrier+1","Corruption","Offering+1","Bludgeon+1","Flame Barrier+1","Shrug It Off"],"special_seed":0,"relics":["Burning Blood","Lantern","Anchor","Bag of Marbles","Dream Catcher","Old Coin","Snecko Eye","Art of War","Boot","Empty Cage","Pear","Oddly Smooth Stone","Toolbox"],"potions_floor_usage":[33],"damage_taken":[{"damage":9.0,"enemies":"Small Slimes","floor":1.0,"turns":4.0},{"damage":9.0,"enemies":"Jaw Worm","floor":2.0,"turns":3.0},{"damage":1.0,"enemies":"Cultist","floor":3.0,"turns":3.0},{"damage":30.0,"enemies":"Gremlin Nob","floor":6.0,"turns":4.0},{"damage":1.0,"enemies":"Looter","floor":8.0,"turns":2.0},{"damage":5.0,"enemies":"Exordium Wildlife","floor":11.0,"turns":4.0},{"damage":2.0,"enemies":"Red Slaver","floor":12.0,"turns":4.0},{"damage":26.0,"enemies":"Lagavulin","floor":13.0,"turns":7.0},{"damage":0.0,"enemies":"2 Fungi Beasts","floor":14.0,"turns":3.0},{"damage":27.0,"enemies":"The Guardian","floor":16.0,"turns":15.0},{"damage":3.0,"enemies":"Shell Parasite","floor":18.0,"turns":3.0},{"damage":22.0,"enemies":"Spheric Guardian","floor":21.0,"turns":6.0},{"damage":1.0,"enemies":"Snake Plant","floor":22.0,"turns":4.0},{"damage":37.0,"enemies":"Sentry and Sphere","floor":24.0,"turns":6.0},{"damage":12.0,"enemies":"Snecko","floor":29.0,"turns":5.0},{"damage":12,"enemies":"3 Cultists","floor":31,"turns":5},{"damage":38,"enemies":"Champ","floor":33,"turns":12},{"damage":0,"enemies":"Orb Walker","floor":35,"turns":2},{"damage":0,"enemies":"3 Shapes","floor":39,"turns":4},{"damage":3,"enemies":"Writhing Mass","floor":41,"turns":6},{"damage":1,"enemies":"Transient","floor":46,"turns":6},{"damage":6,"enemies":"Jaw Worm Horde","floor":48,"turns":4},{"damage":35,"enemies":"Time Eater","floor":50,"turns":11}],"seed_played":"6059532772802640645","potions_obtained":[{"floor":3.0,"key":"SpeedPotion"},{"floor":6.0,"key":"Block Potion"},{"floor":12.0,"key":"FearPotion"},{"floor":33,"key":"SkillPotion"},{"floor":35,"key":"Weak Potion"}],"is_trial":false,"path_per_floor":["M","M","M","?","?","E","R","M","T","R","M","M","E","M","R","B",null,"M","?","T","M","M","R","M","R","T","$","R","M","$","M","R","B",null,"M","$","?","?","M","R","M","R","T","R","?","M","$","M","R","B",null],"character_chosen":"IRONCLAD","items_purchased":["Flame Barrier","Corruption","Offering","Shrug It Off","Oddly Smooth Stone","Toolbox"],"campfire_rested":1,"item_purchase_floors":[27,30,30,47,47,47],"current_hp_per_floor":[65,62,67,56,56,32,32,37,37,59,60,64,44,50,50,29,64,67,67,67,54,65,65,43,43,43,43,43,42,42,52,52,30,64,70,70,70,70,75,75,75,75,85,85,80,85,85,85,85,66],"gold":49,"neow_bonus":"RANDOM_COMMON_RELIC","is_prod":false,"is_daily":false,"chose_seed":false,"campfire_upgraded":10,"win_rate":0,"timestamp":1564368086,"path_taken":["M","M","M","?","?","E","R","M","T","R","M","?","E","M","R","BOSS","M","?","?","?","M","R","M","R","T","$","R","M","$","M","R","BOSS","M","$","?","?","M","R","M","R","T","R","?","?","$","M","R","BOSS"],"build_version":"2019-07-18","purchased_purges":3,"victory":true,"max_hp_per_floor":[75,75,75,75,75,75,75,75,75,75,75,75,75,75,75,75,75,75,75,75,75,75,75,75,75,75,75,75,75,75,75,75,75,75,75,75,75,75,75,75,75,75,85,85,85,85,85,85,85,85],"card_choices":[{"not_picked":["Twin Strike","Armaments"],"picked":"Pummel","floor":1.0},{"not_picked":["Thunderclap","Flex"],"picked":"Sword Boomerang","floor":2.0},{"not_picked":["Intimidate","Flex"],"picked":"Clothesline","floor":3.0},{"not_picked":["Reckless Charge","Feel No Pain"],"picked":"Disarm","floor":6.0},{"not_picked":["Cleave","Clothesline"],"picked":"Iron Wave","floor":8.0},{"not_picked":["Anger","Heavy Blade"],"picked":"Battle Trance","floor":10.0},{"not_picked":["Barricade","Body Slam"],"picked":"Inflame","floor":11.0},{"not_picked":["Thunderclap","Seeing Red"],"picked":"Uppercut","floor":12.0},{"not_picked":["Bludgeon","Infernal Blade","Sword Boomerang"],"picked":"SKIP","floor":13.0},{"not_picked":["Clash","Sword Boomerang"],"picked":"Flame Barrier","floor":14.0},{"not_picked":["Exhume","Double Tap"],"picked":"Reaper","floor":16.0},{"not_picked":["Clothesline","Burning Pact"],"picked":"Shrug It Off","floor":18.0},{"not_picked":["Second Wind","Heavy Blade","Perfected Strike"],"picked":"SKIP","floor":21.0},{"not_picked":["Second Wind","Heavy Blade","Perfected Strike"],"picked":"SKIP","floor":21.0},{"not_picked":["Evolve","Cleave"],"picked":"Uppercut+1","floor":22.0},{"not_picked":["Sword Boomerang","Iron Wave","Battle Trance"],"picked":"SKIP","floor":24.0},{"not_picked":["Combust","Dropkick","Havoc"],"picked":"SKIP","floor":29.0},{"not_picked":["Iron Wave","Sever Soul+1","Clothesline"],"picked":"SKIP","floor":31},{"not_picked":["Feed","Double Tap"],"picked":"Bludgeon","floor":33},{"not_picked":["Uppercut","Armaments"],"picked":"Flame Barrier","floor":35},{"not_picked":["Perfected Strike","Second Wind","Carnage"],"picked":"SKIP","floor":39},{"not_picked":["Thunderclap+1","Infernal Blade","Wild Strike"],"picked":"SKIP","floor":41},{"not_picked":["Perfected Strike","Sword Boomerang+1","Clothesline"],"picked":"SKIP","floor":46},{"not_picked":["True Grit","Metallicize","Warcry"],"picked":"SKIP","floor":48}],"player_experience":247063,"relics_obtained":[{"floor":6.0,"key":"Bag of Marbles"},{"floor":9.0,"key":"Dream Catcher"},{"floor":13.0,"key":"Old Coin"},{"floor":20.0,"key":"Art of War"},{"floor":26.0,"key":"Boot"},{"floor":43,"key":"Pear"}],"event_choices":[{"damage_healed":0.0,"max_hp_gain":0.0,"max_hp_loss":0.0,"gold_gain":75.0,"event_name":"World of Goop","player_choice":"Gather Gold","floor":4.0,"gold_loss":0.0,"damage_taken":11.0},{"damage_healed":0.0,"max_hp_gain":0.0,"max_hp_loss":0.0,"gold_gain":0.0,"event_name":"WeMeetAgain","player_choice":"Gave Potion","floor":5.0,"gold_loss":0.0,"damage_taken":0.0,"relics_obtained":["Anchor"]},{"damage_healed":0.0,"max_hp_gain":0.0,"max_hp_loss":0.0,"gold_gain":0.0,"event_name":"The Library","player_choice":"Read","floor":19.0,"gold_loss":0.0,"damage_taken":0.0,"cards_obtained":["Shrug It Off"]},{"damage_healed":0,"gold_gain":0,"player_choice":"Memory 1","damage_taken":0,"max_hp_gain":0,"max_hp_loss":0,"event_name":"SensoryStone","floor":37,"gold_loss":0},{"cards_removed":["Pummel"],"damage_healed":0,"gold_gain":0,"player_choice":"Removed Attack","damage_taken":0,"max_hp_gain":0,"max_hp_loss":0,"event_name":"Falling","floor":38,"gold_loss":0},{"damage_healed":0,"gold_gain":0,"player_choice":"Bought 0 Potions","damage_taken":0,"max_hp_gain":0,"max_hp_loss":0,"event_name":"The Woman in Blue","floor":45,"gold_loss":0}],"is_beta":true,"boss_relics":[{"not_picked":["Fusion Hammer","Black Blood"],"picked":"Snecko Eye"},{"not_picked":["White Beast Statue","Runic Cube"],"picked":"Empty Cage"}],"items_purged_floors":[27,30,47],"is_endless":false,"potions_floor_spawned":[3,6,12,13,21,24,33,35,41,48],"ascension_level":18}