{"gold_per_floor":[113,113,128,146,166,166,192,192,192,117,82,115,115,65,65,141,141,161,9,9,29,43,43,54,54,54,54,74,94,104,49,49,49],"floor_reached":33,"playtime":1352,"items_purged":["Strike_B","Defend_B"],"score":514,"play_id":"30ab0a36-9d1e-4382-9d19-c45a6c122a96","local_time":"20190727012109","is_ascension_mode":true,"campfire_choices":[{"data":"Darkness","floor":6.0,"key":"SMITH"},{"data":"Loop","floor":8.0,"key":"SMITH"},{"data":"Hologram","floor":15.0,"key":"SMITH"},{"data":"Defragment","floor":23.0,"key":"SMITH"},{"data":"Redo","floor":25.0,"key":"SMITH"},{"data":"Dualcast","floor":27.0,"key":"SMITH"},{"data":"Coolheaded","floor":32,"key":"SMITH"}],"neow_cost":"NONE","seed_source_timestamp":476730839239979,"circlet_count":0,"master_deck":["AscendersBane","Strike_B","Defend_B","Defend_B","Defend_B","Zap","Dualcast+1","Darkness+1","Self Repair","Undo","Hologram+1","Melter","Loop+1","Ball Lightning","Barrage","Core Surge","Go for the Eyes","Redo+1","Defragment+1","Fusion+1","BootSequence","Compile Driver","Defragment","Glacier","Coolheaded+1"],"special_seed":0,"relics":["FrozenCore","Bronze Scales","Centennial Puzzle","Pear","Thread and Needle"],"potions_floor_usage":[],"damage_taken":[{"damage":6.0,"enemies":"Small Slimes","floor":1.0,"turns":4.0},{"damage":7.0,"enemies":"Cultist","floor":3.0,"turns":4.0},{"damage":5.0,"enemies":"2 Louse","floor":4.0,"turns":3.0},{"damage":32.0,"enemies":"Lots of Slimes","floor":5.0,"turns":7.0},{"damage":30.0,"enemies":"Lagavulin","floor":7.0,"turns":5.0},{"damage":25.0,"enemies":"3 Sentries","floor":12.0,"turns":7.0},{"damage":11.0,"enemies":"Hexaghost","floor":16.0,"turns":6.0},{"damage":0.0,"enemies":"Spheric Guardian","floor":18.0,"turns":4.0},{"damage":6.0,"enemies":"Chosen","floor":21.0,"turns":5.0},{"damage":14.0,"enemies":"Centurion and Healer","floor":22.0,"turns":4.0},{"damage":29.0,"enemies":"3 Cultists","floor":24.0,"turns":5.0},{"damage":2.0,"enemies":"Sentry and Sphere","floor":28.0,"turns":4.0},{"damage":0.0,"enemies":"Centurion and Healer","floor":29.0,"turns":7.0},{"damage":7,"enemies":"Snake Plant","floor":30,"turns":4},{"damage":56,"enemies":"Collector","floor":33,"turns":10}],"seed_played":"-7668868430131326631","potions_obtained":[{"floor":3.0,"key":"SpeedPotion"},{"floor":7.0,"key":"Block Potion"},{"floor":12.0,"key":"PowerPotion"},{"floor":18.0,"key":"Poison Potion"},{"floor":24.0,"key":"Swift Potion"},{"floor":28.0,"key":"SteroidPotion"}],"is_trial":false,"path_per_floor":["M","?","M","M","M","R","E","R","T","$","?","E","?","$","R","B",null,"M","$","?","M","M","R","M","R","T","R","M","M","M","$","R","B"],"character_chosen":"DEFECT","items_purchased":["Barrage","Redo","Coolheaded"],"campfire_rested":0,"item_purchase_floors":[14,19,31],"current_hp_per_floor":[65,65,65,67,42,42,19,19,19,19,38,30,30,30,30,26,73,73,73,73,74,60,60,38,38,38,38,43,50,50,50,50,0],"gold":49,"neow_bonus":"TEN_PERCENT_HP_BONUS","is_prod":false,"is_daily":false,"chose_seed":false,"campfire_upgraded":7,"win_rate":0,"timestamp":1564158069,"path_taken":["M","?","M","?","M","R","E","R","T","$","?","E","?","$","R","BOSS","M","?","?","?","M","R","M","R","T","R","M","?","M","$","R","BOSS"],"build_version":"2019-07-17","purchased_purges":2,"victory":false,"max_hp_per_floor":[78,78,78,78,78,78,78,78,78,78,78,88,88,88,88,88,88,88,88,88,88,88,88,88,88,88,88,88,88,88,88,88,88],"card_choices":[{"not_picked":["Sweeping Beam","Undo"],"picked":"Darkness","floor":1.0},{"not_picked":["Cold Snap","Sweeping Beam"],"picked":"Undo","floor":3.0},{"not_picked":["Hello World","Leap"],"picked":"Hologram","floor":4.0},{"not_picked":["Leap","Barrage"],"picked":"Melter","floor":5.0},{"not_picked":["Aggregate","Hologram"],"picked":"Loop","floor":7.0},{"not_picked":["Aggregate","Barrage"],"picked":"Ball Lightning","floor":12.0},{"not_picked":["Thunder Strike","Meteor Strike"],"picked":"Core Surge","floor":16.0},{"not_picked":["Rebound","Beam Cell"],"picked":"Go for the Eyes","floor":18.0},{"not_picked":["Gash","Stack+1"],"picked":"Defragment","floor":21.0},{"not_picked":["Melter+1","Beam Cell"],"picked":"Fusion+1","floor":22.0},{"not_picked":["Creative AI","Coolheaded"],"picked":"BootSequence","floor":24.0},{"not_picked":["Chill+1","Cold Snap"],"picked":"Compile Driver","floor":28.0},{"not_picked":["Hologram","Undo"],"picked":"Defragment","floor":29.0},{"not_picked":["Steam","Cold Snap"],"picked":"Glacier","floor":30}],"player_experience":1022103,"relics_obtained":[{"floor":7.0,"key":"Bronze Scales"},{"floor":9.0,"key":"Centennial Puzzle"},{"floor":12.0,"key":"Pear"},{"floor":26.0,"key":"Thread and Needle"}],"event_choices":[{"damage_healed":0.0,"max_hp_gain":0.0,"max_hp_loss":0.0,"gold_gain":0.0,"cards_transformed":["Strike_B"],"event_name":"Transmorgrifier","player_choice":"Transformed","floor":2.0,"gold_loss":0.0,"damage_taken":0.0,"cards_obtained":["Self Repair"]},{"damage_healed":19.0,"max_hp_gain":0.0,"max_hp_loss":0.0,"gold_gain":0.0,"event_name":"The Cleric","player_choice":"Healed","floor":11.0,"gold_loss":35.0,"damage_taken":0.0},{"cards_removed":["Strike_B"],"damage_healed":0.0,"max_hp_gain":0.0,"max_hp_loss":0.0,"gold_gain":0.0,"event_name":"Bonfire Elementals","player_choice":"Offered Basic","floor":13.0,"gold_loss":0.0,"damage_taken":0.0},{"damage_healed":0.0,"max_hp_gain":0.0,"max_hp_loss":0.0,"gold_gain":0.0,"event_name":"Match and Keep!","player_choice":"0 cards matched","floor":20.0,"gold_loss":0.0,"damage_taken":0.0,"cards_obtained":[]}],"is_beta":false,"boss_relics":[{"not_picked":["Coffee Dripper","Cursed Key"],"picked":"FrozenCore"}],"items_purged_floors":[10,19],"is_endless":false,"potions_floor_spawned":[3,7,12,18,24,28],"killed_by":"Collector","ascension_level":20}