{"gold_per_floor":[114,189,339,101,117,117,147,147,174,207,207,236,258,272,272,348,348,348,248,248,248,248,248,248,248,248,248,248,248,123,123,123,123,123,123,123,123,87,87,87,87,87],"floor_reached":42,"playtime":2411,"items_purged":["Doubt","Strike_R","Strike_R"],"score":818,"play_id":"b1c7394c-e7ec-4129-80b7-c8a2927921cb","local_time":"20190727190346","is_ascension_mode":true,"campfire_choices":[{"floor":6.0,"key":"REST"},{"data":"Bash","floor":8.0,"key":"SMITH"},{"floor":11.0,"key":"REST"},{"data":"True Grit","floor":15.0,"key":"SMITH"},{"data":"Double Tap","floor":23.0,"key":"SMITH"},{"data":"Bludgeon","floor":25.0,"key":"SMITH"},{"floor":27.0,"key":"REST"},{"floor":32.0,"key":"REST"},{"floor":40.0,"key":"REST"}],"neow_cost":"NONE","seed_source_timestamp":859357856539144,"circlet_count":0,"master_deck":["AscendersBane","Strike_R","Strike_R","Strike_R","Defend_R","Defend_R","Defend_R","Defend_R","Bash+1","Double Tap+1","Disarm","Bludgeon+1","Headbutt","Iron Wave","True Grit+1","Warcry","Flame Barrier","Headbutt","Battle Trance","Ghostly Armor","Impervious","Body Slam+1","Madness","Madness","Shockwave","Intimidate+1"],"special_seed":0,"relics":["Burning Blood","Orichalcum","Ancient Tea Set","Boot","Shuriken","Thread and Needle","Odd Mushroom","Ectoplasm","Red Mask","WingedGreaves","Fusion Hammer","Regal Pillow"],"potions_floor_usage":[41],"damage_taken":[{"damage":14.0,"enemies":"2 Louse","floor":1.0,"turns":3.0},{"damage":4.0,"enemies":"Jaw Worm","floor":5.0,"turns":3.0},{"damage":26.0,"enemies":"3 Sentries","floor":7.0,"turns":8.0},{"damage":26.0,"enemies":"Lagavulin","floor":10.0,"turns":5.0},{"damage":4.0,"enemies":"3 Sentries","floor":12.0,"turns":6.0},{"damage":2.0,"enemies":"The Mushroom Lair","floor":13.0,"turns":4.0},{"damage":0.0,"enemies":"Small Slimes","floor":14.0,"turns":4.0},{"damage":36.0,"enemies":"Hexaghost","floor":16.0,"turns":8.0},{"damage":12.0,"enemies":"Spheric Guardian","floor":18.0,"turns":4.0},{"damage":32.0,"enemies":"Masked Bandits","floor":20.0,"turns":6.0},{"damage":0.0,"enemies":"Chosen","floor":22.0,"turns":3.0},{"damage":8.0,"enemies":"Snake Plant","floor":24.0,"turns":4.0},{"damage":30.0,"enemies":"Sentry and Sphere","floor":28.0,"turns":6.0},{"damage":0.0,"enemies":"Cultist and Chosen","floor":29.0,"turns":4.0},{"damage":24.0,"enemies":"Chosen and Byrds","floor":31.0,"turns":7.0},{"damage":39.0,"enemies":"Collector","floor":33.0,"turns":8.0},{"damage":15.0,"enemies":"3 Darklings","floor":35.0,"turns":4.0},{"damage":1.0,"enemies":"Orb Walker","floor":39.0,"turns":4.0},{"damage":57,"enemies":"Reptomancer","floor":41,"turns":6},{"damage":19,"enemies":"3 Darklings","floor":42,"turns":2}],"seed_played":"5531263583950016507","potions_obtained":[{"floor":7.0,"key":"FearPotion"},{"floor":12.0,"key":"Explosive Potion"},{"floor":14.0,"key":"GamblersBrew"},{"floor":16.0,"key":"AttackPotion"},{"floor":18.0,"key":"Fire Potion"},{"floor":33.0,"key":"LiquidBronze"},{"floor":39.0,"key":"SteroidPotion"}],"is_trial":false,"path_per_floor":["M","?","?","$","M","R","E","R","T","E","R","E","?","M","R","B",null,"M","$","?","?","M","R","M","R","T","R","M","M","$","M","R","B",null,"M","?","?","$","M","R","E","M"],"character_chosen":"IRONCLAD","items_purchased":["Orichalcum","Shockwave"],"campfire_rested":5,"item_purchase_floors":[4,38],"current_hp_per_floor":[60,49,49,49,51,73,53,53,53,33,55,57,61,67,67,37,66,60,60,34,49,55,55,53,53,53,75,51,57,57,39,61,28,63,54,54,40,40,45,67,16,0],"gold":87,"neow_bonus":"ONE_RANDOM_RARE_CARD","is_prod":false,"is_daily":false,"chose_seed":false,"campfire_upgraded":4,"win_rate":0,"timestamp":1564279426,"path_taken":["M","?","?","$","M","R","E","R","T","E","R","E","?","M","R","BOSS","M","$","?","?","M","R","M","R","T","R","M","M","$","M","R","BOSS","M","?","?","?","M","R","E","M"],"build_version":"2019-07-18","purchased_purges":3,"victory":false,"max_hp_per_floor":[75,75,75,75,75,75,75,75,75,75,75,75,75,75,75,75,75,75,75,75,75,75,75,75,75,75,75,75,75,75,75,75,75,75,75,75,75,75,75,75,75,75],"card_choices":[{"not_picked":["Thunderclap","Iron Wave"],"picked":"Disarm","floor":1.0},{"not_picked":["Headbutt","Sword Boomerang"],"picked":"Bludgeon","floor":5.0},{"not_picked":["Cleave","Clothesline"],"picked":"Headbutt","floor":7.0},{"not_picked":["Bludgeon","Sword Boomerang"],"picked":"Iron Wave","floor":10.0},{"not_picked":["Armaments","Body Slam"],"picked":"True Grit","floor":12.0},{"not_picked":["Body Slam","Reckless Charge"],"picked":"Warcry","floor":13.0},{"not_picked":["Sword Boomerang","Armaments"],"picked":"Flame Barrier","floor":14.0},{"not_picked":["Iron Wave","Clothesline"],"picked":"Inflame","floor":18.0},{"not_picked":["Rupture+1","Heavy Blade"],"picked":"Headbutt","floor":20.0},{"not_picked":["Exhume","Twin Strike","Flex"],"picked":"SKIP","floor":22.0},{"not_picked":["Disarm+1","Wild Strike"],"picked":"Battle Trance","floor":24.0},{"not_picked":["Berserk","Clothesline"],"picked":"Ghostly Armor","floor":28.0},{"not_picked":["Feel No Pain","Anger","Clothesline"],"picked":"SKIP","floor":29.0},{"not_picked":["Double Tap","Metallicize","Searing Blow+1"],"picked":"SKIP","floor":31.0},{"not_picked":["Brutality","Feed"],"picked":"Impervious","floor":33.0},{"not_picked":["Clash","Thunderclap"],"picked":"Body Slam+1","floor":35.0},{"not_picked":["Disarm","Clash"],"picked":"Intimidate+1","floor":39.0},{"not_picked":["Warcry","Burning Pact","Sword Boomerang"],"picked":"SKIP","floor":41}],"player_experience":232755,"relics_obtained":[{"floor":7.0,"key":"Ancient Tea Set"},{"floor":9.0,"key":"Boot"},{"floor":10.0,"key":"Shuriken"},{"floor":12.0,"key":"Thread and Needle"},{"floor":13.0,"key":"Odd Mushroom"},{"floor":20.0,"key":"Red Mask"},{"floor":26.0,"key":"WingedGreaves"},{"floor":41,"key":"Regal Pillow"}],"event_choices":[{"damage_healed":0.0,"max_hp_gain":0.0,"max_hp_loss":0.0,"gold_gain":75.0,"event_name":"World of Goop","player_choice":"Gather Gold","floor":2.0,"gold_loss":0.0,"damage_taken":11.0},{"damage_healed":0.0,"max_hp_gain":0.0,"max_hp_loss":0.0,"gold_gain":150.0,"event_name":"Liars Game","player_choice":"AGREE","floor":3.0,"gold_loss":0.0,"damage_taken":0.0,"cards_obtained":["Doubt"]},{"damage_healed":0.0,"max_hp_gain":0.0,"max_hp_loss":0.0,"gold_gain":0.0,"event_name":"Mushrooms","player_choice":"Fought Mushrooms","floor":13.0,"gold_loss":0.0,"damage_taken":0.0},{"damage_healed":0.0,"max_hp_gain":0.0,"max_hp_loss":0.0,"gold_gain":0.0,"event_name":"Masked Bandits","player_choice":"Fought Bandits","floor":20.0,"gold_loss":0.0,"damage_taken":0.0},{"damage_healed":15.0,"max_hp_gain":0.0,"max_hp_loss":0.0,"gold_gain":0.0,"event_name":"The Library","player_choice":"Heal","floor":21.0,"gold_loss":0.0,"damage_taken":0.0},{"cards_removed":["Inflame"],"damage_healed":0.0,"max_hp_gain":0.0,"max_hp_loss":0.0,"gold_gain":0.0,"event_name":"Falling","player_choice":"Removed Power","floor":36.0,"gold_loss":0.0,"damage_taken":0.0},{"damage_healed":0.0,"max_hp_gain":0.0,"max_hp_loss":0.0,"gold_gain":0.0,"event_name":"Winding Halls","player_choice":"Embrace Madness","floor":37.0,"gold_loss":0.0,"damage_taken":14.0,"cards_obtained":["Madness","Madness"]}],"is_beta":true,"boss_relics":[{"not_picked":["Empty Cage","Calling Bell"],"picked":"Ectoplasm"},{"not_picked":["Tiny House","Coffee Dripper"],"picked":"Fusion Hammer"}],"items_purged_floors":[4,19,30],"is_endless":false,"potions_floor_spawned":[7,12,14,16,18,20,33,39],"killed_by":"3 Darklings","ascension_level":17}