{"path_per_floor":["M","?","?","M","M","R","E","M","T","R","M","E","$","M","R","B",null,"M","?","?","M"],"character_chosen":"THE_SILENT","items_purchased":["Mercury Hourglass"],"gold_per_floor":[114,114,114,128,139,139,168,187,214,214,230,255,16,26,26,131,131,148,148,148,160],"floor_reached":22,"campfire_rested":2,"playtime":1127,"current_hp_per_floor":[63,56,56,49,44,44,31,16,16,37,23,13,13,13,34,18,57,40,63,47,33],"items_purged":[],"gold":160,"score":284,"play_id":"c841cfea-d497-4bd4-affc-5bbebc510a55","is_prod":false,"is_daily":false,"is_ascension_mode":true,"campfire_upgraded":1,"path_taken":["M","?","?","M","M","R","E","M","T","R","?","E","$","M","R","BOSS","M","?","?","M","?"],"build_version":"2018-02-15-PROD1","purchased_purges":0,"victory":false,"master_deck":["Defend_G","Defend_G","Defend_G","Defend_G","Strike_G","Strike_G","Strike_G","Strike_G","Strike_G","Survivor","Neutralize","Noxious Fumes+1","Catalyst+1","Bane","Corpse Explosion","Backflip","Cloak And Dagger","Noxious Fumes","Tools of the Trade"],"max_hp_per_floor":[70,70,70,70,70,70,70,70,70,70,70,70,70,70,70,70,70,70,70,70,70],"relics":["Ring of the Snake","Lantern","Orichalcum","Oddly Smooth Stone","Mercury Hourglass","The Specimen","Enchiridion"],"card_choices":[{"not_picked":["Dodge and Roll","Slice"],"picked":"Noxious Fumes"},{"not_picked":["Cloak And Dagger","Flying Knee"],"picked":"Catalyst"},{"not_picked":["Setup","PiercingWail"],"picked":"Bane"},{"not_picked":["Eviscerate","Outmaneuver"],"picked":"Corpse Explosion"},{"not_picked":["Blade Dance","Deflect"],"picked":"Backflip"},{"not_picked":["Slice","Deflect"],"picked":"Cloak And Dagger"},{"not_picked":["Dodge and Roll","Sucker Punch"],"picked":"Noxious Fumes"},{"not_picked":["A Thousand Cuts","Wraith Form"],"picked":"Tools of the Trade"}],"player_experience":341457,"potions_floor_usage":[],"damage_taken":[{"damage":0.0,"enemies":"2 Louse","floor":1.0,"turns":4.0},{"damage":7.0,"enemies":"Jaw Worm","floor":4.0,"turns":5.0},{"damage":5.0,"enemies":"Small Slimes","floor":5.0,"turns":4.0},{"damage":13.0,"enemies":"3 Sentries","floor":7.0,"turns":7.0},{"damage":15.0,"enemies":"Exordium Wildlife","floor":8.0,"turns":5.0},{"damage":14.0,"enemies":"3 Louse","floor":11.0,"turns":4.0},{"damage":10.0,"enemies":"Lagavulin","floor":12.0,"turns":4.0},{"damage":0.0,"enemies":"Lots of Slimes","floor":14.0,"turns":3.0},{"damage":16.0,"enemies":"Slime Boss","floor":16.0,"turns":8.0},{"damage":17,"enemies":"Chosen","floor":18,"turns":5},{"damage":14,"enemies":"Shell Parasite","floor":21,"turns":6},{"damage":51,"enemies":"Cultist and Chosen","floor":22,"turns":4}],"event_choices":[{"event_name":"Golden Wing","player_choice":"Card Removal","floor":2.0,"damage_taken":0.0},{"event_name":"Living Wall","player_choice":"Grow","floor":3.0,"damage_taken":0.0},{"event_name":"The Library","player_choice":"Heal","floor":19,"damage_taken":0},{"event_name":"Cursed Tome","player_choice":"Obtained Book","floor":20,"damage_taken":0}],"boss_relics":[],"potions_floor_spawned":[4,8,11],"seed_played":"5157779070628427589","killed_by":"Cultist and Chosen","ascension_level":9,"is_trial":false}