{"gold_per_floor":[359,376,376,389,57,57,89,89,89,101,127,127,127,145,145,241,241,256,16,27,0,13,13],"floor_reached":23,"playtime":929,"items_purged":[],"score":231,"play_id":"84dab6f1-7f7f-47aa-bee9-11fae788580f","local_time":"20190730163915","is_ascension_mode":true,"campfire_choices":[{"floor":6,"key":"REST"},{"floor":12,"key":"REST"},{"floor":15,"key":"REST"}],"neow_cost":"TEN_PERCENT_HP_LOSS","seed_source_timestamp":526264523400685,"circlet_count":0,"master_deck":["Strike_R","Strike_R","Strike_R","Strike_R","Strike_R","Defend_R+1","Defend_R+1","Defend_R","Defend_R","Bash","Anger","Rampage","Armaments","Uppercut","Shockwave","True Grit","Whirlwind","Fire Breathing","Battle Trance","Reaper","Barricade","Headbutt","Iron Wave+1","Feed","Burning Pact+1","True Grit","Armaments"],"relics":["Black Blood","Gremlin Horn","Prayer Wheel","War Paint","Shuriken","Orichalcum","Blood Vial"],"potions_floor_usage":[10,11,19,20,22],"damage_taken":[{"damage":8,"enemies":"Jaw Worm","floor":1,"turns":4},{"damage":7,"enemies":"Small Slimes","floor":2,"turns":3},{"damage":4,"enemies":"2 Louse","floor":4,"turns":3},{"damage":32,"enemies":"Lagavulin","floor":7,"turns":8},{"damage":16,"enemies":"Exordium Wildlife","floor":10,"turns":4},{"damage":19,"enemies":"3 Sentries","floor":11,"turns":8},{"damage":11,"enemies":"3 Louse","floor":14,"turns":3},{"damage":35,"enemies":"Hexaghost","floor":16,"turns":11},{"damage":42,"enemies":"3 Byrds","floor":18,"turns":7},{"damage":28,"enemies":"2 Thieves","floor":20,"turns":4},{"damage":43,"enemies":"Snake Plant","floor":22,"turns":7},{"damage":41,"enemies":"Book of Stabbing","floor":23,"turns":6}],"seed_played":"-6555111920529350035","potions_obtained":[{"floor":7,"key":"Energy Potion"},{"floor":10,"key":"SkillPotion"},{"floor":14,"key":"Strength Potion"},{"floor":16,"key":"BloodPotion"},{"floor":18,"key":"PowerPotion"}],"is_trial":false,"path_per_floor":["M","M","?","M","$","R","E","?","T","M","E","R","?","M","R","B",null,"M","$","M","?","M","E"],"character_chosen":"IRONCLAD","items_purchased":["Uppercut","Prayer Wheel","Fruit Juice","Blood Vial"],"campfire_rested":3,"item_purchase_floors":[5,5,19,19],"current_hp_per_floor":[70,69,36,38,38,59,33,38,38,28,15,38,38,33,56,36,77,52,57,49,49,41,2],"gold":13,"neow_bonus":"TWO_FIFTY_GOLD","is_prod":false,"is_daily":false,"chose_seed":false,"campfire_upgraded":0,"win_rate":0,"timestamp":1564522755,"path_taken":["M","M","?","M","$","R","E","?","T","M","E","R","?","M","R","BOSS","M","$","M","?","M","E"],"build_version":"2019-07-17","purchased_purges":0,"victory":false,"max_hp_per_floor":[72,72,72,72,72,72,72,77,77,77,77,77,77,77,77,77,77,77,82,82,82,85,85],"card_choices":[{"not_picked":["Armaments","Shockwave"],"picked":"Anger","floor":1},{"not_picked":["Havoc","Entrench"],"picked":"Rampage","floor":2},{"not_picked":["Anger","Rage"],"picked":"Armaments","floor":4},{"not_picked":["Wild Strike","Blood for Blood"],"picked":"Shockwave","floor":7},{"not_picked":["Anger","Pommel Strike"],"picked":"True Grit","floor":10},{"not_picked":["Burning Pact","Sever Soul"],"picked":"Whirlwind","floor":10},{"not_picked":["Evolve","Feel No Pain"],"picked":"Fire Breathing","floor":11},{"not_picked":["Shrug It Off","Flex"],"picked":"Battle Trance","floor":14},{"not_picked":["Perfected Strike","Searing Blow"],"picked":"Reaper","floor":14},{"not_picked":["Brutality","Limit Break"],"picked":"Barricade","floor":16},{"not_picked":["Sword Boomerang","Havoc"],"picked":"Headbutt","floor":18},{"not_picked":["Perfected Strike","Sword Boomerang"],"picked":"Iron Wave+1","floor":18},{"not_picked":["True Grit","Burning Pact+1"],"picked":"Feed","floor":20},{"not_picked":["Metallicize","Evolve"],"picked":"Burning Pact+1","floor":20},{"not_picked":["Clash","Heavy Blade"],"picked":"True Grit","floor":22},{"not_picked":["Clash","Combust"],"picked":"Armaments","floor":22}],"player_experience":157461,"relics_obtained":[{"floor":7,"key":"War Paint"},{"floor":9,"key":"Shuriken"},{"floor":11,"key":"Orichalcum"}],"event_choices":[{"damage_healed":0,"gold_gain":0,"player_choice":"Success","damage_taken":33,"relics_obtained":["Gremlin Horn"],"max_hp_gain":0,"max_hp_loss":0,"event_name":"Scrap Ooze","floor":3,"gold_loss":0},{"damage_healed":0,"gold_gain":0,"player_choice":"Donut","damage_taken":0,"max_hp_gain":5,"max_hp_loss":0,"event_name":"Big Fish","floor":8,"gold_loss":0},{"damage_healed":0,"gold_gain":0,"player_choice":"Ignored","damage_taken":0,"max_hp_gain":0,"max_hp_loss":0,"event_name":"Shining Light","floor":13,"gold_loss":0},{"damage_healed":0,"gold_gain":0,"player_choice":"Paid Fearfully","damage_taken":0,"max_hp_gain":0,"max_hp_loss":0,"event_name":"Masked Bandits","floor":21,"gold_loss":27}],"is_beta":false,"boss_relics":[{"not_picked":["Empty Cage","Lizard Tail"],"picked":"Black Blood"}],"items_purged_floors":[],"is_endless":false,"potions_floor_spawned":[7,10,14,16,18],"killed_by":"Book of Stabbing","ascension_level":3}