{"gold_per_floor":[115,115,129,57,77,113,113,133,159,159,198,234,270,282,294,306],"floor_reached":16,"playtime":371,"items_purged":[],"score":112,"play_id":"10765919-3be5-425b-ad1c-6925f34b2f8d","local_time":"20190310140618","is_ascension_mode":false,"campfire_choices":[{"floor":7,"key":"REST"},{"floor":10,"key":"REST"},{"floor":15,"key":"REST"}],"neow_cost":"NONE","seed_source_timestamp":96352146887790,"circlet_count":0,"master_deck":["Strike_R","Strike_R","Strike_R","Strike_R","Strike_R","Defend_R","Defend_R","Defend_R","Defend_R","Bash","Rampage"],"relics":["Black Star","Golden Idol","Art of War","Omamori","Red Skull","Question Card","MawBank"],"potions_floor_usage":[11],"damage_taken":[{"damage":6,"enemies":"Jaw Worm","floor":1,"turns":5},{"damage":9,"enemies":"Small Slimes","floor":3,"turns":4},{"damage":9,"enemies":"2 Louse","floor":5,"turns":3},{"damage":51,"enemies":"3 Sentries","floor":6,"turns":10},{"damage":19,"enemies":"Blue Slaver","floor":8,"turns":3},{"damage":31,"enemies":"Lagavulin","floor":11,"turns":5},{"damage":1,"enemies":"3 Louse","floor":12,"turns":5},{"damage":1,"enemies":"Exordium Wildlife","floor":13,"turns":4},{"damage":0,"enemies":"The Guardian","floor":16,"turns":1}],"seed_played":"-4561834850093440731","potions_obtained":[{"floor":3,"key":"LiquidBronze"},{"floor":8,"key":"BloodPotion"},{"floor":13,"key":"Regen Potion"}],"is_trial":false,"path_per_floor":["M","?","M","$","M","E","R","M","T","R","E","M","M","?","R","B"],"character_chosen":"IRONCLAD","items_purchased":["Rampage"],"campfire_rested":3,"item_purchase_floors":[4],"current_hp_per_floor":[74,74,65,65,56,5,27,8,8,30,6,5,4,4,26,26],"gold":306,"neow_bonus":"BOSS_RELIC","is_prod":false,"is_daily":false,"chose_seed":false,"campfire_upgraded":0,"win_rate":0,"timestamp":1552223178,"path_taken":["M","?","M","$","M","E","R","M","T","R","E","M","M","?","R","BOSS"],"build_version":"2019-01-23","purchased_purges":0,"victory":false,"max_hp_per_floor":[80,74,74,74,74,74,74,74,74,74,74,74,74,74,74,74],"card_choices":[{"not_picked":["Body Slam","Armaments","Wild Strike"],"picked":"SKIP","floor":1},{"not_picked":["Battle Trance","True Grit","Sever Soul"],"picked":"SKIP","floor":3},{"not_picked":["Warcry","Thunderclap","Uppercut"],"picked":"SKIP","floor":5},{"not_picked":["Seeing Red","Iron Wave","Fire Breathing"],"picked":"SKIP","floor":6},{"not_picked":["Flex","Clash","Sword Boomerang"],"picked":"SKIP","floor":8},{"not_picked":["Impervious","Body Slam","Anger"],"picked":"SKIP","floor":11},{"not_picked":["Shrug It Off","Hemokinesis","Power Through","Twin Strike"],"picked":"SKIP","floor":12},{"not_picked":["Perfected Strike","Corruption","Flex","Blood for Blood"],"picked":"SKIP","floor":13}],"player_experience":971662,"relics_obtained":[{"floor":6,"key":"Art of War"},{"floor":6,"key":"Omamori"},{"floor":9,"key":"Red Skull"},{"floor":11,"key":"Question Card"},{"floor":11,"key":"MawBank"}],"event_choices":[{"damage_healed":0,"gold_gain":0,"player_choice":"Lose Max HP","damage_taken":0,"relics_obtained":["Golden Idol"],"max_hp_gain":0,"max_hp_loss":6,"event_name":"Golden Idol","floor":2,"gold_loss":0},{"damage_healed":0,"gold_gain":0,"player_choice":"Ignored","damage_taken":0,"max_hp_gain":0,"max_hp_loss":0,"event_name":"Golden Wing","floor":14,"gold_loss":0}],"is_beta":false,"boss_relics":[],"items_purged_floors":[],"is_endless":false,"potions_floor_spawned":[3,8,13],"killed_by":"The Guardian","ascension_level":0}