{"gold_per_floor":[109,284,284,301,316,316,296,309,332,349,53,53,53,53],"floor_reached":14,"playtime":497,"items_purged":["Defend_B"],"score":80,"play_id":"682a4a76-66bf-4695-b0f4-49d3e9348be1","local_time":"20190630040614","is_ascension_mode":false,"campfire_choices":[{"data":"Loop","floor":6,"key":"SMITH"},{"data":"Redo","floor":12,"key":"SMITH"}],"neow_cost":"NONE","seed_source_timestamp":1420767103089744,"circlet_count":0,"master_deck":["Strike_B","Strike_B","Strike_B","Strike_B","Defend_B","Defend_B","Defend_B","Zap","Dualcast","Loop+1","Chill","Glacier","Capacitor+1","Loop+1","Redo+1"],"relics":["Cracked Core","Potion Belt","DollysMirror"],"potions_floor_usage":[10],"damage_taken":[{"damage":4,"enemies":"2 Louse","floor":1,"turns":4},{"damage":0,"enemies":"Small Slimes","floor":4,"turns":3},{"damage":1,"enemies":"Cultist","floor":5,"turns":4},{"damage":6,"enemies":"2 Fungi Beasts","floor":8,"turns":3},{"damage":9,"enemies":"Red Slaver","floor":10,"turns":3},{"damage":62,"enemies":"Gremlin Nob","floor":14,"turns":5}],"seed_played":"-1006000126967929963","potions_obtained":[{"floor":1,"key":"Weak Potion"},{"floor":4,"key":"Explosive Potion"},{"floor":5,"key":"Swift Potion"}],"is_trial":false,"path_per_floor":["M","?","?","M","M","R","?","M","T","M","$","R","?","E"],"character_chosen":"DEFECT","items_purchased":["DollysMirror","Redo"],"campfire_rested":0,"item_purchase_floors":[11,11],"current_hp_per_floor":[78,78,78,78,77,77,77,71,71,62,62,62,62,0],"gold":53,"neow_bonus":"TEN_PERCENT_HP_BONUS","is_prod":false,"is_daily":false,"chose_seed":false,"campfire_upgraded":2,"win_rate":0.0,"timestamp":1561881974,"path_taken":["M","?","?","M","M","R","?","M","T","M","$","R","?","E"],"build_version":"2019-01-23","purchased_purges":1,"victory":false,"max_hp_per_floor":[82,82,82,82,82,82,82,82,82,82,82,82,82,82],"card_choices":[{"not_picked":["Genetic Algorithm","Aggregate"],"picked":"Loop","floor":1},{"not_picked":["Skim","Barrage","Sweeping Beam"],"picked":"SKIP","floor":4},{"not_picked":["Stack","Go for the Eyes"],"picked":"Chill","floor":5},{"not_picked":["Steam","Hologram"],"picked":"Glacier","floor":8},{"not_picked":["Double Energy","Sweeping Beam"],"picked":"Capacitor","floor":10}],"player_experience":42554,"relics_obtained":[{"floor":9,"key":"Potion Belt"}],"event_choices":[{"damage_healed":0,"gold_gain":175,"player_choice":"AGREE","damage_taken":0,"max_hp_gain":0,"max_hp_loss":0,"event_name":"Liars Game","floor":2,"gold_loss":0,"cards_obtained":["Doubt"]},{"cards_removed":["Doubt"],"damage_healed":0,"gold_gain":0,"player_choice":"Forget","damage_taken":0,"max_hp_gain":0,"max_hp_loss":0,"event_name":"Living Wall","floor":3,"gold_loss":0},{"damage_healed":0,"gold_gain":0,"player_choice":"Left Gold","damage_taken":0,"max_hp_gain":0,"max_hp_loss":0,"event_name":"World of Goop","floor":7,"gold_loss":20},{"damage_healed":0,"gold_gain":0,"player_choice":"Upgraded","damage_taken":0,"max_hp_gain":0,"max_hp_loss":0,"event_name":"Upgrade Shrine","floor":13,"gold_loss":0,"cards_upgraded":["Capacitor"]}],"is_beta":false,"boss_relics":[],"items_purged_floors":[11],"is_endless":false,"potions_floor_spawned":[1,4,5],"killed_by":"Gremlin Nob","ascension_level":0}