{"gold_per_floor":[115,115,125,300,57,57,74,105,105,116,66,66,94,109,109,187,187,187,187,187,112,72,72,72,72,72,72,72,72,72,72,72,72],"floor_reached":33,"playtime":1558,"items_purged":["Doubt","Strike_R"],"score":462,"play_id":"3a25a245-30fa-48ff-90f8-60cf72959272","local_time":"20190727003723","is_ascension_mode":true,"campfire_choices":[{"data":"Bash","floor":6,"key":"SMITH"},{"data":"Shrug It Off","floor":12,"key":"SMITH"},{"data":"Heavy Blade","floor":15,"key":"SMITH"},{"data":"Battle Trance","floor":23,"key":"SMITH"},{"data":"Flex","floor":27,"key":"SMITH"},{"floor":32,"key":"REST"}],"neow_cost":"NONE","seed_source_timestamp":793970686398382,"circlet_count":0,"master_deck":["AscendersBane","Strike_R+1","Strike_R+1","Strike_R+1","Defend_R+1","Defend_R+1","Defend_R+1","Defend_R+1","Bash+1","Shrug It Off+1","Heavy Blade+1","Flex+1","Ghostly Armor+1","Battle Trance+1","Double Tap+1","Flex","Double Tap+1","Ghostly Armor+1","Uppercut"],"relics":["Burning Blood","NeowsBlessing","Membership Card","Frozen Egg 2","Singing Bowl","Red Skull","Ectoplasm","Mango"],"potions_floor_usage":[13,16,33],"damage_taken":[{"damage":0,"enemies":"2 Louse","floor":1,"turns":1},{"damage":0,"enemies":"Small Slimes","floor":3,"turns":2},{"damage":0,"enemies":"Jaw Worm","floor":7,"turns":1},{"damage":32,"enemies":"Lagavulin","floor":8,"turns":6},{"damage":7,"enemies":"2 Fungi Beasts","floor":10,"turns":4},{"damage":25,"enemies":"3 Sentries","floor":13,"turns":10},{"damage":1,"enemies":"Looter","floor":14,"turns":3},{"damage":29,"enemies":"Slime Boss","floor":16,"turns":11},{"damage":12,"enemies":"Shell Parasite","floor":18,"turns":6},{"damage":0,"enemies":"Chosen","floor":20,"turns":3},{"damage":25,"enemies":"Sentry and Sphere","floor":24,"turns":8},{"damage":16,"enemies":"Snake Plant","floor":28,"turns":3},{"damage":7,"enemies":"Snecko","floor":29,"turns":4},{"damage":1,"enemies":"Centurion and Healer","floor":30,"turns":5},{"damage":94,"enemies":"Collector","floor":33,"turns":7}],"seed_played":"-4941335132750122018","potions_obtained":[{"floor":3,"key":"Fire Potion"},{"floor":13,"key":"Fire Potion"},{"floor":24,"key":"Swift Potion"},{"floor":30,"key":"PowerPotion"}],"is_trial":false,"path_per_floor":["M","?","M","?","$","R","M","E","T","M","$","R","E","M","R","B",null,"M","?","M","?","?","R","M","?","T","R","M","M","M","$","R","B"],"character_chosen":"IRONCLAD","items_purchased":["Membership Card"],"campfire_rested":1,"item_purchase_floors":[5],"current_hp_per_floor":[74,79,80,80,80,80,80,54,54,55,55,55,36,43,43,20,68,64,64,72,72,72,72,53,53,67,67,57,58,63,63,94,0],"gold":72,"neow_bonus":"THREE_ENEMY_KILL","is_prod":false,"is_daily":false,"chose_seed":false,"campfire_upgraded":5,"win_rate":0,"timestamp":1564213043,"path_taken":["M","?","M","?","?","R","M","E","T","M","$","R","E","M","R","BOSS","M","?","M","?","?","R","?","?","T","R","M","?","M","?","R","BOSS"],"build_version":"2019-07-18","purchased_purges":2,"victory":false,"max_hp_per_floor":[75,80,80,80,80,80,80,80,80,82,82,82,82,84,84,84,84,86,86,88,88,88,88,88,88,102,102,102,104,104,104,104,104],"card_choices":[{"not_picked":["Feel No Pain","Armaments"],"picked":"Shrug It Off","floor":1},{"not_picked":["Sword Boomerang","Wild Strike"],"picked":"Heavy Blade","floor":3},{"not_picked":["Heavy Blade","Blood for Blood"],"picked":"Flex","floor":7},{"not_picked":["Clash","Body Slam"],"picked":"Ghostly Armor","floor":8},{"not_picked":["Second Wind","Havoc","Warcry"],"picked":"Singing Bowl","floor":10},{"not_picked":["Dark Embrace+1","Heavy Blade"],"picked":"Battle Trance","floor":13},{"not_picked":["Iron Wave","Twin Strike","Evolve+1"],"picked":"Singing Bowl","floor":14},{"not_picked":["Juggernaut+1","Immolate"],"picked":"Double Tap","floor":16},{"not_picked":["Anger","Seeing Red+1","Cleave"],"picked":"Singing Bowl","floor":18},{"not_picked":["Pummel","Headbutt","Blood for Blood"],"picked":"Singing Bowl","floor":20},{"not_picked":["Sword Boomerang","Armaments"],"picked":"Flex","floor":24},{"not_picked":["Thunderclap","Headbutt"],"picked":"Ghostly Armor+1","floor":28},{"not_picked":["Sword Boomerang","Body Slam","Warcry"],"picked":"Singing Bowl","floor":29},{"not_picked":["Wild Strike","Clothesline+1"],"picked":"Uppercut","floor":30}],"player_experience":212884,"relics_obtained":[{"floor":8,"key":"Frozen Egg 2"},{"floor":9,"key":"Singing Bowl"},{"floor":13,"key":"Red Skull"},{"floor":26,"key":"Mango"}],"event_choices":[{"damage_healed":0,"gold_gain":0,"player_choice":"Donut","damage_taken":0,"max_hp_gain":5,"max_hp_loss":0,"event_name":"Big Fish","floor":2,"gold_loss":0},{"damage_healed":0,"gold_gain":175,"player_choice":"AGREE","damage_taken":0,"max_hp_gain":0,"max_hp_loss":0,"event_name":"Liars Game","floor":4,"gold_loss":0,"cards_obtained":["Doubt"]},{"damage_healed":0,"gold_gain":0,"player_choice":"Simplicity","damage_taken":0,"max_hp_gain":0,"max_hp_loss":0,"event_name":"Back to Basics","floor":19,"gold_loss":0,"cards_upgraded":["Strike_R","Strike_R","Strike_R","Strike_R","Defend_R","Defend_R","Defend_R","Defend_R"]},{"cards_removed":["Strike_R"],"damage_healed":0,"gold_gain":0,"player_choice":"Gave Gold","damage_taken":0,"max_hp_gain":0,"max_hp_loss":0,"event_name":"Beggar","floor":21,"gold_loss":75},{"damage_healed":0,"gold_gain":0,"player_choice":"Upgraded Two","damage_taken":0,"max_hp_gain":0,"max_hp_loss":0,"event_name":"Designer","floor":22,"gold_loss":40,"cards_upgraded":["Double Tap","Ghostly Armor"]},{"damage_healed":0,"gold_gain":0,"player_choice":"Copied","damage_taken":0,"max_hp_gain":0,"max_hp_loss":0,"event_name":"Duplicator","floor":25,"gold_loss":0,"cards_obtained":["Double Tap"]}],"is_beta":true,"boss_relics":[{"not_picked":["Eternal Feather","Black Blood"],"picked":"Ectoplasm"}],"items_purged_floors":[5,11],"is_endless":false,"potions_floor_spawned":[3,13,24,30],"killed_by":"Collector","ascension_level":14}