{"gold_per_floor":[113,130,130,148,73,73,89,103,103,103,113,123,44,72,72,146,146,146,46,46,46,46,46,46,46,46,46,46,46,46,46,46,46,46,46,46,46,46,46,46,46,46,46,46,46,46,46,0,0,0],"floor_reached":51,"playtime":2299,"items_purged":["Strike_R","Strike_R"],"score":1189,"play_id":"d28f1afa-f7a2-470a-8e80-16310ed28fe3","local_time":"20190217150054","is_ascension_mode":true,"campfire_choices":[{"data":"Cleave","floor":6.0,"key":"SMITH"},{"floor":10.0,"key":"DIG"},{"data":"Rupture","floor":15.0,"key":"SMITH"},{"floor":23.0,"key":"REST"},{"data":"Iron Wave","floor":27.0,"key":"SMITH"},{"data":"Flame Barrier","floor":29.0,"key":"SMITH"},{"data":"Battle Trance","floor":32.0,"key":"SMITH"},{"data":"Brutality","floor":40.0,"key":"SMITH"},{"data":"Iron Wave","floor":41.0,"key":"SMITH"},{"data":"Flame Barrier","floor":42.0,"key":"SMITH"},{"data":"Offering","floor":44.0,"key":"SMITH"},{"floor":49,"key":"DIG"}],"neow_cost":"NONE","seed_source_timestamp":0,"circlet_count":0,"master_deck":["AscendersBane","Strike_R+1","Strike_R+1","Strike_R+1","Defend_R+1","Defend_R+1","Defend_R+1","Defend_R+1","Bash+1","Cleave+1","Shrug It Off","Offering","Rupture+1","Battle Trance+1","Iron Wave+1","Brutality+1","Flame Barrier+1","Reaper","Iron Wave+1","Flame Barrier+1","Offering+1","Combust+1"],"special_seed":0,"relics":["Burning Blood","Shovel","Pantograph","Champion Belt","Ectoplasm","Shuriken","MawBank","Self Forming Clay","Orichalcum","Sozu","WingedGreaves","Centennial Puzzle","Red Mask","Lantern"],"potions_floor_usage":[],"damage_taken":[{"damage":7.0,"enemies":"Small Slimes","floor":1.0,"turns":3.0},{"damage":1.0,"enemies":"Cultist","floor":2.0,"turns":4.0},{"damage":7.0,"enemies":"Jaw Worm","floor":4.0,"turns":3.0},{"damage":21.0,"enemies":"Blue Slaver","floor":7.0,"turns":3.0},{"damage":0.0,"enemies":"Large Slime","floor":8.0,"turns":4.0},{"damage":4.0,"enemies":"2 Fungi Beasts","floor":11.0,"turns":3.0},{"damage":16.0,"enemies":"Exordium Thugs","floor":12.0,"turns":4.0},{"damage":33.0,"enemies":"Lagavulin","floor":14.0,"turns":9.0},{"damage":50.0,"enemies":"Slime Boss","floor":16.0,"turns":11.0},{"damage":29.0,"enemies":"Spheric Guardian","floor":18.0,"turns":5.0},{"damage":3.0,"enemies":"Chosen","floor":21.0,"turns":6.0},{"damage":14.0,"enemies":"3 Cultists","floor":22.0,"turns":5.0},{"damage":25.0,"enemies":"Book of Stabbing","floor":24.0,"turns":6.0},{"damage":11.0,"enemies":"Cultist and Chosen","floor":28.0,"turns":7.0},{"damage":20.0,"enemies":"Gremlin Leader","floor":30.0,"turns":6.0},{"damage":56.0,"enemies":"Collector","floor":33.0,"turns":10.0},{"damage":9.0,"enemies":"Orb Walker","floor":35.0,"turns":4.0},{"damage":21.0,"enemies":"Mind Bloom Boss Battle","floor":36.0,"turns":5.0},{"damage":19.0,"enemies":"3 Shapes","floor":39.0,"turns":3.0},{"damage":15,"enemies":"Jaw Worm Horde","floor":46,"turns":3},{"damage":61,"enemies":"Time Eater","floor":50,"turns":11}],"seed_played":"3643310102835314252","potions_obtained":[{"floor":1.0,"key":"AttackPotion"},{"floor":7.0,"key":"LiquidBronze"},{"floor":8.0,"key":"Block Potion"},{"floor":14.0,"key":"SkillPotion"},{"floor":18.0,"key":"Block Potion"},{"floor":21.0,"key":"EssenceOfSteel"},{"floor":24.0,"key":"SpeedPotion"},{"floor":28.0,"key":"Block Potion"},{"floor":30.0,"key":"SneckoOil"}],"is_trial":false,"path_per_floor":["M","M","?","M","$","R","M","M","T","R","M","M","$","E","R","B",null,"M","$","?","M","M","R","E","?","T","R","M","R","E","T","R","B",null,"M","?","$","?","M","R","R","R","T","R","?","M","$","?","R","B",null],"character_chosen":"IRONCLAD","items_purchased":["Battle Trance"],"campfire_rested":1,"item_purchase_floors":[13],"current_hp_per_floor":[67,72,72,71,71,71,56,62,62,62,64,54,54,27,27,8,58,35,35,35,38,30,52,33,33,33,33,36,36,57,57,57,66,73,75,75,75,75,62,62,62,62,62,62,62,74,74,74,74,43],"gold":0,"neow_bonus":"UPGRADE_CARD","is_prod":false,"is_daily":false,"chose_seed":false,"campfire_upgraded":9,"win_rate":0,"timestamp":1550412054,"path_taken":["M","M","?","?","$","R","M","M","T","R","M","M","$","E","R","BOSS","M","$","?","M","M","R","E","?","T","R","M","R","E","?","R","BOSS","M","?","$","?","M","R","R","R","T","R","?","?","?","?","R","BOSS"],"build_version":"2019-01-23","purchased_purges":2,"victory":true,"max_hp_per_floor":[75,75,75,75,75,75,75,75,75,75,75,75,75,75,75,75,75,75,75,75,75,75,75,75,75,75,75,75,75,75,75,75,75,75,75,75,75,75,75,75,75,75,75,75,75,75,75,75,75,75],"card_choices":[{"not_picked":["Clothesline","Clash","Armaments"],"picked":"SKIP","floor":1.0},{"not_picked":["Heavy Blade","True Grit"],"picked":"Cleave","floor":2.0},{"not_picked":["Dual Wield","Feel No Pain","Rupture"],"picked":"SKIP","floor":4.0},{"not_picked":["Pummel","Heavy Blade"],"picked":"Shrug It Off","floor":7.0},{"not_picked":["Reckless Charge","Havoc","Sever Soul"],"picked":"SKIP","floor":8.0},{"not_picked":["Warcry","Wild Strike"],"picked":"Offering","floor":11.0},{"not_picked":["Sword Boomerang","Evolve"],"picked":"Rupture","floor":12.0},{"not_picked":["Anger","Rampage"],"picked":"Iron Wave","floor":14.0},{"not_picked":["Bludgeon","Offering"],"picked":"Brutality","floor":16.0},{"not_picked":["Havoc","Thunderclap+1"],"picked":"Flame Barrier","floor":18.0},{"not_picked":["Flex","Body Slam+1","Clash"],"picked":"SKIP","floor":21.0},{"not_picked":["Flame Barrier","Seeing Red","Searing Blow"],"picked":"SKIP","floor":22.0},{"not_picked":["Berserk","Anger"],"picked":"Reaper","floor":24.0},{"not_picked":["Headbutt","Cleave"],"picked":"Iron Wave","floor":28.0},{"not_picked":["Body Slam","Cleave"],"picked":"Flame Barrier","floor":30.0},{"not_picked":["Impervious","Juggernaut"],"picked":"Offering","floor":33.0},{"not_picked":["Combust+1","Headbutt+1","Iron Wave+1"],"picked":"SKIP","floor":35.0},{"not_picked":["Headbutt+1","Iron Wave+1"],"picked":"Combust+1","floor":35.0},{"not_picked":["Armaments","Perfected Strike","Twin Strike"],"picked":"SKIP","floor":39.0},{"not_picked":["Flex","Wild Strike","Shrug It Off"],"picked":"SKIP","floor":46},{"not_picked":["Flex","Wild Strike","Shrug It Off"],"picked":"SKIP","floor":46}],"player_experience":808948,"relics_obtained":[{"floor":9.0,"key":"Shovel"},{"floor":10.0,"key":"Pantograph"},{"floor":14.0,"key":"Champion Belt"},{"floor":24.0,"key":"Shuriken"},{"floor":26.0,"key":"MawBank"},{"floor":30.0,"key":"Self Forming Clay"},{"floor":31.0,"key":"Orichalcum"},{"floor":36.0,"key":"WingedGreaves"},{"floor":43.0,"key":"Centennial Puzzle"},{"floor":49,"key":"Lantern"}],"event_choices":[{"damage_healed":0.0,"max_hp_gain":0.0,"max_hp_loss":0.0,"gold_gain":0.0,"event_name":"Match and Keep!","player_choice":"0 cards matched","floor":3.0,"gold_loss":0.0,"damage_taken":0.0,"cards_obtained":[]},{"damage_healed":0.0,"max_hp_gain":0.0,"max_hp_loss":0.0,"gold_gain":0.0,"event_name":"The Mausoleum","player_choice":"Ignored","floor":20.0,"gold_loss":0.0,"damage_taken":0.0},{"damage_healed":0.0,"max_hp_gain":0.0,"max_hp_loss":0.0,"gold_gain":0.0,"event_name":"Back to Basics","player_choice":"Simplicity","floor":25.0,"gold_loss":0.0,"damage_taken":0.0,"cards_upgraded":["Strike_R","Strike_R","Strike_R","Defend_R","Defend_R","Defend_R","Defend_R"]},{"damage_healed":0.0,"max_hp_gain":0.0,"max_hp_loss":0.0,"gold_gain":0.0,"event_name":"MindBloom","player_choice":"Fight","floor":36.0,"gold_loss":0.0,"damage_taken":0.0},{"damage_healed":0.0,"max_hp_gain":0.0,"max_hp_loss":0.0,"gold_gain":0.0,"event_name":"Mysterious Sphere","player_choice":"Ignored","floor":38.0,"gold_loss":0.0,"damage_taken":0.0},{"damage_healed":0,"gold_gain":0,"player_choice":"Memory 1","damage_taken":0,"max_hp_gain":0,"max_hp_loss":0,"event_name":"SensoryStone","floor":45,"gold_loss":0},{"damage_healed":0,"gold_gain":0,"player_choice":"Paid","damage_taken":0,"relics_obtained":["Red Mask"],"max_hp_gain":0,"max_hp_loss":0,"event_name":"Tomb of Lord Red Mask","floor":48,"gold_loss":46}],"is_beta":false,"boss_relics":[{"not_picked":["Pandora\u0027s Box","Runic Dome"],"picked":"Ectoplasm"},{"not_picked":["Cursed Key","Calling Bell"],"picked":"Sozu"}],"items_purged_floors":[5,19],"is_endless":false,"potions_floor_spawned":[1,7,8,14,18,21,24,28,30,36,39],"ascension_level":16}