{"gold_per_floor":[116,128,128,146,166,166,197,197,197,197,177],"floor_reached":11,"playtime":309,"items_purged":[],"score":135,"play_id":"44645b0f-3e9a-45ec-8b4d-814010cdbeea","local_time":"20190118092820","is_ascension_mode":true,"campfire_choices":[{"data":"Beam Cell","floor":6.0,"key":"SMITH"}],"neow_cost":"NONE","seed_source_timestamp":770508786134604,"circlet_count":0,"master_deck":["AscendersBane","Strike_B","Strike_B","Defend_B","Defend_B","Defend_B","Defend_B","Zap+1","Dualcast","Beam Cell+1","Sweeping Beam","Capacitor","Barrage","BootSequence"],"special_seed":0,"relics":["Cracked Core","Strawberry","Blood Vial"],"potions_floor_usage":[11],"damage_taken":[{"damage":0.0,"enemies":"2 Louse","floor":1.0,"turns":2.0},{"damage":5.0,"enemies":"Small Slimes","floor":2.0,"turns":3.0},{"damage":0.0,"enemies":"Cultist","floor":4.0,"turns":3.0},{"damage":20.0,"enemies":"Large Slime","floor":5.0,"turns":6.0},{"damage":25.0,"enemies":"Lagavulin","floor":7.0,"turns":5.0},{"damage":7,"enemies":"Exordium Thugs","floor":11,"turns":2}],"seed_played":"-3790709683758137740","potions_obtained":[{"floor":2.0,"key":"GamblersBrew"},{"floor":7,"key":"Fire Potion"}],"is_trial":false,"path_per_floor":["M","M","?","M","M","R","E","?","T","?","M"],"character_chosen":"DEFECT","items_purchased":[],"campfire_rested":0,"item_purchase_floors":[],"current_hp_per_floor":[64,59,55,55,35,35,10,3,3,3,0],"gold":177,"neow_bonus":"UPGRADE_CARD","is_prod":false,"is_daily":false,"chose_seed":false,"campfire_upgraded":1,"win_rate":0,"timestamp":1547800100,"path_taken":["M","M","?","M","M","R","E","?","T","?","M"],"build_version":"2019-01-17","purchased_purges":0,"victory":false,"max_hp_per_floor":[71,71,78,78,78,78,78,78,78,78,78],"card_choices":[{"not_picked":["Turbo","Hologram"],"picked":"Beam Cell","floor":1.0},{"not_picked":["Static Discharge","Blizzard"],"picked":"Sweeping Beam","floor":2.0},{"not_picked":["Streamline","Chill"],"picked":"Capacitor","floor":4.0},{"not_picked":["Beam Cell","Echo Form"],"picked":"Barrage","floor":5.0},{"not_picked":["Go for the Eyes","White Noise"],"picked":"BootSequence","floor":7}],"player_experience":768810,"relics_obtained":[{"floor":9,"key":"Blood Vial"}],"event_choices":[{"damage_healed":0.0,"max_hp_gain":0.0,"max_hp_loss":0.0,"gold_gain":0.0,"event_name":"Scrap Ooze","player_choice":"Success","floor":3.0,"gold_loss":0.0,"damage_taken":11.0,"relics_obtained":["Strawberry"]},{"cards_removed":["Strike_B"],"damage_healed":0,"gold_gain":0,"player_choice":"Card Removal","damage_taken":7,"max_hp_gain":0,"max_hp_loss":0,"event_name":"Golden Wing","floor":8,"gold_loss":0},{"cards_removed":["Strike_B"],"damage_healed":0,"gold_gain":0,"player_choice":"Forget","damage_taken":0,"max_hp_gain":0,"max_hp_loss":0,"event_name":"Living Wall","floor":10,"gold_loss":0}],"is_beta":false,"boss_relics":[],"items_purged_floors":[],"is_endless":false,"potions_floor_spawned":[2,7],"killed_by":"Exordium Thugs","ascension_level":17}