{"gold_per_floor":[110,110,125,150,166,166,182,182,261,280,296,296,271,196,196,196],"floor_reached":16,"playtime":370,"items_purged":[],"score":174,"play_id":"07c45363-58b8-44c6-a9ee-3f43c31a9d4a","local_time":"20190203211447","is_ascension_mode":true,"campfire_choices":[{"data":"Zap","floor":6,"key":"SMITH"},{"data":"Redo","floor":8,"key":"SMITH"},{"data":"Coolheaded","floor":12,"key":"SMITH"},{"data":"Dualcast","floor":15,"key":"SMITH"}],"neow_cost":"TEN_PERCENT_HP_LOSS","seed_source_timestamp":260198385762796,"circlet_count":0,"master_deck":["AscendersBane","Strike_B","Strike_B","Strike_B","Defend_B","Defend_B","Defend_B","Defend_B","Zap+1","Dualcast+1","Loop","Redo+1","Coolheaded+1","Conserve Battery","Melter"],"relics":["Cracked Core","Mango","Orichalcum","Ornamental Fan"],"potions_floor_usage":[],"damage_taken":[{"damage":4,"enemies":"Small Slimes","floor":1,"turns":3},{"damage":2,"enemies":"Jaw Worm","floor":3,"turns":3},{"damage":9,"enemies":"2 Louse","floor":5,"turns":2},{"damage":6,"enemies":"Blue Slaver","floor":7,"turns":3},{"damage":5,"enemies":"Looter","floor":10,"turns":3},{"damage":7,"enemies":"2 Fungi Beasts","floor":11,"turns":4},{"damage":3,"enemies":"Exordium Thugs","floor":13,"turns":4},{"damage":45,"enemies":"Hexaghost","floor":16,"turns":9}],"seed_played":"8811939258772262578","potions_obtained":[{"floor":1,"key":"SteroidPotion"},{"floor":7,"key":"Regen Potion"},{"floor":13,"key":"Fire Potion"}],"is_trial":false,"path_per_floor":["M","?","M","T","M","R","M","R","T","M","M","R","M","?","R","B"],"character_chosen":"DEFECT","items_purchased":[],"campfire_rested":0,"item_purchase_floors":[],"current_hp_per_floor":[74,74,72,72,63,63,57,57,57,52,45,45,42,42,42,0],"gold":196,"neow_bonus":"ONE_RARE_RELIC","is_prod":false,"is_daily":false,"chose_seed":false,"campfire_upgraded":4,"win_rate":0,"timestamp":1549224887,"path_taken":["M","?","M","?","M","R","M","R","T","M","M","R","M","?","R","BOSS"],"build_version":"2019-01-23","purchased_purges":0,"victory":false,"max_hp_per_floor":[78,78,78,78,78,78,78,78,78,78,78,78,78,78,78,78],"card_choices":[{"not_picked":["Heatsinks","Barrage"],"picked":"Loop","floor":1},{"not_picked":["Streamline","Force Field"],"picked":"Redo","floor":3},{"not_picked":["Undo","FTL","Sweeping Beam"],"picked":"SKIP","floor":5},{"not_picked":["White Noise","Barrage"],"picked":"Coolheaded","floor":7},{"not_picked":["Hologram","Consume","Sweeping Beam"],"picked":"SKIP","floor":10},{"not_picked":["Go for the Eyes","Static Discharge"],"picked":"Conserve Battery","floor":11},{"not_picked":["White Noise","Doom and Gloom"],"picked":"Melter","floor":13}],"player_experience":777208,"relics_obtained":[{"floor":4,"key":"Orichalcum"},{"floor":9,"key":"Ornamental Fan"}],"event_choices":[{"damage_healed":0,"gold_gain":0,"player_choice":"Ignored","damage_taken":0,"max_hp_gain":0,"max_hp_loss":0,"event_name":"Golden Idol","floor":2,"gold_loss":0},{"cards_removed":["Strike_B"],"damage_healed":0,"gold_gain":0,"player_choice":"Card Removal","damage_taken":0,"max_hp_gain":0,"max_hp_loss":0,"event_name":"The Cleric","floor":14,"gold_loss":75}],"is_beta":false,"boss_relics":[],"items_purged_floors":[],"is_endless":false,"potions_floor_spawned":[1,7,10,13],"killed_by":"Hexaghost","ascension_level":17}