{"gold_per_floor":[363,169,169,169,13,13,41,41,41,80,119,119,153,190,190,288,288,318,330,385,385,385,385,425,150,175,185,221,221,235,61,61,61],"floor_reached":33,"playtime":1106,"items_purged":["Strike_R","Corruption+1"],"score":450,"play_id":"699ee34e-ad7f-4b0f-8c15-57d8b0bcbd6b","local_time":"20190113210834","is_ascension_mode":true,"campfire_choices":[{"data":"Bash","floor":6.0,"key":"SMITH"},{"floor":8.0,"key":"REST"},{"data":"Rampage","floor":12.0,"key":"SMITH"},{"data":"Shrug It Off","floor":15.0,"key":"SMITH"},{"data":"Double Tap","floor":23.0,"key":"SMITH"},{"floor":29.0,"key":"REST"},{"data":"Pommel Strike","floor":32,"key":"SMITH"}],"neow_cost":"PERCENT_DAMAGE","seed_source_timestamp":535036040667613,"circlet_count":0,"master_deck":["AscendersBane","Strike_R+1","Defend_R+1","Defend_R","Defend_R+1","Bash+1","Thunderclap","HandOfGreed+1","Feed","Rampage+1","Headbutt","Dropkick","Shrug It Off+1","Double Tap+1","Disarm+1","Iron Wave+1","Headbutt","Pommel Strike+1","Pommel Strike+1","Shrug It Off","Flame Barrier","Inflame+1"],"special_seed":0,"relics":["Burning Blood","Lantern","Self Forming Clay","Question Card","Frozen Egg 2","Astrolabe","Bag of Preparation","Whetstone"],"potions_floor_usage":[33],"damage_taken":[{"damage":0.0,"enemies":"2 Louse","floor":1.0,"turns":3.0},{"damage":27.0,"enemies":"Lagavulin","floor":7.0,"turns":5.0},{"damage":0.0,"enemies":"Small Slimes","floor":10.0,"turns":2.0},{"damage":0.0,"enemies":"Cultist","floor":11.0,"turns":1.0},{"damage":16.0,"enemies":"Gremlin Nob","floor":13.0,"turns":3.0},{"damage":15.0,"enemies":"3 Louse","floor":14.0,"turns":3.0},{"damage":30.0,"enemies":"Hexaghost","floor":16.0,"turns":7.0},{"damage":14.0,"enemies":"2 Thieves","floor":18.0,"turns":5.0},{"damage":5.0,"enemies":"Shell Parasite","floor":19.0,"turns":3.0},{"damage":30.0,"enemies":"3 Cultists","floor":20.0,"turns":6.0},{"damage":28.0,"enemies":"Shelled Parasite and Fungi","floor":24.0,"turns":7.0},{"damage":22.0,"enemies":"Centurion and Healer","floor":27.0,"turns":5.0},{"damage":0.0,"enemies":"Snake Plant","floor":28.0,"turns":3.0},{"damage":11,"enemies":"Sentry and Sphere","floor":30,"turns":3},{"damage":73,"enemies":"Champ","floor":33,"turns":8}],"seed_played":"-1857901245828236611","potions_obtained":[{"floor":7.0,"key":"Dexterity Potion"},{"floor":10.0,"key":"Energy Potion"},{"floor":14.0,"key":"Strength Potion"},{"floor":20.0,"key":"Energy Potion"}],"is_trial":false,"path_per_floor":["M","$","?","?","$","R","E","R","T","M","M","R","E","M","R","B",null,"M","M","M","?","?","R","M","$","T","M","M","R","M","$","R","B"],"character_chosen":"IRONCLAD","items_purchased":["HandOfGreed","Lantern","Bag of Preparation","Shrug It Off","Inflame+1"],"campfire_rested":2,"item_purchase_floors":[2,5,25,25,31],"current_hp_per_floor":[56,56,33,33,33,33,12,34,34,43,49,49,42,36,36,12,66,58,59,38,55,55,55,36,36,36,20,26,53,51,51,51,0],"gold":61,"neow_bonus":"TWO_FIFTY_GOLD","is_prod":false,"is_daily":false,"chose_seed":false,"campfire_upgraded":5,"win_rate":0,"timestamp":1547410114,"path_taken":["M","$","?","?","$","R","E","R","T","M","?","R","E","M","R","BOSS","M","M","M","?","?","R","M","$","T","M","M","R","M","$","R","BOSS"],"build_version":"2019-01-10","purchased_purges":2,"victory":false,"max_hp_per_floor":[75,75,75,75,75,75,75,75,75,78,78,78,81,84,84,84,84,84,84,87,87,87,87,90,90,90,90,90,90,93,93,93,93],"card_choices":[{"not_picked":["Power Through","Spot Weakness"],"picked":"Thunderclap","floor":1.0},{"not_picked":["Clash","Warcry"],"picked":"Rampage","floor":7.0},{"not_picked":["Thunderclap","Twin Strike","Heavy Blade","Combust"],"picked":"SKIP","floor":10.0},{"not_picked":["Searing Blow","Havoc","Clash"],"picked":"Headbutt","floor":11.0},{"not_picked":["Clash","Immolate","Sentinel"],"picked":"Dropkick","floor":13.0},{"not_picked":["Heavy Blade","Iron Wave","Warcry"],"picked":"Shrug It Off","floor":14.0},{"not_picked":["Impervious","Barricade+1","Demon Form+1"],"picked":"Double Tap","floor":16.0},{"not_picked":["Cleave","Havoc","Reckless Charge"],"picked":"Headbutt","floor":18.0},{"not_picked":["Heavy Blade","Dual Wield","Twin Strike","Reckless Charge"],"picked":"SKIP","floor":19.0},{"not_picked":["Iron Wave","Clash","True Grit"],"picked":"Pommel Strike","floor":20.0},{"not_picked":["Rage","Iron Wave","Sword Boomerang"],"picked":"Pommel Strike+1","floor":24.0},{"not_picked":["Cleave","Havoc","Clash","Anger"],"picked":"SKIP","floor":27.0},{"not_picked":["Cleave","Sword Boomerang+1","Warcry"],"picked":"Flame Barrier","floor":28.0},{"not_picked":["Searing Blow","Heavy Blade","Power Through","Sword Boomerang"],"picked":"SKIP","floor":30}],"player_experience":731361,"relics_obtained":[{"floor":7.0,"key":"Self Forming Clay"},{"floor":9.0,"key":"Question Card"},{"floor":13.0,"key":"Frozen Egg 2"},{"floor":26.0,"key":"Whetstone"}],"event_choices":[{"damage_healed":0.0,"max_hp_gain":0.0,"max_hp_loss":0.0,"gold_gain":0.0,"event_name":"Shining Light","player_choice":"Entered Light","floor":3.0,"gold_loss":0.0,"damage_taken":23.0,"cards_upgraded":["Defend_R","Defend_R"]},{"damage_healed":0.0,"max_hp_gain":0.0,"max_hp_loss":0.0,"gold_gain":0.0,"cards_transformed":["Strike_R"],"event_name":"Transmorgrifier","player_choice":"Transformed","floor":4.0,"gold_loss":0.0,"damage_taken":0.0,"cards_obtained":["Feed"]},{"damage_healed":17.0,"max_hp_gain":0.0,"max_hp_loss":0.0,"gold_gain":0.0,"event_name":"The Library","player_choice":"Heal","floor":21.0,"gold_loss":0.0,"damage_taken":0.0},{"damage_healed":0.0,"max_hp_gain":0.0,"max_hp_loss":0.0,"gold_gain":0.0,"event_name":"The Mausoleum","player_choice":"Ignored","floor":22.0,"gold_loss":0.0,"damage_taken":0.0}],"is_beta":false,"boss_relics":[{"not_picked":["Tiny House","White Beast Statue"],"picked":"Astrolabe"}],"items_purged_floors":[25,31],"is_endless":false,"potions_floor_spawned":[7,10,14,20,24,27,28],"killed_by":"Champ","ascension_level":15}