{"gold_per_floor":[110,127,127,87,87,87,122,146,172,97,97,136,41,41,41,41],"floor_reached":16,"playtime":314,"items_purged":[],"score":262,"play_id":"3af89a47-1b52-4560-bf66-ef32018fd070","local_time":"20190720181332","is_ascension_mode":true,"campfire_choices":[{"data":"Bash","floor":6,"key":"SMITH"},{"data":"Barricade","floor":15,"key":"SMITH"}],"neow_cost":"NONE","seed_source_timestamp":199577029541801,"circlet_count":0,"master_deck":["AscendersBane","Strike_R","Strike_R","Strike_R","Defend_R","Defend_R","Defend_R","Defend_R","Bash+1","Cleave","Clash","Hemokinesis+1","Barricade+1","Body Slam","Power Through"],"special_seed":0,"relics":["Burning Blood","NeowsBlessing","Golden Idol","Centennial Puzzle","Potion Belt","Girya","Orichalcum"],"potions_floor_usage":[],"damage_taken":[{"damage":0.0,"enemies":"Jaw Worm","floor":1.0,"turns":1.0},{"damage":0.0,"enemies":"Small Slimes","floor":2.0,"turns":1.0},{"damage":0,"enemies":"Gremlin Nob","floor":7,"turns":1},{"damage":2,"enemies":"Cultist","floor":8,"turns":2},{"damage":32,"enemies":"Lagavulin","floor":12,"turns":5},{"damage":30,"enemies":"Hexaghost","floor":16,"turns":9}],"seed_played":"2215397912758928458","potions_obtained":[{"floor":2.0,"key":"Ancient Potion"}],"is_trial":false,"path_per_floor":["M","M","?","$","?","R","E","M","T","?","T","E","$","?","R","B"],"character_chosen":"IRONCLAD","items_purchased":["Hemokinesis","Body Slam","Power Through"],"campfire_rested":0,"item_purchase_floors":[4,13,13],"current_hp_per_floor":[74,75,49,49,49,49,55,59,59,59,59,33,33,26,26,0],"gold":41,"neow_bonus":"THREE_ENEMY_KILL","is_prod":false,"is_daily":false,"chose_seed":false,"campfire_upgraded":2,"win_rate":0,"timestamp":1563614012,"path_taken":["M","M","?","$","?","R","E","?","T","?","?","E","?","?","R","BOSS"],"build_version":"2019-07-17","purchased_purges":0,"victory":false,"max_hp_per_floor":[75,75,75,75,75,75,75,75,75,75,75,75,75,75,75,75],"card_choices":[{"not_picked":["Havoc","Corruption"],"picked":"Cleave","floor":1.0},{"not_picked":["Twin Strike","Heavy Blade"],"picked":"Clash","floor":2.0},{"not_picked":["Body Slam","Anger","Havoc"],"picked":"SKIP","floor":7},{"not_picked":["Twin Strike","Flex","Pommel Strike"],"picked":"SKIP","floor":8},{"not_picked":["Demon Form","Iron Wave"],"picked":"Barricade","floor":12}],"player_experience":997853,"relics_obtained":[{"floor":7,"key":"Centennial Puzzle"},{"floor":9,"key":"Potion Belt"},{"floor":11,"key":"Girya"},{"floor":12,"key":"Orichalcum"}],"event_choices":[{"damage_healed":0.0,"max_hp_gain":0.0,"max_hp_loss":0.0,"gold_gain":0.0,"event_name":"Golden Idol","player_choice":"Take Damage","floor":3.0,"gold_loss":0.0,"damage_taken":26.0,"relics_obtained":["Golden Idol"]},{"damage_healed":0,"gold_gain":0,"player_choice":"Forge","damage_taken":0,"max_hp_gain":0,"max_hp_loss":0,"event_name":"Accursed Blacksmith","floor":5,"gold_loss":0,"cards_upgraded":["Hemokinesis"]},{"cards_removed":["Strike_R"],"damage_healed":0,"gold_gain":0,"player_choice":"Card Removal","damage_taken":0,"max_hp_gain":0,"max_hp_loss":0,"event_name":"The Cleric","floor":10,"gold_loss":75},{"cards_removed":["Strike_R"],"damage_healed":0,"gold_gain":0,"player_choice":"Card Removal","damage_taken":7,"max_hp_gain":0,"max_hp_loss":0,"event_name":"Golden Wing","floor":14,"gold_loss":0}],"is_beta":false,"boss_relics":[],"items_purged_floors":[],"is_endless":false,"potions_floor_spawned":[2],"killed_by":"Hexaghost","ascension_level":20}