{"gold_per_floor":[113,113,61,76,1,26,26,201,201,233,233,263,282,302,302,398,398,423,455,467,491,518,530,542,469,562,591,622,665,704,716,728,840,852,877,417,427,35,48,48,80,80,128,140,140,186,186,186,186,186],"floor_reached":51,"playtime":2502,"items_purged":["Doubt","Defend_G","Defend_G"],"score":1120,"play_id":"84f0b8af-8ab5-405a-91f6-03fa4738ed15","local_time":"20190729234547","is_ascension_mode":true,"campfire_choices":[{"data":"Catalyst","floor":7,"key":"SMITH"},{"data":"Bouncing Flask","floor":15,"key":"SMITH"},{"data":"Catalyst","floor":23,"key":"SMITH"},{"data":"Venomology","floor":32,"key":"SMITH"},{"data":"1","floor":40,"key":"LIFT"},{"data":"2","floor":42,"key":"LIFT"},{"data":"3","floor":45,"key":"LIFT"},{"data":"After Image","floor":49,"key":"SMITH"}],"neow_cost":"CURSE","seed_source_timestamp":1572470115441789,"circlet_count":0,"master_deck":["Defend_G","Defend_G","Defend_G","Survivor","Neutralize","Discovery","Swift Strike","Riddle With Holes","Catalyst+1","Poisoned Stab","Catalyst","Flying Knee","Backstab","Venomology+1","Bouncing Flask+1","Die Die Die","Doubt","Decay","Regret","Well Laid Plans","Poisoned Stab+1","Ghostly","Ghostly","Ghostly","Ghostly","Ghostly","Catalyst+1","Wraith Form v2","Bite","Bite","Bite","Bite","Bite","Noxious Fumes","Wraith Form v2","Crippling Poison","Dagger Spray+1","Noxious Fumes","After Image+1","Noxious Fumes+1","Panache"],"relics":["Ring of the Serpent","Boot","Singing Bowl","Blue Candle","Spirit Poop","Orichalcum","Calling Bell","MawBank","Question Card","Girya","Pear","Mummified Hand","Vajra","Red Mask","Letter Opener","Oddly Smooth Stone","Ancient Tea Set","Toy Ornithopter","Omamori","Regal Pillow","Du-Vu Doll"],"potions_floor_usage":[12,16,16,16,19,19,28,29,29,30,33,33,33,35,37,39,44,50,50,50,50],"damage_taken":[{"damage":0,"enemies":"Small Slimes","floor":1,"turns":3},{"damage":0,"enemies":"Cultist","floor":4,"turns":3},{"damage":18,"enemies":"Gremlin Nob","floor":6,"turns":3},{"damage":17,"enemies":"Lagavulin","floor":10,"turns":7},{"damage":9,"enemies":"3 Sentries","floor":12,"turns":4},{"damage":0,"enemies":"2 Louse","floor":13,"turns":2},{"damage":1,"enemies":"Gremlin Gang","floor":14,"turns":3},{"damage":5,"enemies":"The Guardian","floor":16,"turns":5},{"damage":19,"enemies":"2 Thieves","floor":18,"turns":3},{"damage":24,"enemies":"Shell Parasite","floor":19,"turns":4},{"damage":0,"enemies":"Chosen and Byrds","floor":21,"turns":5},{"damage":24,"enemies":"3 Cultists","floor":22,"turns":7},{"damage":0,"enemies":"Snake Plant","floor":27,"turns":4},{"damage":10,"enemies":"Centurion and Healer","floor":28,"turns":4},{"damage":1,"enemies":"Slavers","floor":29,"turns":6},{"damage":1,"enemies":"Masked Bandits","floor":30,"turns":6},{"damage":0,"enemies":"Collector","floor":33,"turns":5},{"damage":5,"enemies":"3 Shapes","floor":35,"turns":5},{"damage":4,"enemies":"Orb Walker","floor":37,"turns":3},{"damage":0,"enemies":"Jaw Worm Horde","floor":39,"turns":4},{"damage":1,"enemies":"Giant Head","floor":41,"turns":5},{"damage":0,"enemies":"3 Darklings","floor":44,"turns":3},{"damage":43,"enemies":"2 Orb Walkers","floor":46,"turns":7},{"damage":48,"enemies":"Awakened One","floor":50,"turns":10}],"seed_played":"-1737183991435050073","potions_obtained":[{"floor":6,"key":"PowerPotion"},{"floor":14,"key":"EssenceOfSteel"},{"floor":29,"key":"PowerPotion"},{"floor":33,"key":"AttackPotion"},{"floor":37,"key":"Fire Potion"},{"floor":46,"key":"Dexterity Potion"}],"is_trial":false,"path_per_floor":["M","?","$","M","$","E","R","?","T","E","?","E","M","M","R","B",null,"M","M","?","M","M","R","?","?","T","M","M","E","?","T","R","B",null,"M","$","M","$","M","R","E","R","T","M","R","?","?","?","R","B",null],"character_chosen":"THE_SILENT","items_purchased":["Poisoned Stab","Oddly Smooth Stone","Ancient Tea Set","Crippling Poison","Toy Ornithopter","Noxious Fumes"],"campfire_rested":0,"item_purchase_floors":[3,36,36,36,38,38],"current_hp_per_floor":[70,70,70,70,70,52,52,52,52,35,35,26,28,27,27,22,72,53,43,36,36,12,12,12,22,22,28,24,29,36,36,36,41,41,41,41,39,39,45,45,45,45,45,47,47,6,47,47,47,3],"gold":186,"neow_bonus":"RANDOM_COLORLESS_2","is_prod":false,"is_daily":false,"chose_seed":false,"campfire_upgraded":5,"win_rate":0,"timestamp":1564458347,"path_taken":["M","?","?","M","$","E","R","?","T","E","?","E","M","?","R","BOSS","M","M","?","M","M","R","?","?","T","?","M","E","?","?","R","BOSS","M","$","M","$","?","R","E","R","T","M","R","?","?","?","R","BOSS"],"build_version":"2019-07-17","purchased_purges":3,"victory":true,"max_hp_per_floor":[70,70,70,70,70,70,70,70,70,70,70,70,72,72,72,72,72,72,72,36,36,36,36,25,35,35,37,39,39,41,41,41,41,41,43,43,43,43,45,45,45,45,45,47,47,47,47,47,47,47],"card_choices":[{"not_picked":["Dagger Throw","Predator"],"picked":"Riddle With Holes","floor":1},{"not_picked":["Sucker Punch","PiercingWail"],"picked":"Catalyst","floor":4},{"not_picked":["Underhanded Strike","Concentrate"],"picked":"Flying Knee","floor":6},{"not_picked":["Cloak And Dagger","Deflect"],"picked":"Backstab","floor":10},{"not_picked":["Phantasmal Killer","Finisher"],"picked":"Venomology","floor":12},{"not_picked":["Dagger Throw","Acrobatics","Cloak And Dagger"],"picked":"Singing Bowl","floor":13},{"not_picked":["Terror","Flechettes"],"picked":"Bouncing Flask","floor":14},{"not_picked":["Tools of the Trade","Phantasmal Killer"],"picked":"Die Die Die","floor":16},{"not_picked":["Cloak And Dagger","Outmaneuver","Accuracy"],"picked":"Well Laid Plans","floor":18},{"not_picked":["Blur+1","Bane","PiercingWail"],"picked":"Poisoned Stab+1","floor":19},{"not_picked":["Sucker Punch","Poisoned Stab","PiercingWail"],"picked":"Catalyst","floor":21},{"not_picked":["Predator+1","Flechettes+1","Noxious Fumes"],"picked":"Wraith Form v2","floor":22},{"not_picked":["Terror","Sucker Punch","Dagger Spray","Prepared"],"picked":"Singing Bowl","floor":27},{"not_picked":["Bane","Slice","Acrobatics","Expertise"],"picked":"Singing Bowl","floor":28},{"not_picked":["Footwork","Deflect+1","PiercingWail"],"picked":"Noxious Fumes","floor":29},{"not_picked":["Prepared","Deadly Poison+1","Slice","Reflex"],"picked":"Singing Bowl","floor":30},{"not_picked":["Storm of Steel","Envenom","Glass Knife"],"picked":"Wraith Form v2","floor":33},{"not_picked":["Cloak And Dagger","Flying Knee","Choke","Expertise+1"],"picked":"Singing Bowl","floor":35},{"not_picked":["Deadly Poison+1","Infinite Blades+1","Accuracy"],"picked":"Dagger Spray+1","floor":37},{"not_picked":["Dagger Spray","Prepared","Footwork","Backflip"],"picked":"Singing Bowl","floor":39},{"not_picked":["Blur","Deflect+1","Riddle With Holes"],"picked":"After Image","floor":41},{"not_picked":["Cloak And Dagger+1","Sucker Punch+1","Heel Hook","Distraction"],"picked":"Singing Bowl","floor":44},{"not_picked":["PiercingWail","Choke+1","Finisher"],"picked":"Noxious Fumes+1","floor":46},{"not_picked":["Discovery","PanicButton","Panacea"],"picked":"Panache","floor":48}],"player_experience":228737,"relics_obtained":[{"floor":6,"key":"Boot"},{"floor":9,"key":"Singing Bowl"},{"floor":10,"key":"Blue Candle"},{"floor":12,"key":"Orichalcum"},{"floor":17,"key":"MawBank"},{"floor":17,"key":"Question Card"},{"floor":17,"key":"Girya"},{"floor":26,"key":"Mummified Hand"},{"floor":29,"key":"Vajra"},{"floor":30,"key":"Red Mask"},{"floor":31,"key":"Letter Opener"},{"floor":41,"key":"Omamori"},{"floor":43,"key":"Regal Pillow"},{"floor":46,"key":"Du-Vu Doll"}],"event_choices":[{"damage_healed":0,"gold_gain":0,"cards_transformed":["Strike_G"],"player_choice":"Transformed","damage_taken":0,"max_hp_gain":0,"max_hp_loss":0,"event_name":"Transmorgrifier","floor":2,"gold_loss":0,"cards_obtained":["Catalyst"]},{"damage_healed":0,"gold_gain":175,"player_choice":"AGREE","damage_taken":0,"max_hp_gain":0,"max_hp_loss":0,"event_name":"Liars Game","floor":8,"gold_loss":0,"cards_obtained":["Doubt"]},{"cards_removed":["Doubt"],"damage_healed":0,"gold_gain":0,"player_choice":"Offered Curse","damage_taken":0,"relics_obtained":["Spirit Poop"],"max_hp_gain":0,"max_hp_loss":0,"event_name":"Bonfire Elementals","floor":11,"gold_loss":0},{"damage_healed":0,"gold_gain":0,"player_choice":"Became a Ghost","damage_taken":0,"max_hp_gain":0,"max_hp_loss":36,"event_name":"Ghosts","floor":20,"gold_loss":0,"cards_obtained":["Ghostly","Ghostly","Ghostly","Ghostly","Ghostly"]},{"damage_healed":0,"gold_gain":0,"player_choice":"Became a vampire","damage_taken":0,"max_hp_gain":0,"max_hp_loss":11,"event_name":"Vampires","floor":24,"gold_loss":0,"cards_obtained":["Bite","Bite","Bite","Bite","Bite"]},{"damage_healed":0,"gold_gain":0,"player_choice":"Obtained Relic","damage_taken":0,"relics_obtained":["Pear"],"max_hp_gain":0,"max_hp_loss":0,"event_name":"Addict","floor":25,"gold_loss":85},{"damage_healed":0,"gold_gain":0,"player_choice":"Fought Bandits","damage_taken":0,"max_hp_gain":0,"max_hp_loss":0,"event_name":"Masked Bandits","floor":30,"gold_loss":0},{"damage_healed":0,"gold_gain":0,"player_choice":"Fight","damage_taken":0,"max_hp_gain":0,"max_hp_loss":0,"event_name":"Mysterious Sphere","floor":46,"gold_loss":0},{"damage_healed":41,"gold_gain":0,"player_choice":"Heal","damage_taken":0,"max_hp_gain":0,"max_hp_loss":0,"event_name":"MindBloom","floor":47,"gold_loss":0,"cards_obtained":["Doubt"]},{"damage_healed":0,"gold_gain":0,"player_choice":"Memory 1","damage_taken":0,"max_hp_gain":0,"max_hp_loss":0,"event_name":"SensoryStone","floor":48,"gold_loss":0}],"is_beta":false,"boss_relics":[{"not_picked":["Fusion Hammer","Sozu"],"picked":"Calling Bell"},{"not_picked":["Black Star","HoveringKite"],"picked":"Ring of the Serpent"}],"items_purged_floors":[5,36,38],"is_endless":false,"potions_floor_spawned":[6,14,28,29,33,37,39,46],"ascension_level":4}