{"gold_per_floor":[115,69,69,19,37,68,68,98,153,228,153,153,166,182,182,182],"floor_reached":16,"playtime":342,"items_purged":["Strike_B"],"score":213,"play_id":"405fc3f4-d239-4266-9f50-89f9f3e2bd5c","local_time":"20180806104836","is_ascension_mode":true,"campfire_choices":[{"data":"Zap","floor":7,"key":"SMITH"},{"data":"Beam Cell","floor":12,"key":"SMITH"},{"data":"Coolheaded","floor":15,"key":"SMITH"}],"neow_cost":"NONE","seed_source_timestamp":338523585084548,"circlet_count":0,"master_deck":["Strike_B","Strike_B","Defend_B","Defend_B","Defend_B","Defend_B","Zap+1","Dualcast","AscendersBane","Redo","Barrage","Coolheaded+1","Beam Cell+1","Compile Driver"],"relics":["Cracked Core","NeowsBlessing","Omamori","Bronze Scales","Bag of Preparation"],"potions_floor_usage":[],"damage_taken":[{"damage":0,"enemies":"Cultist","floor":1,"turns":1},{"damage":0,"enemies":"Jaw Worm","floor":5,"turns":1},{"damage":0,"enemies":"Gremlin Nob","floor":6,"turns":1},{"damage":19,"enemies":"3 Sentries","floor":8,"turns":7},{"damage":5,"enemies":"Small Slimes","floor":13,"turns":3},{"damage":20,"enemies":"Gremlin Gang","floor":14,"turns":3},{"damage":13,"enemies":"The Guardian","floor":16,"turns":4}],"seed_played":"4298873385252942339","potions_obtained":[{"floor":6,"key":"Ancient Potion"}],"is_trial":false,"path_per_floor":["M","$","$","?","M","E","R","E","T","?","$","R","M","M","R"],"character_chosen":"DEFECT","items_purchased":["Barrage"],"campfire_rested":0,"item_purchase_floors":[2],"current_hp_per_floor":[68,68,68,68,68,68,68,49,49,38,38,38,33,13,13,0],"gold":182,"neow_bonus":"THREE_ENEMY_KILL","is_prod":false,"is_daily":false,"chose_seed":false,"campfire_upgraded":3,"win_rate":0,"timestamp":1533545316,"path_taken":["M","?","$","?","M","E","R","E","T","?","$","R","?","M","R","BOSS"],"build_version":"2018-08-01","purchased_purges":1,"victory":false,"max_hp_per_floor":[75,75,75,75,75,75,75,75,75,75,75,75,75,75,75,75],"card_choices":[{"not_picked":["Go for the Eyes","Genetic Algorithm"],"picked":"Redo","floor":1},{"not_picked":["Turbo","Rebound"],"picked":"Coolheaded","floor":5},{"not_picked":["Ball Lightning","Rebound","Hologram"],"picked":"SKIP","floor":6},{"not_picked":["Genetic Algorithm","Rebound"],"picked":"Beam Cell","floor":8},{"not_picked":["Beam Cell","Ball Lightning"],"picked":"Compile Driver","floor":13},{"not_picked":["Skim","Buffer","Streamline"],"picked":"SKIP","floor":14}],"player_experience":756809,"relics_obtained":[{"floor":6,"key":"Omamori"},{"floor":8,"key":"Bronze Scales"},{"floor":9,"key":"Bag of Preparation"}],"event_choices":[{"event_name":"The Cleric","player_choice":"Card Removal","floor":4,"damage_taken":0},{"event_name":"World of Goop","player_choice":"Gather Gold","floor":10,"damage_taken":0}],"is_beta":true,"boss_relics":[],"items_purged_floors":[11],"is_endless":false,"potions_floor_spawned":[6],"killed_by":"The Guardian","ascension_level":12}