{"gold_per_floor":[19,19,19,19,19,19,62,83,83,101,125,50,91,67,67,67],"floor_reached":16,"playtime":371,"items_purged":["Strike_B"],"score":266,"play_id":"dfb72de3-239c-42ee-96db-a1560c71ad7e","local_time":"20190302184457","is_ascension_mode":true,"campfire_choices":[{"data":"Zap","floor":6,"key":"SMITH"},{"data":"Discovery","floor":15,"key":"SMITH"}],"neow_cost":"NO_GOLD","seed_source_timestamp":145846579170252,"circlet_count":0,"master_deck":["AscendersBane","Strike_B","Strike_B","Strike_B","Defend_B","Defend_B","Defend_B","Defend_B","Zap+1","Dualcast","Discovery+1","Dramatic Entrance","Leap","Sweeping Beam","Skim","Ball Lightning","Compile Driver"],"relics":["Cracked Core","PreservedInsect","Golden Idol","Du-Vu Doll","Potion Belt","Orichalcum"],"potions_floor_usage":[13,13],"damage_taken":[{"damage":0,"enemies":"2 Louse","floor":1,"turns":2},{"damage":35,"enemies":"3 Sentries","floor":7,"turns":5},{"damage":0,"enemies":"Jaw Worm","floor":8,"turns":2},{"damage":0,"enemies":"Small Slimes","floor":10,"turns":2},{"damage":6,"enemies":"Blue Slaver","floor":11,"turns":3},{"damage":0,"enemies":"Gremlin Nob","floor":13,"turns":2},{"damage":20,"enemies":"Hexaghost","floor":16,"turns":7}],"seed_played":"-1879253762012486106","potions_obtained":[{"floor":8,"key":"SteroidPotion"},{"floor":10,"key":"SkillPotion"},{"floor":13,"key":"Explosive Potion"}],"is_trial":false,"path_per_floor":["M","?","$","?","?","R","E","M","T","M","M","$","E","$","R","B"],"character_chosen":"DEFECT","items_purchased":["Compile Driver"],"campfire_rested":0,"item_purchase_floors":[14],"current_hp_per_floor":[64,64,64,64,57,57,22,22,22,22,16,16,16,16,16,0],"gold":67,"neow_bonus":"RANDOM_COLORLESS_2","is_prod":false,"is_daily":false,"chose_seed":false,"campfire_upgraded":2,"win_rate":0,"timestamp":1551548697,"path_taken":["M","?","$","?","?","R","E","M","T","M","M","$","E","?","R","BOSS"],"build_version":"2019-01-23","purchased_purges":1,"victory":false,"max_hp_per_floor":[71,71,71,64,64,64,64,64,64,64,64,64,64,64,64,64],"card_choices":[{"not_picked":["Steam","Turbo"],"picked":"Leap","floor":1},{"not_picked":["Barrage","Genetic Algorithm"],"picked":"Sweeping Beam","floor":7},{"not_picked":["Stack","Cold Snap"],"picked":"Skim","floor":8},{"not_picked":["Cold Snap","Hello World","Redo"],"picked":"SKIP","floor":10},{"not_picked":["Go for the Eyes","Steam"],"picked":"Ball Lightning","floor":11},{"not_picked":["Rebound","Tempest","Ball Lightning"],"picked":"SKIP","floor":13}],"player_experience":924924,"relics_obtained":[{"floor":7,"key":"Du-Vu Doll"},{"floor":9,"key":"Potion Belt"},{"floor":13,"key":"Orichalcum"}],"event_choices":[{"damage_healed":0,"gold_gain":0,"player_choice":"Box","damage_taken":0,"relics_obtained":["PreservedInsect"],"max_hp_gain":0,"max_hp_loss":0,"event_name":"Big Fish","floor":2,"gold_loss":0,"cards_obtained":["Regret"]},{"damage_healed":0,"gold_gain":0,"player_choice":"Lose Max HP","damage_taken":0,"relics_obtained":["Golden Idol"],"max_hp_gain":0,"max_hp_loss":7,"event_name":"Golden Idol","floor":4,"gold_loss":0},{"cards_removed":["Regret"],"damage_healed":0,"gold_gain":0,"player_choice":"Card Removal","damage_taken":7,"max_hp_gain":0,"max_hp_loss":0,"event_name":"Golden Wing","floor":5,"gold_loss":0}],"is_beta":false,"boss_relics":[],"items_purged_floors":[12],"is_endless":false,"potions_floor_spawned":[8,10,13],"killed_by":"Hexaghost","ascension_level":20}