{"gold_per_floor":[115,65,65,82,4,4,38,38,62,62,78,78,78,94,94,199,199,219,237,17,32,32,32,32,42,42,42,55,68,68,68,68,68],"floor_reached":33,"playtime":1126,"items_purged":[],"score":270,"play_id":"e304d184-ea6c-4d91-b5e2-90ec661be1ea","local_time":"20190716192943","is_ascension_mode":true,"campfire_choices":[{"data":"Sunder","floor":6,"key":"SMITH"},{"data":"Double Energy","floor":8,"key":"SMITH"},{"floor":12,"key":"RECALL"},{"data":"Reinforced Body","floor":15,"key":"SMITH"},{"data":"Biased Cognition","floor":23,"key":"SMITH"},{"data":"Capacitor","floor":27,"key":"SMITH"},{"floor":32,"key":"REST"}],"neow_cost":"NONE","seed_source_timestamp":435287024014485,"circlet_count":0,"master_deck":["Strike_B+1","Strike_B+1","Strike_B+1","Defend_B+1","Defend_B+1","Defend_B+1","Defend_B+1","Zap+1","Double Energy+1","Sunder+1","Rip and Tear+1","Reinforced Body+1","Biased Cognition+1","Go for the Eyes+1","Glacier+1","Capacitor+1","Gash+1","Chaos","Reinforced Body"],"relics":["Cracked Core","Anchor","War Paint","Cursed Key","Omamori"],"potions_floor_usage":[7,7,19,21,25,29,33],"damage_taken":[{"damage":1,"enemies":"2 Louse","floor":1,"turns":3},{"damage":0,"enemies":"Small Slimes","floor":4,"turns":3},{"damage":12,"enemies":"3 Sentries","floor":7,"turns":4},{"damage":2,"enemies":"Jaw Worm","floor":11,"turns":2},{"damage":0,"enemies":"Looter","floor":14,"turns":2},{"damage":22,"enemies":"Slime Boss","floor":16,"turns":11},{"damage":9,"enemies":"Shell Parasite","floor":18,"turns":5},{"damage":11,"enemies":"2 Thieves","floor":19,"turns":3},{"damage":18,"enemies":"Snake Plant","floor":21,"turns":4},{"damage":0,"enemies":"Shelled Parasite and Fungi","floor":25,"turns":5},{"damage":19,"enemies":"Snecko","floor":28,"turns":5},{"damage":14,"enemies":"Centurion and Healer","floor":29,"turns":10},{"damage":50,"enemies":"Champ","floor":33,"turns":12}],"seed_played":"-8893597227356375132","potions_obtained":[{"floor":1,"key":"Swift Potion"},{"floor":4,"key":"Fire Potion"},{"floor":14,"key":"Weak Potion"},{"floor":16,"key":"LiquidBronze"},{"floor":18,"key":"Block Potion"},{"floor":19,"key":"Fire Potion"},{"floor":22,"key":"EssenceOfSteel"},{"floor":28,"key":"Weak Potion"}],"is_trial":false,"path_per_floor":["M","?","?","M","$","R","E","R","T","$","M","R","?","M","R","B",null,"M","M","$","M","?","R","$","M","T","R","M","M","?","?","R","B"],"character_chosen":"DEFECT","items_purchased":["Sunder","Omamori","Capacitor"],"campfire_rested":1,"item_purchase_floors":[5,20,20],"current_hp_per_floor":[81,81,86,86,86,86,74,74,74,74,72,72,55,55,55,33,87,78,67,67,49,49,49,49,49,49,49,30,16,16,16,42,0],"gold":68,"neow_bonus":"TEN_PERCENT_HP_BONUS","is_prod":false,"is_daily":false,"chose_seed":false,"campfire_upgraded":5,"win_rate":0,"timestamp":1563319783,"path_taken":["M","?","?","M","?","R","E","R","T","$","M","R","?","M","R","BOSS","M","M","$","M","?","R","?","M","T","R","?","M","?","?","R","BOSS"],"build_version":"2019-07-05","purchased_purges":0,"victory":false,"max_hp_per_floor":[82,82,87,87,87,87,87,87,87,87,87,87,87,87,87,87,87,87,87,87,87,87,87,87,87,87,87,87,87,87,87,87,87],"card_choices":[{"not_picked":["Compile Driver","Aggregate"],"picked":"Double Energy","floor":1},{"not_picked":["Coolheaded","Cold Snap","Streamline"],"picked":"SKIP","floor":4},{"not_picked":["Stack","Blizzard","Rebound"],"picked":"SKIP","floor":7},{"not_picked":["Heatsinks","Aggregate"],"picked":"Rip and Tear","floor":11},{"not_picked":["Streamline","Coolheaded"],"picked":"Reinforced Body","floor":14},{"not_picked":["Meteor Strike","Thunder Strike"],"picked":"Biased Cognition","floor":16},{"not_picked":["Cold Snap","Turbo"],"picked":"Go for the Eyes+1","floor":18},{"not_picked":["Genetic Algorithm+1","Rebound+1"],"picked":"Glacier+1","floor":19},{"not_picked":["Chill","Rebound","Sweeping Beam"],"picked":"SKIP","floor":21},{"not_picked":["Hyperbeam","Double Energy"],"picked":"Gash+1","floor":25},{"not_picked":["Conserve Battery","Sweeping Beam","Barrage"],"picked":"SKIP","floor":28},{"not_picked":["Loop","Leap"],"picked":"Chaos","floor":29}],"player_experience":169946,"relics_obtained":[{"floor":7,"key":"Anchor"},{"floor":9,"key":"War Paint"}],"event_choices":[{"cards_removed":["Strike_B"],"damage_healed":0,"gold_gain":0,"player_choice":"Card Removal","damage_taken":0,"max_hp_gain":0,"max_hp_loss":0,"event_name":"The Cleric","floor":2,"gold_loss":50},{"damage_healed":0,"gold_gain":0,"player_choice":"Donut","damage_taken":0,"max_hp_gain":5,"max_hp_loss":0,"event_name":"Big Fish","floor":3,"gold_loss":0},{"damage_healed":0,"gold_gain":0,"player_choice":"Entered Light","damage_taken":17,"max_hp_gain":0,"max_hp_loss":0,"event_name":"Shining Light","floor":13,"gold_loss":0,"cards_upgraded":["Rip and Tear","Defend_B"]},{"damage_healed":0,"gold_gain":0,"player_choice":"Got Potions","damage_taken":0,"max_hp_gain":0,"max_hp_loss":0,"event_name":"Lab","floor":22,"gold_loss":0},{"damage_healed":0,"gold_gain":0,"player_choice":"Simplicity","damage_taken":0,"max_hp_gain":0,"max_hp_loss":0,"event_name":"Back to Basics","floor":30,"gold_loss":0,"cards_upgraded":["Strike_B","Strike_B","Strike_B","Defend_B","Defend_B"]},{"damage_healed":0,"gold_gain":0,"cards_transformed":["Dualcast"],"player_choice":"Transformed","damage_taken":0,"max_hp_gain":0,"max_hp_loss":0,"event_name":"Transmorgrifier","floor":31,"gold_loss":0,"cards_obtained":["Reinforced Body"]}],"is_beta":false,"boss_relics":[{"not_picked":["Calling Bell","Runic Dome"],"picked":"Cursed Key"}],"items_purged_floors":[],"is_endless":false,"potions_floor_spawned":[1,4,14,16,18,19,28],"killed_by":"Champ","ascension_level":2}