{"path_per_floor":["M","M","?","M","$","E","?","M","T","R","E","M","M","$","R"],"character_chosen":"DEFECT","items_purchased":["Purity","Skim"],"gold_per_floor":[116,126,126,143,8,41,41,53,121,121,147,166,185,110,110,110],"floor_reached":16,"campfire_rested":0,"playtime":940,"current_hp_per_floor":[65,60,60,55,55,29,75,64,64,64,35,33,25,25,25,0],"items_purged":["Strike_B"],"gold":110,"score":162,"play_id":"0919955a-9559-4554-8b91-35c08c604145","local_time":"20180430165706","is_prod":false,"is_daily":false,"chose_seed":false,"is_ascension_mode":false,"campfire_upgraded":2,"timestamp":1525100226,"path_taken":["M","M","?","?","$","E","?","M","T","R","E","M","M","$","R","BOSS"],"build_version":"2018-04-27v3","seed_source_timestamp":493521443021754,"purchased_purges":1,"victory":false,"master_deck":["Strike_B","Strike_B","Strike_B","Defend_B","Defend_B","Defend_B","Defend_B","Zap","Dualcast+1","Defragment+1","Static Discharge","Hologram","Capacitor+1","Skim","Leap","White Noise","Leap"],"max_hp_per_floor":[75,75,75,75,75,75,75,75,75,75,75,75,75,75,75,75],"relics":["Cracked Core","Peace Pipe","Darkstone Periapt","Bag of Marbles"],"card_choices":[{"not_picked":["Self Repair","Double Energy"],"picked":"Defragment","floor":0.0},{"not_picked":["Darkness","Melter"],"picked":"Static Discharge","floor":1.0},{"not_picked":["Axe Kick","Streamline"],"picked":"Hologram","floor":2.0},{"not_picked":["Chill","Doom and Gloom"],"picked":"Capacitor","floor":4.0},{"not_picked":["FTL","Streamline"],"picked":"Leap","floor":6.0},{"not_picked":["Cold Snap","All For One"],"picked":"White Noise","floor":12},{"not_picked":["Stack","Sweeping Beam"],"picked":"Leap","floor":13}],"player_experience":548691,"potions_floor_usage":[16],"damage_taken":[{"damage":10.0,"enemies":"Jaw Worm","floor":1.0,"turns":4.0},{"damage":5.0,"enemies":"Cultist","floor":2.0,"turns":4.0},{"damage":5.0,"enemies":"Small Slimes","floor":4.0,"turns":3.0},{"damage":26.0,"enemies":"Gremlin Nob","floor":6.0,"turns":4.0},{"damage":11,"enemies":"Gremlin Gang","floor":8,"turns":6},{"damage":29,"enemies":"3 Sentries","floor":11,"turns":7},{"damage":2,"enemies":"Blue Slaver","floor":12,"turns":5},{"damage":8,"enemies":"Red Slaver","floor":13,"turns":4}],"event_choices":[{"event_name":"Accursed Blacksmith","player_choice":"Forge","floor":3.0,"damage_taken":0.0},{"event_name":"Bonfire Elementals","player_choice":"UNCOMMON","floor":7.0,"damage_taken":0.0}],"boss_relics":[],"potions_floor_spawned":[1,2,4,8],"seed_played":"1016126404780672682","killed_by":"Hexaghost","ascension_level":0,"is_trial":false}