{"gold_per_floor":[112,0,16,30,30,30,55,55,103,103,178,198,198,44,44,44],"floor_reached":16,"playtime":539,"items_purged":[],"score":167,"play_id":"0aba241a-5fe1-4a4c-a005-8449a6870f5f","local_time":"20190115235115","is_ascension_mode":true,"campfire_choices":[{"data":"Crippling Poison","floor":6,"key":"SMITH"},{"data":"Neutralize","floor":8,"key":"SMITH"},{"data":"Footwork","floor":10,"key":"SMITH"},{"floor":15,"key":"REST"}],"neow_cost":"NONE","seed_source_timestamp":644645169025846,"circlet_count":0,"master_deck":["AscendersBane","Defend_G","Defend_G","Defend_G","Defend_G","Defend_G","Strike_G","Strike_G","Strike_G","Strike_G","Strike_G","Survivor","Neutralize+1","Crippling Poison+1","Footwork+1","Blur","Deflect","Backflip"],"relics":["Philosopher\u0027s Stone","Pen Nib","Dodecahedron","Boot","Gremlin Horn","Oddly Smooth Stone"],"potions_floor_usage":[12],"damage_taken":[{"damage":6,"enemies":"Small Slimes","floor":1,"turns":5},{"damage":1,"enemies":"2 Louse","floor":3,"turns":3},{"damage":0,"enemies":"Jaw Worm","floor":4,"turns":6},{"damage":22,"enemies":"3 Sentries","floor":7,"turns":16},{"damage":3,"enemies":"Exordium Thugs","floor":12,"turns":7},{"damage":20,"enemies":"Slime Boss","floor":16,"turns":11}],"seed_played":"1914009037143710771","potions_obtained":[{"floor":1,"key":"Block Potion"},{"floor":3,"key":"SteroidPotion"}],"is_trial":false,"path_per_floor":["M","$","M","M","?","R","E","R","T","R","?","M","T","$","R","B"],"character_chosen":"THE_SILENT","items_purchased":["Footwork","Blur","Oddly Smooth Stone"],"campfire_rested":1,"item_purchase_floors":[2,2,14],"current_hp_per_floor":[53,53,52,52,49,49,27,27,27,27,16,13,13,13,32,12],"gold":44,"neow_bonus":"BOSS_RELIC","is_prod":false,"is_daily":false,"chose_seed":false,"campfire_upgraded":3,"win_rate":0,"timestamp":1547592675,"path_taken":["M","$","M","M","?","R","E","R","T","R","?","M","?","$","R","BOSS"],"build_version":"2019-01-10","purchased_purges":0,"victory":false,"max_hp_per_floor":[66,66,66,66,66,66,66,66,66,66,66,66,66,66,66,66],"card_choices":[{"not_picked":["Accuracy","Dagger Throw"],"picked":"Crippling Poison","floor":1},{"not_picked":["Underhanded Strike","Predator","Accuracy"],"picked":"SKIP","floor":3},{"not_picked":["Outmaneuver","Sucker Punch"],"picked":"Deflect","floor":4},{"not_picked":["Quick Slash","Sucker Punch","Venomology"],"picked":"SKIP","floor":7},{"not_picked":["Tactician","Caltrops"],"picked":"Backflip","floor":12}],"player_experience":746770,"relics_obtained":[{"floor":7,"key":"Dodecahedron"},{"floor":9,"key":"Boot"},{"floor":13,"key":"Gremlin Horn"}],"event_choices":[{"damage_healed":0,"gold_gain":0,"player_choice":"Success","damage_taken":3,"relics_obtained":["Pen Nib"],"max_hp_gain":0,"max_hp_loss":0,"event_name":"Scrap Ooze","floor":5,"gold_loss":0},{"damage_healed":0,"gold_gain":75,"player_choice":"Gather Gold","damage_taken":11,"max_hp_gain":0,"max_hp_loss":0,"event_name":"World of Goop","floor":11,"gold_loss":0}],"is_beta":false,"boss_relics":[],"items_purged_floors":[],"is_endless":false,"potions_floor_spawned":[1,3,7],"killed_by":"Slime Boss","ascension_level":14}