{"path_per_floor":["M","M","M","?","M","R","E","$","T","M","E","M","E","M","R","B",null,"M","M","?","M","?","R","E","R","T","M","?","M","M","$","R"],"character_chosen":"IRONCLAD","items_purchased":["Bag of Marbles","Spot Weakness","Dramatic Entrance"],"gold_per_floor":[109,124,139,139,157,157,201,58,58,77,121,135,170,190,190,316,316,337,353,278,293,293,293,327,327,327,348,348,368,392,179,179],"floor_reached":33,"campfire_rested":1,"playtime":3369,"current_hp_per_floor":[80,80,80,80,60,60,45,45,45,51,54,50,47,52,52,40,80,80,75,75,47,47,47,35,35,35,25,32,18,13,13,39],"items_purged":["Injury"],"gold":179,"play_id":"f9924b66-7ff0-4ab6-b4bf-5c42224c05a1","is_prod":false,"is_daily":false,"is_ascension_mode":false,"campfire_upgraded":4,"path_taken":["M","M","M","?","M","R","E","$","T","M","E","M","E","M","R","BOSS","M","?","?","M","?","R","E","R","T","M","?","M","M","$","R","BOSS"],"build_version":"2018-02-01-PROD3","purchased_purges":1,"victory":false,"master_deck":["Strike_R","Strike_R","Strike_R","Strike_R","Strike_R","Defend_R+1","Defend_R","Defend_R+1","Bash+1","Thunderclap","Dropkick","Dropkick","Metallicize","Headbutt","Combust","Offering+1","Warcry","Berserk","Inflame+1","Shockwave+1","Heavy Blade","Rupture","Heavy Blade+1","Spot Weakness","Dramatic Entrance"],"max_hp_per_floor":[80,80,80,80,80,80,80,80,80,80,80,80,80,80,80,80,80,80,80,80,80,80,80,80,80,80,80,87,87,87,87,87],"relics":["Burning Blood","Anchor","Golden Idol","Shuriken","Bag of Marbles","War Paint","Bronze Scales","Smiling Mask","Mark of Pain","Darkstone Periapt","Shovel","Strawberry"],"card_choices":[{"not_picked":["Disarm","Seeing Red"],"picked":"Thunderclap"},{"not_picked":["Dual Wield","Twin Strike"],"picked":"Dropkick"},{"not_picked":["Clothesline","Seeing Red"],"picked":"Dropkick"},{"not_picked":["Clash","Whirlwind"],"picked":"Metallicize"},{"not_picked":["Bloodletting","Clash"],"picked":"Headbutt"},{"not_picked":["Shrug It Off","Anger"],"picked":"Combust"},{"not_picked":["Anger","Rupture"],"picked":"Offering"},{"not_picked":["Flex","Rampage"],"picked":"Warcry"},{"not_picked":["Bludgeon","Barricade"],"picked":"Berserk"},{"not_picked":["Armaments","Body Slam"],"picked":"Inflame"},{"not_picked":["True Grit","Twin Strike"],"picked":"Shockwave"},{"not_picked":["Twin Strike","Clothesline"],"picked":"Heavy Blade"},{"not_picked":["Anger","Iron Wave"],"picked":"Rupture"},{"not_picked":["Warcry","Clothesline"],"picked":"Heavy Blade"}],"player_experience":53129,"potions_floor_usage":[7,13,14,16,21,29,29,30],"damage_taken":[{"damage":1,"enemies":"Jaw Worm","floor":1,"turns":3},{"damage":1,"enemies":"2 Louse","floor":2,"turns":3},{"damage":0,"enemies":"Small Slimes","floor":3,"turns":2},{"damage":26,"enemies":"Gremlin Gang","floor":5,"turns":5},{"damage":21,"enemies":"Lagavulin","floor":7,"turns":6},{"damage":0,"enemies":"Looter","floor":10,"turns":3},{"damage":3,"enemies":"Gremlin Nob","floor":11,"turns":3},{"damage":10,"enemies":"Large Slime","floor":12,"turns":4},{"damage":9,"enemies":"3 Sentries","floor":13,"turns":3},{"damage":1,"enemies":"Gremlin Gang","floor":14,"turns":3},{"damage":18,"enemies":"The Guardian","floor":16,"turns":8},{"damage":6,"enemies":"3 Byrds","floor":18,"turns":2},{"damage":11,"enemies":"Shell Parasite","floor":19,"turns":4},{"damage":34,"enemies":"Snecko","floor":21,"turns":6},{"damage":18,"enemies":"Slavers","floor":24,"turns":4},{"damage":16,"enemies":"Chosen and Byrds","floor":27,"turns":4},{"damage":20,"enemies":"Slaver and Parasite","floor":29,"turns":4},{"damage":11,"enemies":"Snake Plant","floor":30,"turns":2},{"damage":39,"enemies":"Collector","floor":33,"turns":5}],"event_choices":[{"event_name":"Golden Idol","player_choice":"Take Wound","floor":4,"damage_taken":0},{"event_name":"Beggar","player_choice":"Gave Gold","floor":20,"damage_taken":0},{"event_name":"Cursed Tome","player_choice":"Ignored","floor":22,"damage_taken":0},{"event_name":"The Mausoleum","player_choice":"Yes","floor":28,"damage_taken":0}],"boss_relics":[{"not_picked":["Question Card","Velvet Choker"],"picked":"Mark of Pain"}],"potions_floor_spawned":[1,5,7,10,16,18,24,27],"seed_played":"3702112917066502937","killed_by":"Collector","ascension_level":0,"is_trial":false}