{"gold_per_floor":[110,41,41,61,136,162,162,173,173,186,219,205,217,236,236,334,334,353,353,353],"floor_reached":20,"playtime":641,"items_purged":[],"score":211,"play_id":"efca9e4a-2c49-4968-8ec9-b5d80f3364b3","local_time":"20190319213447","is_ascension_mode":false,"campfire_choices":[{"data":"Searing Blow","floor":7,"key":"SMITH"},{"floor":15,"key":"RECALL"}],"neow_cost":"NONE","seed_source_timestamp":475791674111338,"circlet_count":0,"master_deck":["Bash","Cleave","Searing Blow+1","Shrug It Off","Demon Form","Bash","Seeing Red","Inflame","Reaper","Disarm","Heavy Blade","Flex","Warcry","Exhume","Havoc","Berserk","Battle Trance","Juggernaut","Power Through","Burning Pact","Intimidate","Warcry","Shockwave","Armaments","Offering"],"relics":["Burning Blood","NeowsBlessing","Letter Opener","Ancient Tea Set","Pandora\u0027s Box"],"potions_floor_usage":[16,16,16,18],"damage_taken":[{"damage":0,"enemies":"2 Louse","floor":1,"turns":1},{"damage":0,"enemies":"Cultist","floor":4,"turns":1},{"damage":0,"enemies":"Gremlin Nob","floor":6,"turns":1},{"damage":0,"enemies":"Small Slimes","floor":8,"turns":2},{"damage":10,"enemies":"Looter","floor":10,"turns":3},{"damage":38,"enemies":"Lagavulin","floor":11,"turns":6},{"damage":23,"enemies":"Exordium Thugs","floor":12,"turns":4},{"damage":19,"enemies":"Exordium Wildlife","floor":13,"turns":3},{"damage":5,"enemies":"3 Louse","floor":14,"turns":3},{"damage":28,"enemies":"Hexaghost","floor":16,"turns":8},{"damage":35,"enemies":"2 Thieves","floor":18,"turns":3},{"damage":51,"enemies":"Masked Bandits","floor":20,"turns":3}],"seed_played":"-2324842605909492604","potions_obtained":[{"floor":4,"key":"FearPotion"},{"floor":10,"key":"Swift Potion"},{"floor":12,"key":"SkillPotion"},{"floor":16,"key":"SkillPotion"}],"is_trial":false,"path_per_floor":["M","$","?","M","?","E","R","M","T","M","E","M","M","M","R","B",null,"M","?","?"],"character_chosen":"IRONCLAD","items_purchased":["Searing Blow"],"campfire_rested":0,"item_purchase_floors":[2],"current_hp_per_floor":[80,80,80,80,69,75,75,80,80,76,48,39,26,27,27,19,80,51,51,0],"gold":353,"neow_bonus":"THREE_ENEMY_KILL","is_prod":false,"is_daily":false,"chose_seed":false,"campfire_upgraded":1,"win_rate":0,"timestamp":1553049287,"path_taken":["M","$","?","?","?","E","R","M","T","M","E","M","M","M","R","BOSS","M","?","?"],"build_version":"2019-01-23","purchased_purges":0,"victory":false,"max_hp_per_floor":[80,80,80,80,80,80,80,80,80,80,80,80,80,80,80,80,80,80,80,80],"card_choices":[{"not_picked":["Body Slam","Headbutt"],"picked":"Cleave","floor":1},{"not_picked":["Thunderclap","Pommel Strike"],"picked":"Seeing Red","floor":4},{"not_picked":["Pommel Strike","Wild Strike"],"picked":"Inflame","floor":6},{"not_picked":["Evolve","Reckless Charge"],"picked":"Reaper","floor":8},{"not_picked":["Wild Strike","Body Slam"],"picked":"Disarm","floor":10},{"not_picked":["Headbutt","Clash"],"picked":"Heavy Blade","floor":11},{"not_picked":["Ghostly Armor","Clothesline"],"picked":"Flex","floor":12},{"not_picked":["Intimidate","Pommel Strike"],"picked":"Warcry","floor":13},{"not_picked":["True Grit","Dark Embrace","Twin Strike"],"picked":"SKIP","floor":14},{"not_picked":["Reaper","Impervious"],"picked":"Exhume","floor":16},{"not_picked":["Headbutt+1","Clash"],"picked":"Armaments","floor":18}],"player_experience":739669,"relics_obtained":[{"floor":6,"key":"Letter Opener"},{"floor":11,"key":"Ancient Tea Set"}],"event_choices":[{"damage_healed":0,"gold_gain":0,"player_choice":"3 cards matched","damage_taken":0,"max_hp_gain":0,"max_hp_loss":0,"event_name":"Match and Keep!","floor":3,"gold_loss":0,"cards_obtained":["Shrug It Off","Demon Form","Bash"]},{"damage_healed":0,"gold_gain":75,"player_choice":"Gather Gold","damage_taken":11,"max_hp_gain":0,"max_hp_loss":0,"event_name":"World of Goop","floor":5,"gold_loss":0},{"damage_healed":0,"gold_gain":0,"player_choice":"Read","damage_taken":0,"max_hp_gain":0,"max_hp_loss":0,"event_name":"The Library","floor":19,"gold_loss":0,"cards_obtained":["Offering"]},{"damage_healed":0,"gold_gain":0,"player_choice":"Fought Bandits","damage_taken":0,"max_hp_gain":0,"max_hp_loss":0,"event_name":"Masked Bandits","floor":20,"gold_loss":0}],"is_beta":false,"boss_relics":[{"not_picked":["Mark of Pain","Calling Bell"],"picked":"Pandora\u0027s Box"}],"items_purged_floors":[],"is_endless":false,"potions_floor_spawned":[4,10,12,16],"killed_by":"Masked Bandits","ascension_level":0}