{"gold_per_floor":[109,384,396,410,335,335,364,364,364,125,125,0,19,53,53,53],"floor_reached":16,"playtime":680,"items_purged":["Regret","Strike_R","Strike_R"],"score":216,"play_id":"c4847b8c-cd73-4143-8cb1-bded24acb93c","local_time":"20190730191910","is_ascension_mode":true,"campfire_choices":[{"data":"Bash","floor":6.0,"key":"SMITH"},{"floor":8.0,"key":"REST"},{"floor":15,"key":"REST"}],"neow_cost":"NONE","seed_source_timestamp":66694662885152,"circlet_count":0,"master_deck":["AscendersBane","Strike_R","Strike_R","Strike_R","Defend_R","Defend_R","Defend_R","Defend_R","Bash+1","Cleave","Pummel","Spot Weakness","Heavy Blade","Uppercut","Headbutt"],"special_seed":0,"relics":["Burning Blood","Dream Catcher","Darkstone Periapt","Matryoshka","Smiling Mask"],"potions_floor_usage":[14,14],"damage_taken":[{"damage":5.0,"enemies":"Small Slimes","floor":1.0,"turns":4.0},{"damage":13.0,"enemies":"Cultist","floor":3.0,"turns":4.0},{"damage":21.0,"enemies":"Jaw Worm","floor":4.0,"turns":4.0},{"damage":40.0,"enemies":"3 Sentries","floor":7.0,"turns":8.0},{"damage":7,"enemies":"Blue Slaver","floor":13,"turns":3},{"damage":15,"enemies":"Lagavulin","floor":14,"turns":4},{"damage":54,"enemies":"The Guardian","floor":16,"turns":4}],"seed_played":"-149174344680431779","potions_obtained":[{"floor":7.0,"key":"SkillPotion"}],"is_trial":false,"path_per_floor":["M","?","M","M","$","R","E","R","T","$","?","$","M","E","R","B"],"character_chosen":"IRONCLAD","items_purchased":["Uppercut","Fire Potion"],"campfire_rested":2,"item_purchase_floors":[10,10],"current_hp_per_floor":[69,69,62,47,47,47,13,35,35,35,35,35,34,25,47,0],"gold":53,"neow_bonus":"RANDOM_COMMON_RELIC","is_prod":false,"is_daily":false,"chose_seed":false,"campfire_upgraded":1,"win_rate":0,"timestamp":1564539550,"path_taken":["M","?","?","M","$","R","E","R","T","$","?","$","M","E","R","BOSS"],"build_version":"2019-07-18","purchased_purges":3,"victory":false,"max_hp_per_floor":[75,75,75,75,75,75,75,75,75,75,75,75,75,75,75,75],"card_choices":[{"not_picked":["Twin Strike","Body Slam"],"picked":"Cleave","floor":1.0},{"not_picked":["Rupture","Heavy Blade"],"picked":"Pummel","floor":3.0},{"not_picked":["Sentinel","Body Slam","Cleave"],"picked":"SKIP","floor":4.0},{"not_picked":["True Grit","Rage"],"picked":"Spot Weakness","floor":7.0},{"not_picked":["Clash","Reckless Charge"],"picked":"Heavy Blade","floor":8.0},{"not_picked":["Clothesline","Bloodletting"],"picked":"Headbutt","floor":13},{"not_picked":["Wild Strike","Heavy Blade","Second Wind"],"picked":"SKIP","floor":14}],"player_experience":262338,"relics_obtained":[{"floor":7.0,"key":"Darkstone Periapt"},{"floor":9.0,"key":"Matryoshka"},{"floor":14,"key":"Smiling Mask"}],"event_choices":[{"damage_healed":0.0,"max_hp_gain":0.0,"max_hp_loss":0.0,"gold_gain":275.0,"event_name":"Golden Shrine","player_choice":"Desecrate","floor":2.0,"gold_loss":0.0,"damage_taken":0.0,"cards_obtained":["Regret"]},{"damage_healed":0,"gold_gain":0,"player_choice":"Ignored","damage_taken":0,"max_hp_gain":0,"max_hp_loss":0,"event_name":"Shining Light","floor":11,"gold_loss":0}],"is_beta":true,"boss_relics":[],"items_purged_floors":[5,10,12],"is_endless":false,"potions_floor_spawned":[7],"killed_by":"The Guardian","ascension_level":20}