{"gold_per_floor":[15,28,42,62,82,82,100,112,112,112,37,47,47,76,76,76],"floor_reached":16,"playtime":561,"items_purged":["Defend_B"],"score":212,"play_id":"5af9dcb0-d778-4730-96eb-74bf92812a91","local_time":"20190223170812","is_ascension_mode":true,"campfire_choices":[{"data":"Zap","floor":6.0,"key":"SMITH"},{"data":"Redo","floor":10.0,"key":"SMITH"},{"data":"Defragment","floor":15,"key":"SMITH"}],"neow_cost":"NO_GOLD","seed_source_timestamp":1402001139177504,"circlet_count":0,"master_deck":["AscendersBane","Strike_B","Strike_B","Strike_B","Strike_B","Defend_B","Defend_B","Defend_B","Zap+1","Dualcast","Master of Strategy","Panacea","Self Repair","Steam","Redo+1","Conserve Battery","Undo","Capacitor","Defragment+1"],"special_seed":0,"relics":["Cracked Core","Blue Candle","Juzu Bracelet"],"potions_floor_usage":[16],"damage_taken":[{"damage":6.0,"enemies":"Cultist","floor":1.0,"turns":3.0},{"damage":7.0,"enemies":"Small Slimes","floor":2.0,"turns":3.0},{"damage":2.0,"enemies":"2 Louse","floor":3.0,"turns":2.0},{"damage":27.0,"enemies":"Lots of Slimes","floor":4.0,"turns":5.0},{"damage":6.0,"enemies":"Looter","floor":5.0,"turns":4.0},{"damage":10.0,"enemies":"Red Slaver","floor":7.0,"turns":3.0},{"damage":7.0,"enemies":"2 Fungi Beasts","floor":8.0,"turns":4.0},{"damage":10.0,"enemies":"Exordium Wildlife","floor":12.0,"turns":4.0},{"damage":33,"enemies":"Lagavulin","floor":14,"turns":7},{"damage":31,"enemies":"Hexaghost","floor":16,"turns":9}],"seed_played":"8065238173346945576","potions_obtained":[{"floor":5.0,"key":"Swift Potion"},{"floor":7.0,"key":"Ancient Potion"},{"floor":14,"key":"Regen Potion"}],"is_trial":false,"path_per_floor":["M","M","M","M","M","R","M","M","T","R","$","M","?","E","R","B"],"character_chosen":"DEFECT","items_purchased":[],"campfire_rested":0,"item_purchase_floors":[],"current_hp_per_floor":[58,58,63,43,44,44,41,41,41,41,41,38,38,12,12,0],"gold":76,"neow_bonus":"RANDOM_COLORLESS_2","is_prod":false,"is_daily":false,"chose_seed":false,"campfire_upgraded":3,"win_rate":0,"timestamp":1550938092,"path_taken":["M","M","?","M","M","R","M","M","T","R","?","M","?","E","R","BOSS"],"build_version":"2019-01-23","purchased_purges":1,"victory":false,"max_hp_per_floor":[71,71,71,71,71,71,71,71,71,71,71,71,71,71,71,71],"card_choices":[{"not_picked":["Sunder","Steam"],"picked":"Self Repair","floor":1.0},{"not_picked":["Hologram","Steam","Turbo"],"picked":"SKIP","floor":2.0},{"not_picked":["Hologram","Turbo"],"picked":"Steam","floor":2.0},{"not_picked":["Hologram","Chaos"],"picked":"Redo","floor":3.0},{"not_picked":["Blizzard","Hologram","Fusion"],"picked":"SKIP","floor":4.0},{"not_picked":["Go for the Eyes","Hologram"],"picked":"Conserve Battery","floor":5.0},{"not_picked":["Turbo","Biased Cognition"],"picked":"Undo","floor":7.0},{"not_picked":["Steam","Conserve Battery","Turbo"],"picked":"SKIP","floor":8.0},{"not_picked":["Tempest","Force Field"],"picked":"Capacitor","floor":12.0},{"not_picked":["Leap","Cold Snap"],"picked":"Defragment","floor":14}],"player_experience":876395,"relics_obtained":[{"floor":9.0,"key":"Blue Candle"},{"floor":14,"key":"Juzu Bracelet"}],"event_choices":[{"damage_healed":0,"gold_gain":0,"player_choice":"Ignored","damage_taken":0,"max_hp_gain":0,"max_hp_loss":0,"event_name":"Shining Light","floor":13,"gold_loss":0}],"is_beta":false,"boss_relics":[],"items_purged_floors":[11],"is_endless":false,"potions_floor_spawned":[5,7,8,12,14],"killed_by":"Hexaghost","ascension_level":20}