{"gold_per_floor":[111,111,61,13,29,29,54,54,54,79,108,126,142,173,173,269,269,282,282,300,300,348,382,382,392,417,61,81,97,132,142,142,246,246,258,271,291,291,308,11,41,41,68,84,84,84,32,45,45,45],"floor_reached":51,"playtime":3166,"items_purged":["Strike_G"],"score":837,"play_id":"f7a20588-e19f-469b-822f-4a2766e32413","local_time":"20190729221440","is_ascension_mode":false,"campfire_choices":[{"data":"Dagger Spray","floor":6,"key":"SMITH"},{"data":"Dagger Spray","floor":8,"key":"SMITH"},{"data":"Wraith Form v2","floor":15,"key":"SMITH"},{"data":"Envenom","floor":24,"key":"SMITH"},{"floor":32,"key":"REST"},{"data":"Envenom","floor":42,"key":"SMITH"},{"data":"Wraith Form v2","floor":45,"key":"SMITH"},{"data":"Infinite Blades","floor":49,"key":"SMITH"}],"neow_cost":"CURSE","seed_source_timestamp":1566342862392331,"circlet_count":0,"master_deck":["Strike_G","Defend_G","Defend_G","Defend_G","Defend_G","Defend_G","Survivor","Neutralize","Infinite Blades+1","Dagger Spray+1","Dagger Spray+1","Acrobatics","Wraith Form v2+1","Infinite Blades","Backflip+1","Blade Dance+1","Wraith Form v2+1","Cloak And Dagger+1","Blade Dance+1","PiercingWail+1","Ghostly+1","Ghostly+1","Ghostly+1","Ghostly+1","Ghostly+1","Footwork","Envenom+1","Bullet Time+1","Unload","Backflip+1","Cloak And Dagger+1","Phantasmal Killer+1","Cloak And Dagger+1","Venomology+1","Tactician+1","Madness+1","Madness+1","Envenom+1","Phantasmal Killer+1","Pain","Finesse+1","Cloak And Dagger+1"],"relics":["Ring of the Snake","Strawberry","Toxic Egg 2","Pen Nib","Art of War","Shuriken","Orrery","Centennial Puzzle","Singing Bowl","Anchor","Dead Branch","Gremlin Horn","Cursed Key","Orichalcum","Darkstone Periapt","Snake Skull"],"potions_floor_usage":[11,23,30,33,44,48,50,50,50,50],"damage_taken":[{"damage":5,"enemies":"Jaw Worm","floor":1,"turns":7},{"damage":0,"enemies":"Cultist","floor":5,"turns":4},{"damage":14,"enemies":"3 Sentries","floor":7,"turns":5},{"damage":23,"enemies":"Lagavulin","floor":11,"turns":4},{"damage":0,"enemies":"2 Louse","floor":12,"turns":2},{"damage":1,"enemies":"2 Fungi Beasts","floor":13,"turns":2},{"damage":6,"enemies":"3 Sentries","floor":14,"turns":3},{"damage":2,"enemies":"Slime Boss","floor":16,"turns":7},{"damage":3,"enemies":"Shell Parasite","floor":18,"turns":4},{"damage":2,"enemies":"Chosen","floor":20,"turns":6},{"damage":20,"enemies":"Book of Stabbing","floor":23,"turns":7},{"damage":3,"enemies":"Snake Plant","floor":25,"turns":6},{"damage":3,"enemies":"Sentry and Sphere","floor":28,"turns":5},{"damage":0,"enemies":"Shelled Parasite and Fungi","floor":29,"turns":5},{"damage":14,"enemies":"Slavers","floor":30,"turns":6},{"damage":2,"enemies":"Centurion and Healer","floor":31,"turns":5},{"damage":4,"enemies":"Automaton","floor":33,"turns":9},{"damage":3,"enemies":"Orb Walker","floor":35,"turns":4},{"damage":0,"enemies":"3 Shapes","floor":36,"turns":2},{"damage":0,"enemies":"Sphere and 2 Shapes","floor":37,"turns":2},{"damage":1,"enemies":"4 Shapes","floor":39,"turns":2},{"damage":0,"enemies":"Nemesis","floor":41,"turns":7},{"damage":0,"enemies":"Transient","floor":44,"turns":5},{"damage":0,"enemies":"Maw","floor":48,"turns":5},{"damage":2,"enemies":"Time Eater","floor":50,"turns":12}],"seed_played":"5265049212220235725","potions_obtained":[{"floor":1,"key":"GhostInAJar"},{"floor":7,"key":"FearPotion"},{"floor":18,"key":"Poison Potion"},{"floor":23,"key":"SkillPotion"},{"floor":30,"key":"GamblersBrew"},{"floor":33,"key":"LiquidBronze"},{"floor":35,"key":"EssenceOfSteel"},{"floor":41,"key":"AttackPotion"}],"is_trial":false,"path_per_floor":["M","?","?","$","M","R","E","R","T","T","E","M","M","E","R","B",null,"M","?","M","?","T","E","R","M","T","$","M","M","E","M","R","B",null,"M","M","M","?","M","$","E","R","T","M","R","?","$","M","R","B",null],"character_chosen":"THE_SILENT","items_purchased":["Dagger Spray","Dead Branch","Cloak And Dagger+1","Envenom","Orichalcum","Cloak And Dagger+1"],"campfire_rested":1,"item_purchase_floors":[4,27,27,40,40,47],"current_hp_per_floor":[79,79,79,79,79,79,72,72,72,72,49,49,48,42,42,40,91,88,45,43,43,43,23,23,20,20,20,17,17,5,5,19,15,49,46,48,50,43,44,44,44,44,50,52,52,52,52,54,54,52],"gold":45,"neow_bonus":"TWENTY_PERCENT_HP_BONUS","is_prod":false,"is_daily":false,"chose_seed":false,"campfire_upgraded":7,"win_rate":0,"timestamp":1564452880,"path_taken":["M","?","?","?","?","R","E","R","T","?","E","M","M","E","R","BOSS","M","?","M","?","?","E","R","?","T","?","M","M","E","M","R","BOSS","M","M","M","?","M","$","E","R","T","M","R","?","?","M","R","BOSS"],"build_version":"2019-07-17","purchased_purges":1,"victory":true,"max_hp_per_floor":[84,84,84,84,84,84,91,91,91,91,91,91,91,91,91,91,91,91,45,45,45,45,45,45,45,45,45,45,45,47,49,49,49,49,49,51,53,53,55,55,55,55,61,63,63,63,63,65,65,65],"card_choices":[{"not_picked":["Dodge and Roll","Bane"],"picked":"Infinite Blades","floor":1},{"not_picked":["Cloak And Dagger","Quick Slash"],"picked":"Dagger Spray","floor":5},{"not_picked":["Escape Plan","Heel Hook"],"picked":"Acrobatics","floor":7},{"not_picked":["Poisoned Stab","Outmaneuver+1"],"picked":"Wraith Form v2","floor":11},{"not_picked":["Choke","Prepared+1"],"picked":"Infinite Blades","floor":12},{"not_picked":["Outmaneuver+1","Dodge and Roll+1"],"picked":"Backflip+1","floor":13},{"not_picked":["Flechettes","Dash"],"picked":"Blade Dance+1","floor":14},{"not_picked":["Malaise+1","Tools of the Trade"],"picked":"Wraith Form v2","floor":16},{"not_picked":["Sucker Punch","Backflip+1"],"picked":"Cloak And Dagger+1","floor":17},{"not_picked":["Poisoned Stab","Dash"],"picked":"Blade Dance+1","floor":17},{"not_picked":["Dagger Spray","Backflip+1"],"picked":"PiercingWail+1","floor":18},{"not_picked":["Flying Knee","Outmaneuver+1"],"picked":"Footwork","floor":20},{"not_picked":["Deflect+1","Predator"],"picked":"Unload","floor":23},{"not_picked":["Dagger Spray","Noxious Fumes"],"picked":"Backflip+1","floor":25},{"not_picked":["Deflect+1","Poisoned Stab"],"picked":"Phantasmal Killer+1","floor":28},{"not_picked":["Escape Plan+1","Noxious Fumes"],"picked":"Cloak And Dagger+1","floor":29},{"not_picked":["Tactician+1","Calculated Gamble+1","Catalyst+1"],"picked":"Singing Bowl","floor":30},{"not_picked":["Blade Dance+1","Prepared+1","Deflect+1"],"picked":"Singing Bowl","floor":31},{"not_picked":["Tools of the Trade","Wraith Form v2"],"picked":"Venomology+1","floor":33},{"not_picked":["Calculated Gamble+1","Well Laid Plans+1"],"picked":"Tactician+1","floor":35},{"not_picked":["Predator+1","Concentrate+1","Crippling Poison+1"],"picked":"Singing Bowl","floor":36},{"not_picked":["Sucker Punch+1","Flying Knee","Noxious Fumes+1"],"picked":"Singing Bowl","floor":37},{"not_picked":["Slice","Underhanded Strike+1","Dodge and Roll+1"],"picked":"Singing Bowl","floor":39},{"not_picked":["Dagger Throw","Underhanded Strike+1"],"picked":"Phantasmal Killer+1","floor":41},{"not_picked":["Sucker Punch+1","Blur+1","Backflip+1"],"picked":"Singing Bowl","floor":44},{"not_picked":["Good Instincts+1","HandOfGreed"],"picked":"Finesse+1","floor":46},{"not_picked":["Prepared+1","Outmaneuver+1","Poisoned Stab"],"picked":"Singing Bowl","floor":48}],"player_experience":222695,"relics_obtained":[{"floor":7,"key":"Strawberry"},{"floor":9,"key":"Toxic Egg 2"},{"floor":10,"key":"Pen Nib"},{"floor":11,"key":"Art of War"},{"floor":14,"key":"Shuriken"},{"floor":22,"key":"Centennial Puzzle"},{"floor":23,"key":"Singing Bowl"},{"floor":26,"key":"Anchor"},{"floor":30,"key":"Gremlin Horn"},{"floor":41,"key":"Darkstone Periapt"},{"floor":43,"key":"Snake Skull"}],"event_choices":[{"cards_removed":["Doubt"],"damage_healed":0,"gold_gain":0,"player_choice":"Forget","damage_taken":0,"max_hp_gain":0,"max_hp_loss":0,"event_name":"Living Wall","floor":2,"gold_loss":0},{"cards_removed":["Strike_G"],"damage_healed":0,"gold_gain":0,"player_choice":"Card Removal","damage_taken":0,"max_hp_gain":0,"max_hp_loss":0,"event_name":"The Cleric","floor":3,"gold_loss":50},{"damage_healed":0,"gold_gain":0,"player_choice":"Became a Ghost","damage_taken":0,"max_hp_gain":0,"max_hp_loss":46,"event_name":"Ghosts","floor":19,"gold_loss":0,"cards_obtained":["Ghostly","Ghostly","Ghostly","Ghostly","Ghostly"]},{"damage_healed":0,"gold_gain":0,"cards_transformed":["Strike_G","Strike_G"],"player_choice":"Became Test Subject","damage_taken":0,"max_hp_gain":0,"max_hp_loss":0,"event_name":"Drug Dealer","floor":21,"gold_loss":0,"cards_obtained":["Envenom","Bullet Time"]},{"damage_healed":0,"gold_gain":0,"player_choice":"Embrace Madness","damage_taken":7,"max_hp_gain":0,"max_hp_loss":0,"event_name":"Winding Halls","floor":38,"gold_loss":0,"cards_obtained":["Madness","Madness"]},{"damage_healed":0,"gold_gain":0,"player_choice":"Memory 1","damage_taken":0,"max_hp_gain":0,"max_hp_loss":0,"event_name":"SensoryStone","floor":46,"gold_loss":0}],"is_beta":false,"boss_relics":[{"not_picked":["Empty Cage","Runic Dome"],"picked":"Orrery"},{"not_picked":["Snecko Eye","HoveringKite"],"picked":"Cursed Key"}],"items_purged_floors":[40],"is_endless":false,"potions_floor_spawned":[1,7,18,23,30,33,35,37,39,41,48],"ascension_level":0}