{"gold_per_floor":[113,188,188,201,201,233,250,250,298,298,312,312,324,344,344,416,416,427,384,384,402,418,418,436,436,459,459,244,244,244,115,115,115],"floor_reached":33,"playtime":1245,"items_purged":["Strike_G","Strike_G"],"score":517,"play_id":"138b943c-96ed-4a94-b394-fb981b6b9e0a","local_time":"20190222125436","is_ascension_mode":true,"campfire_choices":[{"data":"Neutralize","floor":8.0,"key":"SMITH"},{"data":"Deadly Poison","floor":10.0,"key":"SMITH"},{"floor":12.0,"key":"REST"},{"data":"Deadly Poison","floor":15.0,"key":"SMITH"},{"floor":23.0,"key":"REST"},{"floor":27.0,"key":"REST"},{"data":"Catalyst","floor":30,"key":"SMITH"},{"data":"Prepared","floor":32,"key":"SMITH"}],"neow_cost":"NONE","seed_source_timestamp":1317429679505552,"circlet_count":0,"master_deck":["AscendersBane","Defend_G","Defend_G","Defend_G","Defend_G","Defend_G","Strike_G","Strike_G","Survivor","Neutralize+1","Quick Slash","Backflip","Deadly Poison+1","Deadly Poison+1","Acrobatics","Dash","Bane","After Image","Dagger Spray","Outmaneuver+1","Catalyst+1","Prepared+1","Deadly Poison"],"special_seed":0,"relics":["Ring of the Snake","NeowsBlessing","Pen Nib","Regal Pillow","Philosopher\u0027s Stone","FaceOfCleric","Omamori"],"potions_floor_usage":[],"damage_taken":[{"damage":0.0,"enemies":"Cultist","floor":1.0,"turns":1.0},{"damage":0.0,"enemies":"Jaw Worm","floor":4.0,"turns":1.0},{"damage":0.0,"enemies":"Lagavulin","floor":6.0,"turns":1.0},{"damage":0.0,"enemies":"Small Slimes","floor":7.0,"turns":4.0},{"damage":16.0,"enemies":"Exordium Wildlife","floor":11.0,"turns":5.0},{"damage":1.0,"enemies":"Red Slaver","floor":13.0,"turns":3.0},{"damage":0.0,"enemies":"Looter","floor":14.0,"turns":3.0},{"damage":55.0,"enemies":"Slime Boss","floor":16.0,"turns":14.0},{"damage":17.0,"enemies":"Spheric Guardian","floor":18.0,"turns":6.0},{"damage":16.0,"enemies":"2 Thieves","floor":19.0,"turns":5.0},{"damage":6.0,"enemies":"Centurion and Healer","floor":21.0,"turns":9.0},{"damage":19.0,"enemies":"3 Cultists","floor":22.0,"turns":5.0},{"damage":41.0,"enemies":"Chosen and Byrds","floor":24.0,"turns":8.0},{"damage":38,"enemies":"Collector","floor":33,"turns":4}],"seed_played":"-4226144746870013797","potions_obtained":[{"floor":1.0,"key":"FairyPotion"},{"floor":4.0,"key":"PowerPotion"},{"floor":11.0,"key":"Explosive Potion"},{"floor":18.0,"key":"GamblersBrew"},{"floor":19.0,"key":"Poison Potion"}],"is_trial":false,"path_per_floor":["M","?","?","M","?","E","M","R","T","R","M","R","M","M","R","B",null,"M","M","?","M","M","R","M","?","T","R","$","?","R","$","R","B"],"character_chosen":"THE_SILENT","items_purchased":["Catalyst","Prepared","Deadly Poison"],"campfire_rested":3,"item_purchase_floors":[28,28,31],"current_hp_per_floor":[59,48,48,48,41,41,41,41,41,41,25,59,58,58,58,3,50,33,17,17,12,7,42,2,2,2,37,37,37,37,37,37,0],"gold":115,"neow_bonus":"THREE_ENEMY_KILL","is_prod":false,"is_daily":false,"chose_seed":false,"campfire_upgraded":5,"win_rate":0,"timestamp":1550836476,"path_taken":["M","?","?","?","?","E","M","R","T","R","M","R","M","M","R","BOSS","M","M","?","?","M","R","M","?","T","R","$","?","R","?","R","BOSS"],"build_version":"2019-01-23","purchased_purges":2,"victory":false,"max_hp_per_floor":[66,66,66,66,66,66,66,66,66,66,66,66,66,66,66,66,66,66,66,66,67,68,68,69,69,69,69,69,69,69,69,69,69],"card_choices":[{"not_picked":["Finisher","Prepared"],"picked":"Quick Slash","floor":1.0},{"not_picked":["PiercingWail","Infinite Blades"],"picked":"Backflip","floor":4.0},{"not_picked":["Underhanded Strike","Flying Knee"],"picked":"Deadly Poison","floor":6.0},{"not_picked":["PiercingWail","Flying Knee"],"picked":"Deadly Poison","floor":7.0},{"not_picked":["Crippling Poison","Backflip"],"picked":"Acrobatics","floor":11.0},{"not_picked":["Eviscerate","Wraith Form v2"],"picked":"Dash","floor":13.0},{"not_picked":["Crippling Poison","Sucker Punch"],"picked":"Bane","floor":14.0},{"not_picked":["Burst","Tools of the Trade"],"picked":"After Image","floor":16.0},{"not_picked":["Flying Knee","Slice+1"],"picked":"Dagger Spray","floor":18.0},{"not_picked":["Cloak And Dagger","Dagger Spray"],"picked":"Outmaneuver+1","floor":19.0},{"not_picked":["Flechettes","Accuracy","Dodge and Roll"],"picked":"SKIP","floor":21.0},{"not_picked":["Flechettes","Accuracy","Dodge and Roll"],"picked":"SKIP","floor":21.0},{"not_picked":["Outmaneuver","Riddle With Holes","Sucker Punch"],"picked":"SKIP","floor":22.0},{"not_picked":["Outmaneuver","Riddle With Holes","Sucker Punch"],"picked":"SKIP","floor":22.0},{"not_picked":["Underhanded Strike","Slice","Masterful Stab"],"picked":"SKIP","floor":24.0}],"player_experience":857734,"relics_obtained":[{"floor":6.0,"key":"Pen Nib"},{"floor":9.0,"key":"Regal Pillow"},{"floor":26.0,"key":"Omamori"}],"event_choices":[{"damage_healed":0.0,"max_hp_gain":0.0,"max_hp_loss":0.0,"gold_gain":75.0,"event_name":"World of Goop","player_choice":"Gather Gold","floor":2.0,"gold_loss":0.0,"damage_taken":11.0},{"damage_healed":0.0,"max_hp_gain":0.0,"max_hp_loss":0.0,"gold_gain":0.0,"event_name":"Liars Game","player_choice":"Ignored","floor":3.0,"gold_loss":0.0,"damage_taken":0.0},{"cards_removed":["Strike_G"],"damage_healed":0.0,"max_hp_gain":0.0,"max_hp_loss":0.0,"gold_gain":0.0,"event_name":"Golden Wing","player_choice":"Card Removal","floor":5.0,"gold_loss":0.0,"damage_taken":7.0},{"damage_healed":0.0,"max_hp_gain":0.0,"max_hp_loss":0.0,"gold_gain":0.0,"event_name":"FaceTrader","player_choice":"Trade","floor":20.0,"gold_loss":0.0,"damage_taken":0.0,"relics_obtained":["FaceOfCleric"]},{"damage_healed":0.0,"max_hp_gain":0.0,"max_hp_loss":0.0,"gold_gain":0.0,"event_name":"Cursed Tome","player_choice":"Ignored","floor":25.0,"gold_loss":0.0,"damage_taken":0.0},{"damage_healed":0,"gold_gain":0,"player_choice":"Ignored","damage_taken":0,"max_hp_gain":0,"max_hp_loss":0,"event_name":"Vampires","floor":29,"gold_loss":0}],"is_beta":false,"boss_relics":[{"not_picked":["Tiny House","Pandora\u0027s Box"],"picked":"Philosopher\u0027s Stone"}],"items_purged_floors":[28,31],"is_endless":false,"potions_floor_spawned":[1,4,11,18,19],"killed_by":"Collector","ascension_level":18}