{"gold_per_floor":[118,128,128,138,138,138,154,154,154,168,4,4,16,16,16,89,89,102,136,186,186,200,200,213,213,213,213,232,232,132,132],"floor_reached":31,"playtime":905,"items_purged":["Strike_R","Strike_R"],"score":450,"play_id":"9fd516f9-9c46-45c1-b302-82ae86f61ae0","local_time":"20190308151436","is_ascension_mode":true,"campfire_choices":[{"data":"Iron Wave","floor":6.0,"key":"SMITH"},{"data":"Pommel Strike","floor":8.0,"key":"SMITH"},{"data":"Spot Weakness","floor":12.0,"key":"SMITH"},{"data":"True Grit","floor":15.0,"key":"SMITH"},{"floor":23.0,"key":"REST"},{"data":"Inflame","floor":25.0,"key":"SMITH"},{"floor":27.0,"key":"REST"},{"data":"Heavy Blade","floor":29,"key":"SMITH"}],"neow_cost":"NONE","seed_source_timestamp":220288709117727,"circlet_count":0,"master_deck":["AscendersBane","Strike_R","Strike_R","Defend_R","Defend_R+1","Defend_R","Defend_R+1","Bash+1","Iron Wave+1","Pommel Strike+1","Cleave","Spot Weakness+1","True Grit+1","Reaper","Iron Wave+1","Heavy Blade+1","Inflame+1"],"special_seed":0,"relics":["Black Blood","Bag of Preparation","Pear","Art of War","Red Mask","Thread and Needle"],"potions_floor_usage":[],"damage_taken":[{"damage":16.0,"enemies":"Jaw Worm","floor":1.0,"turns":6.0},{"damage":1.0,"enemies":"Cultist","floor":2.0,"turns":3.0},{"damage":6.0,"enemies":"Small Slimes","floor":4.0,"turns":3.0},{"damage":8.0,"enemies":"Exordium Wildlife","floor":7.0,"turns":3.0},{"damage":0.0,"enemies":"3 Louse","floor":10.0,"turns":3.0},{"damage":1.0,"enemies":"Blue Slaver","floor":13.0,"turns":2.0},{"damage":51.0,"enemies":"Hexaghost","floor":16.0,"turns":9.0},{"damage":33.0,"enemies":"Shell Parasite","floor":18.0,"turns":7.0},{"damage":45.0,"enemies":"Masked Bandits","floor":19.0,"turns":5.0},{"damage":20.0,"enemies":"Chosen","floor":22.0,"turns":4.0},{"damage":37.0,"enemies":"Snake Plant","floor":24.0,"turns":5.0},{"damage":44,"enemies":"3 Cultists","floor":28,"turns":6},{"damage":23,"enemies":"Colosseum Slavers","floor":31,"turns":3}],"seed_played":"926459857815487129","potions_obtained":[{"floor":1.0,"key":"Poison Potion"},{"floor":7.0,"key":"Explosive Potion"},{"floor":10.0,"key":"SteroidPotion"},{"floor":19.0,"key":"Strength Potion"}],"is_trial":false,"path_per_floor":["M","M","?","M","?","R","M","R","T","M","$","R","M","T","R","B",null,"M","?","?","?","M","R","M","R","T","R","M","R","$","?"],"character_chosen":"IRONCLAD","items_purchased":["Spot Weakness"],"campfire_rested":2,"item_purchase_floors":[11],"current_hp_per_floor":[58,63,63,63,40,40,38,38,48,54,54,54,59,59,59,14,67,56,27,27,27,17,42,25,25,25,50,16,16,16,0],"gold":132,"neow_bonus":"RANDOM_COMMON_RELIC","is_prod":false,"is_daily":false,"chose_seed":false,"campfire_upgraded":6,"win_rate":0,"timestamp":1552054476,"path_taken":["M","M","?","?","?","R","M","R","T","M","$","R","M","?","R","BOSS","M","?","?","?","M","R","M","R","T","R","M","R","$","?"],"build_version":"2019-01-23","purchased_purges":2,"victory":false,"max_hp_per_floor":[75,75,75,75,75,75,75,75,85,85,85,85,85,85,85,85,85,85,85,85,85,85,85,85,85,85,85,85,85,85,85],"card_choices":[{"not_picked":["Carnage","Armaments"],"picked":"Iron Wave","floor":1.0},{"not_picked":["Heavy Blade","Body Slam"],"picked":"Pommel Strike","floor":2.0},{"not_picked":["Clash","Corruption","Searing Blow"],"picked":"SKIP","floor":4.0},{"not_picked":["Pommel Strike","Shrug It Off"],"picked":"Cleave","floor":7.0},{"not_picked":["Dropkick","Searing Blow","Shockwave"],"picked":"SKIP","floor":10.0},{"not_picked":["Dropkick","Searing Blow","Shockwave"],"picked":"SKIP","floor":10.0},{"not_picked":["Dropkick","Searing Blow","Shockwave"],"picked":"SKIP","floor":10.0},{"not_picked":["Twin Strike","Body Slam"],"picked":"True Grit","floor":13.0},{"not_picked":["Exhume","Barricade"],"picked":"Reaper","floor":16.0},{"not_picked":["Anger","Warcry"],"picked":"Iron Wave+1","floor":18.0},{"not_picked":["Anger","Body Slam"],"picked":"Heavy Blade","floor":19.0},{"not_picked":["Armaments","Rage"],"picked":"Inflame","floor":22.0},{"not_picked":["Hemokinesis","Exhume","Fire Breathing"],"picked":"SKIP","floor":24.0},{"not_picked":["Flex+1","Feel No Pain+1","Power Through"],"picked":"SKIP","floor":28}],"player_experience":954621,"relics_obtained":[{"floor":9.0,"key":"Pear"},{"floor":14.0,"key":"Art of War"},{"floor":19.0,"key":"Red Mask"},{"floor":26.0,"key":"Thread and Needle"}],"event_choices":[{"damage_healed":0.0,"max_hp_gain":0.0,"max_hp_loss":0.0,"gold_gain":0.0,"event_name":"Accursed Blacksmith","player_choice":"Forge","floor":3.0,"gold_loss":0.0,"damage_taken":0.0,"cards_upgraded":["Bash"]},{"damage_healed":0.0,"max_hp_gain":0.0,"max_hp_loss":0.0,"gold_gain":0.0,"event_name":"Shining Light","player_choice":"Entered Light","floor":5.0,"gold_loss":0.0,"damage_taken":23.0,"cards_upgraded":["Defend_R","Defend_R"]},{"damage_healed":0.0,"max_hp_gain":0.0,"max_hp_loss":0.0,"gold_gain":0.0,"event_name":"Masked Bandits","player_choice":"Fought Bandits","floor":19.0,"gold_loss":0.0,"damage_taken":0.0},{"damage_healed":0.0,"max_hp_gain":0.0,"max_hp_loss":0.0,"gold_gain":50.0,"event_name":"Nest","player_choice":"Stole From Cult","floor":20.0,"gold_loss":0.0,"damage_taken":0.0},{"cards_removed":["Strike_R"],"damage_healed":0.0,"max_hp_gain":0.0,"max_hp_loss":0.0,"gold_gain":0.0,"event_name":"Back to Basics","player_choice":"Elegance","floor":21.0,"gold_loss":0.0,"damage_taken":0.0},{"damage_healed":0,"gold_gain":0,"player_choice":"Fight","damage_taken":0,"max_hp_gain":0,"max_hp_loss":0,"event_name":"Colosseum","floor":31,"gold_loss":0}],"is_beta":false,"boss_relics":[{"not_picked":["Eternal Feather","Black Star"],"picked":"Black Blood"}],"items_purged_floors":[11,30],"is_endless":false,"potions_floor_spawned":[1,7,10,19],"killed_by":"Colosseum Slavers","ascension_level":20}