{"gold_per_floor":[366,316,491,504,230,230,302,302,325,338,364,383,107,137,137,137],"floor_reached":16,"playtime":532,"items_purged":["Doubt","Defend_G"],"score":124,"play_id":"3dbd7c62-e22e-4e82-8a7c-d7384d791ebd","local_time":"20190729125033","is_ascension_mode":true,"campfire_choices":[{"data":"Blade Dance","floor":6,"key":"SMITH"},{"floor":8,"key":"RECALL"},{"data":"Panache","floor":15,"key":"SMITH"}],"neow_cost":"PERCENT_DAMAGE","seed_source_timestamp":1535140605792773,"circlet_count":0,"master_deck":["Strike_G","Strike_G+1","Strike_G+1","Strike_G","Strike_G","Defend_G","Defend_G","Defend_G","Survivor","Neutralize","Slice","Blade Dance+1","Heel Hook","Corpse Explosion","Panache+1","Die Die Die"],"relics":["Ring of the Snake","Whetstone","Darkstone Periapt","Snake Skull","Smiling Mask"],"potions_floor_usage":[11,11,14],"damage_taken":[{"damage":0,"enemies":"Small Slimes","floor":1,"turns":3},{"damage":1,"enemies":"2 Louse","floor":4,"turns":4},{"damage":1,"enemies":"Jaw Worm","floor":10,"turns":3},{"damage":22,"enemies":"Lagavulin","floor":11,"turns":5},{"damage":13,"enemies":"3 Louse","floor":12,"turns":3},{"damage":9,"enemies":"3 Sentries","floor":14,"turns":4},{"damage":15,"enemies":"Slime Boss","floor":16,"turns":5}],"seed_played":"7274924719146682242","potions_obtained":[{"floor":1,"key":"FearPotion"},{"floor":10,"key":"Poison Potion"},{"floor":11,"key":"Regen Potion"}],"is_trial":false,"path_per_floor":["M","?","?","M","$","R","T","R","T","M","E","M","$","E","R","B"],"character_chosen":"THE_SILENT","items_purchased":["Whetstone","Blade Dance","Panache"],"campfire_rested":0,"item_purchase_floors":[5,5,13],"current_hp_per_floor":[49,49,49,48,48,48,48,48,48,47,25,12,12,15,15,0],"gold":137,"neow_bonus":"TWO_FIFTY_GOLD","is_prod":false,"is_daily":false,"chose_seed":false,"campfire_upgraded":2,"win_rate":0,"timestamp":1564419033,"path_taken":["M","?","?","M","$","R","?","R","T","M","E","M","$","E","R","BOSS"],"build_version":"2019-07-17","purchased_purges":2,"victory":false,"max_hp_per_floor":[70,70,70,70,70,70,70,70,70,70,70,70,70,70,70,70],"card_choices":[{"not_picked":["Concentrate","Flying Knee"],"picked":"Slice","floor":1},{"not_picked":["Poisoned Stab","All Out Attack","Underhanded Strike"],"picked":"SKIP","floor":4},{"not_picked":["Deflect","Distraction"],"picked":"Heel Hook","floor":10},{"not_picked":["Cloak And Dagger","Bouncing Flask"],"picked":"Corpse Explosion","floor":11},{"not_picked":["Deflect","Sucker Punch","Backflip"],"picked":"SKIP","floor":12},{"not_picked":["Corpse Explosion","Flying Knee"],"picked":"Die Die Die","floor":14}],"player_experience":198055,"relics_obtained":[{"floor":7,"key":"Darkstone Periapt"},{"floor":11,"key":"Snake Skull"},{"floor":14,"key":"Smiling Mask"}],"event_choices":[{"cards_removed":["Defend_G"],"damage_healed":0,"gold_gain":0,"player_choice":"Card Removal","damage_taken":0,"max_hp_gain":0,"max_hp_loss":0,"event_name":"The Cleric","floor":2,"gold_loss":50},{"damage_healed":0,"gold_gain":175,"player_choice":"AGREE","damage_taken":0,"max_hp_gain":0,"max_hp_loss":0,"event_name":"Liars Game","floor":3,"gold_loss":0,"cards_obtained":["Doubt"]}],"is_beta":false,"boss_relics":[],"items_purged_floors":[5,13],"is_endless":false,"potions_floor_spawned":[1,10,11],"killed_by":"Slime Boss","ascension_level":3}