{"gold_per_floor":[116,131,150,225,243,243,254,254,304,304],"floor_reached":10,"playtime":290,"items_purged":[],"score":108,"play_id":"624baf5c-955f-4a34-8a3c-93a4fbe725e1","local_time":"20190203230821","is_ascension_mode":true,"campfire_choices":[{"data":"Bash","floor":6,"key":"SMITH"},{"data":"Rampage","floor":8,"key":"SMITH"}],"neow_cost":"NONE","seed_source_timestamp":267092191165906,"circlet_count":0,"master_deck":["AscendersBane","Strike_R","Strike_R","Strike_R","Strike_R","Strike_R","Defend_R","Defend_R","Defend_R","Defend_R","Bash+1","Iron Wave","Seeing Red","Rampage+1"],"relics":["Burning Blood","Omamori","Bag of Preparation"],"potions_floor_usage":[2,7,7],"damage_taken":[{"damage":4,"enemies":"Jaw Worm","floor":1,"turns":4},{"damage":10,"enemies":"2 Louse","floor":2,"turns":4},{"damage":12,"enemies":"Small Slimes","floor":3,"turns":3},{"damage":19,"enemies":"Blue Slaver","floor":5,"turns":5},{"damage":13,"enemies":"Large Slime","floor":7,"turns":7},{"damage":40,"enemies":"3 Sentries","floor":10,"turns":4}],"seed_played":"8387697212299164273","potions_obtained":[{"floor":2,"key":"Fruit Juice"},{"floor":3,"key":"Poison Potion"},{"floor":5,"key":"AttackPotion"}],"is_trial":false,"path_per_floor":["M","M","M","?","M","R","M","R","T","E"],"character_chosen":"IRONCLAD","items_purchased":[],"campfire_rested":0,"item_purchase_floors":[],"current_hp_per_floor":[70,71,65,54,41,41,34,34,34,0],"gold":304,"neow_bonus":"RANDOM_COMMON_RELIC","is_prod":false,"is_daily":false,"chose_seed":false,"campfire_upgraded":2,"win_rate":0,"timestamp":1549231701,"path_taken":["M","M","M","?","M","R","M","R","T","E"],"build_version":"2019-01-23","purchased_purges":0,"victory":false,"max_hp_per_floor":[75,80,80,80,80,80,80,80,80,80],"card_choices":[{"not_picked":["Twin Strike","Perfected Strike"],"picked":"Iron Wave","floor":1},{"not_picked":["Clothesline","Body Slam","Bloodletting"],"picked":"SKIP","floor":2},{"not_picked":["True Grit","Perfected Strike","Sentinel"],"picked":"SKIP","floor":3},{"not_picked":["Combust","Dual Wield"],"picked":"Seeing Red","floor":5},{"not_picked":["Twin Strike","Armaments"],"picked":"Rampage","floor":7}],"player_experience":777578,"relics_obtained":[{"floor":9,"key":"Bag of Preparation"}],"event_choices":[{"damage_healed":0,"gold_gain":75,"player_choice":"Gather Gold","damage_taken":11,"max_hp_gain":0,"max_hp_loss":0,"event_name":"World of Goop","floor":4,"gold_loss":0}],"is_beta":false,"boss_relics":[],"items_purged_floors":[],"is_endless":false,"potions_floor_spawned":[2,3,5],"killed_by":"3 Sentries","ascension_level":16}