{"gold_per_floor":[115,134,13,31,47,47,77,77,77,352,352,379,364],"floor_reached":13,"playtime":335,"items_purged":["Strike_B"],"score":144,"play_id":"2e2a991c-5b00-4a63-b9f1-3cb6abccd9ca","local_time":"20180810213932","is_ascension_mode":true,"campfire_choices":[{"data":"Zap","floor":6.0,"key":"SMITH"},{"data":"Beam Cell","floor":8.0,"key":"SMITH"},{"data":"Dualcast","floor":11.0,"key":"SMITH"}],"neow_cost":"NONE","seed_source_timestamp":552800796252551,"circlet_count":0,"master_deck":["Strike_B","Strike_B","Strike_B","Defend_B","Defend_B","Defend_B","Defend_B","Zap+1","Dualcast+1","AscendersBane","Beam Cell+1","Sweeping Beam","Ball Lightning","Steam","Cold Snap"],"special_seed":0,"relics":["Cracked Core","Omamori","Art of War","Ornamental Fan","Turnip"],"potions_floor_usage":[],"damage_taken":[{"damage":1.0,"enemies":"2 Louse","floor":1.0,"turns":4.0},{"damage":6.0,"enemies":"Cultist","floor":2.0,"turns":4.0},{"damage":3.0,"enemies":"Small Slimes","floor":4.0,"turns":2.0},{"damage":16.0,"enemies":"Gremlin Gang","floor":5.0,"turns":3.0},{"damage":17.0,"enemies":"Lagavulin","floor":7.0,"turns":4.0},{"damage":29,"enemies":"Gremlin Nob","floor":12,"turns":4},{"damage":4,"enemies":"Looter","floor":13,"turns":1}],"seed_played":"1303008970028769840","potions_obtained":[{"floor":1.0,"key":"Fire Potion"},{"floor":4.0,"key":"PowerPotion"},{"floor":5.0,"key":"Fruit Juice"}],"is_trial":false,"path_per_floor":["M","M","$","M","M","R","E","R","T","?","R","E"],"character_chosen":"DEFECT","items_purchased":["Ball Lightning"],"campfire_rested":0,"item_purchase_floors":[3],"current_hp_per_floor":[67,61,61,58,42,42,30,30,30,30,30,1,0],"gold":364,"neow_bonus":"RANDOM_COMMON_RELIC","is_prod":false,"is_daily":false,"chose_seed":false,"campfire_upgraded":3,"win_rate":0,"timestamp":1533929972,"path_taken":["M","M","$","M","M","R","E","R","T","?","R","E","M"],"build_version":"2018-08-09","purchased_purges":1,"victory":false,"max_hp_per_floor":[75,75,75,75,75,75,80,80,80,80,80,80,80],"card_choices":[{"not_picked":["Sunder","Reprogram"],"picked":"Beam Cell","floor":1.0},{"not_picked":["Leap","Steam"],"picked":"Sweeping Beam","floor":2.0},{"not_picked":["Double Energy","Redo"],"picked":"Steam","floor":4.0},{"not_picked":["White Noise","Blizzard"],"picked":"Cold Snap","floor":5.0},{"not_picked":["Rebound","Reinforced Body","Thunder Strike"],"picked":"SKIP","floor":7.0},{"not_picked":["Reinforced Body","Hologram","Doom and Gloom"],"picked":"SKIP","floor":12}],"player_experience":613427,"relics_obtained":[{"floor":7.0,"key":"Art of War"},{"floor":9.0,"key":"Ornamental Fan"},{"floor":12,"key":"Turnip"}],"event_choices":[{"event_name":"Golden Shrine","player_choice":"Desecrate","floor":10.0,"damage_taken":0.0}],"is_beta":false,"boss_relics":[],"items_purged_floors":[3],"is_endless":false,"potions_floor_spawned":[1,4,5],"killed_by":"Looter","ascension_level":11}