{"gold_per_floor":[110,110,120,137,137,137,157,157,157,157,169,94,94,125,125,125],"floor_reached":16,"playtime":596,"items_purged":[],"score":180,"play_id":"8684791e-afaa-4f6e-96bd-666f3d00a5f6","local_time":"20190205145811","is_ascension_mode":true,"campfire_choices":[{"data":"True Grit","floor":6,"key":"SMITH"},{"data":"Shrug It Off","floor":8,"key":"SMITH"},{"data":"Defend_R","floor":10,"key":"SMITH"},{"data":"Inflame","floor":15,"key":"SMITH"}],"neow_cost":"NONE","seed_source_timestamp":346964415636920,"circlet_count":0,"master_deck":["AscendersBane","Strike_R","Strike_R","Strike_R","Strike_R","Defend_R","Defend_R","Defend_R","Defend_R+1","Bash+1","Thunderclap","True Grit+1","Shrug It Off+1","Inflame+1"],"relics":["Burning Blood","NeowsBlessing","Gambling Chip","Molten Egg 2"],"potions_floor_usage":[14,16],"damage_taken":[{"damage":0,"enemies":"Jaw Worm","floor":1,"turns":1},{"damage":0,"enemies":"Cultist","floor":3,"turns":1},{"damage":0,"enemies":"2 Louse","floor":4,"turns":1},{"damage":28,"enemies":"Large Slime","floor":7,"turns":8},{"damage":4,"enemies":"Exordium Wildlife","floor":11,"turns":7},{"damage":19,"enemies":"3 Sentries","floor":14,"turns":10},{"damage":64,"enemies":"Slime Boss","floor":16,"turns":9}],"seed_played":"7281370546710384591","potions_obtained":[{"floor":1,"key":"Dexterity Potion"},{"floor":11,"key":"Block Potion"},{"floor":14,"key":"Fire Potion"}],"is_trial":false,"path_per_floor":["M","?","M","M","?","R","M","R","T","R","M","?","?","E","R","B"],"character_chosen":"IRONCLAD","items_purchased":[],"campfire_rested":0,"item_purchase_floors":[],"current_hp_per_floor":[74,74,75,75,80,80,58,58,58,58,60,60,60,47,47,0],"gold":125,"neow_bonus":"THREE_ENEMY_KILL","is_prod":false,"is_daily":false,"chose_seed":false,"campfire_upgraded":4,"win_rate":0,"timestamp":1549375091,"path_taken":["M","?","M","?","?","R","M","R","T","R","M","?","?","E","R","BOSS"],"build_version":"2019-01-23","purchased_purges":0,"victory":false,"max_hp_per_floor":[75,75,75,75,80,80,80,80,80,80,80,80,80,80,80,80],"card_choices":[{"not_picked":["Bloodletting","Anger"],"picked":"Thunderclap","floor":1},{"not_picked":["Searing Blow","Clash","Cleave"],"picked":"SKIP","floor":3},{"not_picked":["Exhume","Havoc"],"picked":"True Grit","floor":4},{"not_picked":["Headbutt","Sword Boomerang"],"picked":"Shrug It Off","floor":7},{"not_picked":["Thunderclap","Dual Wield","Cleave"],"picked":"SKIP","floor":11},{"not_picked":["Reaper","Seeing Red"],"picked":"Inflame","floor":14}],"player_experience":783641,"relics_obtained":[{"floor":9,"key":"Gambling Chip"},{"floor":14,"key":"Molten Egg 2"}],"event_choices":[{"damage_healed":0,"gold_gain":0,"player_choice":"Forge","damage_taken":0,"max_hp_gain":0,"max_hp_loss":0,"event_name":"Accursed Blacksmith","floor":2,"gold_loss":0,"cards_upgraded":["Bash"]},{"damage_healed":0,"gold_gain":0,"player_choice":"Donut","damage_taken":0,"max_hp_gain":5,"max_hp_loss":0,"event_name":"Big Fish","floor":5,"gold_loss":0},{"cards_removed":["Strike_R"],"damage_healed":0,"gold_gain":0,"player_choice":"Card Removal","damage_taken":0,"max_hp_gain":0,"max_hp_loss":0,"event_name":"The Cleric","floor":12,"gold_loss":75},{"damage_healed":0,"gold_gain":0,"player_choice":"Ignored","damage_taken":0,"max_hp_gain":0,"max_hp_loss":0,"event_name":"Golden Idol","floor":13,"gold_loss":0}],"is_beta":false,"boss_relics":[],"items_purged_floors":[],"is_endless":false,"potions_floor_spawned":[1,11,14],"killed_by":"Slime Boss","ascension_level":16}