{"gold_per_floor":[109,59,69,69,69,99,117,117,117,42,42,62,75,99,99,194,194,209,209,226,226,240,240,240],"floor_reached":24,"playtime":874,"items_purged":["Strike_B"],"score":394,"play_id":"2f71eb06-2449-419d-9b5f-f950516c20ec","local_time":"20190111093448","is_ascension_mode":true,"campfire_choices":[{"data":"Zap","floor":8,"key":"SMITH"},{"data":"Go for the Eyes","floor":11,"key":"SMITH"},{"floor":15,"key":"DIG"},{"floor":23,"key":"REST"}],"neow_cost":"TEN_PERCENT_HP_LOSS","seed_source_timestamp":345113624832186,"circlet_count":0,"master_deck":["AscendersBane","Defend_B","Zap+1","Dualcast","Conserve Battery","Go for the Eyes+1","Sweeping Beam","Ball Lightning","Steam","Rip and Tear+1","Melter+1","Turbo+1","Coolheaded+1"],"relics":["Cracked Core","Du-Vu Doll","Shovel","Odd Mushroom","Bottled Flame","Astrolabe"],"potions_floor_usage":[16,24],"damage_taken":[{"damage":3,"enemies":"2 Louse","floor":1,"turns":2},{"damage":0,"enemies":"Jaw Worm","floor":3,"turns":4},{"damage":26,"enemies":"Lagavulin","floor":6,"turns":6},{"damage":4,"enemies":"Small Slimes","floor":7,"turns":3},{"damage":3,"enemies":"Blue Slaver","floor":12,"turns":3},{"damage":3,"enemies":"Red Slaver","floor":13,"turns":3},{"damage":6,"enemies":"The Mushroom Lair","floor":14,"turns":3},{"damage":0,"enemies":"Slime Boss","floor":16,"turns":6},{"damage":26,"enemies":"2 Thieves","floor":18,"turns":3},{"damage":9,"enemies":"Shell Parasite","floor":20,"turns":2},{"damage":14,"enemies":"Cultist and Chosen","floor":22,"turns":5},{"damage":35,"enemies":"Book of Stabbing","floor":24,"turns":4}],"seed_played":"-4197481111308057595","potions_obtained":[{"floor":12,"key":"LiquidBronze"},{"floor":14,"key":"AttackPotion"},{"floor":22,"key":"Ancient Potion"}],"is_trial":false,"path_per_floor":["M","?","M","?","$","E","M","R","T","$","R","M","M","?","R","B",null,"M","?","M","?","M","R","E"],"character_chosen":"DEFECT","items_purchased":[],"campfire_rested":1,"item_purchase_floors":[],"current_hp_per_floor":[65,65,65,70,70,44,40,40,40,40,40,37,34,28,28,28,62,36,36,27,27,13,34,0],"gold":240,"neow_bonus":"REMOVE_TWO","is_prod":false,"is_daily":false,"chose_seed":false,"campfire_upgraded":2,"win_rate":0,"timestamp":1547195688,"path_taken":["M","?","M","?","$","E","M","R","T","$","R","M","?","?","R","BOSS","M","?","?","?","M","R","E"],"build_version":"2019-01-10","purchased_purges":1,"victory":false,"max_hp_per_floor":[68,68,68,73,73,73,73,73,73,73,73,73,73,73,73,73,73,73,73,73,73,73,73,73],"card_choices":[{"not_picked":["Go for the Eyes","Streamline"],"picked":"Conserve Battery","floor":1},{"not_picked":["Leap","Stack"],"picked":"Go for the Eyes","floor":3},{"not_picked":["Go for the Eyes","Auto Shields"],"picked":"Sweeping Beam","floor":6},{"not_picked":["Lockon","Hologram","Rip and Tear"],"picked":"SKIP","floor":7},{"not_picked":["Streamline","Chaos","Doom and Gloom"],"picked":"SKIP","floor":12},{"not_picked":["Force Field","Beam Cell"],"picked":"Ball Lightning","floor":13},{"not_picked":["Recycle","Sweeping Beam"],"picked":"Steam","floor":14},{"not_picked":["Cold Snap","Beam Cell"],"picked":"Coolheaded","floor":18},{"not_picked":["Darkness","Cold Snap","Turbo"],"picked":"SKIP","floor":20},{"not_picked":["Hologram","Aggregate+1","Leap"],"picked":"SKIP","floor":22}],"player_experience":688369,"relics_obtained":[{"floor":6,"key":"Du-Vu Doll"},{"floor":9,"key":"Shovel"},{"floor":14,"key":"Odd Mushroom"},{"floor":15,"key":"Bottled Flame"}],"event_choices":[{"cards_removed":["Defend_B"],"damage_healed":0,"gold_gain":0,"player_choice":"Card Removal","damage_taken":0,"max_hp_gain":0,"max_hp_loss":0,"event_name":"The Cleric","floor":2,"gold_loss":50},{"damage_healed":0,"gold_gain":0,"player_choice":"Donut","damage_taken":0,"max_hp_gain":5,"max_hp_loss":0,"event_name":"Big Fish","floor":4,"gold_loss":0},{"damage_healed":0,"gold_gain":0,"player_choice":"Fought Mushrooms","damage_taken":0,"max_hp_gain":0,"max_hp_loss":0,"event_name":"Mushrooms","floor":14,"gold_loss":0},{"damage_healed":0,"gold_gain":0,"player_choice":"Forge","damage_taken":0,"max_hp_gain":0,"max_hp_loss":0,"event_name":"Accursed Blacksmith","floor":19,"gold_loss":0,"cards_upgraded":["Coolheaded"]},{"damage_healed":0,"gold_gain":0,"player_choice":"Ignored","damage_taken":0,"max_hp_gain":0,"max_hp_loss":0,"event_name":"Ghosts","floor":21,"gold_loss":0}],"is_beta":false,"boss_relics":[{"not_picked":["Lizard Tail","Coffee Dripper"],"picked":"Astrolabe"}],"items_purged_floors":[10],"is_endless":false,"potions_floor_spawned":[12,14,22],"killed_by":"Book of Stabbing","ascension_level":12}