{"gold_per_floor":[113,113,128,128,141,166,166,91,145,77,92,40,75,95,95,95],"floor_reached":16,"playtime":1083,"items_purged":["Pain"],"score":220,"play_id":"04b3bc9f-0656-403a-b5cd-d7ca72aed9d5","local_time":"20190730171659","is_ascension_mode":true,"campfire_choices":[{"floor":7,"key":"REST"},{"data":"Uppercut","floor":15,"key":"SMITH"}],"neow_cost":"NONE","seed_source_timestamp":58992296360800,"circlet_count":0,"master_deck":["AscendersBane","Strike_R","Strike_R","Strike_R","Strike_R","Strike_R","Defend_R","Defend_R","Defend_R","Defend_R","Bash","Uppercut+1","Armaments","Flame Barrier","Second Wind","Pommel Strike","Cleave"],"relics":["Burning Blood","NeowsBlessing","WarpedTongs","Oddly Smooth Stone","Bag of Preparation","Shovel"],"potions_floor_usage":[13,16],"damage_taken":[{"damage":0,"enemies":"Cultist","floor":1,"turns":1},{"damage":0,"enemies":"Small Slimes","floor":3,"turns":1},{"damage":0,"enemies":"2 Louse","floor":5,"turns":1},{"damage":50,"enemies":"Lagavulin","floor":6,"turns":6},{"damage":0,"enemies":"Blue Slaver","floor":11,"turns":5},{"damage":23,"enemies":"3 Sentries","floor":13,"turns":7},{"damage":1,"enemies":"Red Slaver","floor":14,"turns":4},{"damage":57,"enemies":"Slime Boss","floor":16,"turns":7}],"seed_played":"787367836717212799","potions_obtained":[{"floor":1,"key":"Swift Potion"},{"floor":6,"key":"LiquidBronze"},{"floor":13,"key":"Fire Potion"}],"is_trial":false,"path_per_floor":["M","$","M","?","M","E","R","$","T","?","M","$","E","M","R","B"],"character_chosen":"IRONCLAD","items_purchased":["Cleave"],"campfire_rested":1,"item_purchase_floors":[12],"current_hp_per_floor":[74,74,75,75,75,31,53,53,53,53,59,59,42,47,47,0],"gold":95,"neow_bonus":"THREE_ENEMY_KILL","is_prod":false,"is_daily":false,"chose_seed":false,"campfire_upgraded":1,"win_rate":0,"timestamp":1564532219,"path_taken":["M","?","?","?","?","E","R","?","T","?","M","$","E","M","R","BOSS"],"build_version":"2019-07-18","purchased_purges":1,"victory":false,"max_hp_per_floor":[75,75,75,75,75,75,75,75,75,75,75,75,75,75,75,75],"card_choices":[{"not_picked":["Anger","Thunderclap"],"picked":"Uppercut","floor":1},{"not_picked":["Clash","True Grit"],"picked":"Armaments","floor":3},{"not_picked":["Sword Boomerang","Evolve"],"picked":"Flame Barrier","floor":5},{"not_picked":["Havoc","Sever Soul"],"picked":"Second Wind","floor":6},{"not_picked":["Feel No Pain","Pummel"],"picked":"Pommel Strike","floor":11},{"not_picked":["Clothesline","Burning Pact","True Grit"],"picked":"SKIP","floor":13},{"not_picked":["Bloodletting","Sword Boomerang","Clash"],"picked":"SKIP","floor":14}],"player_experience":259460,"relics_obtained":[{"floor":6,"key":"Oddly Smooth Stone"},{"floor":9,"key":"Bag of Preparation"},{"floor":13,"key":"Shovel"}],"event_choices":[{"damage_healed":0,"gold_gain":0,"player_choice":"Rummage","damage_taken":0,"relics_obtained":["WarpedTongs"],"max_hp_gain":0,"max_hp_loss":0,"event_name":"Accursed Blacksmith","floor":4,"gold_loss":0,"cards_obtained":["Pain"]},{"damage_healed":0,"gold_gain":0,"player_choice":"Left Gold","damage_taken":0,"max_hp_gain":0,"max_hp_loss":0,"event_name":"World of Goop","floor":10,"gold_loss":68}],"is_beta":true,"boss_relics":[],"items_purged_floors":[8],"is_endless":false,"potions_floor_spawned":[1,6,13],"killed_by":"Slime Boss","ascension_level":20}