{"gold_per_floor":[116,133,58,77,100,100,134,153,153,123,123,143,171,189,189,288,288,304,315,315,122,141,141,175,50,121,137,137,155,172,192,192,288,288,298,308,319,330,345,345,345,345,345,374,374,394,409,423,423,423],"floor_reached":50,"playtime":1815,"items_purged":["Strike_G","Strike_G","Strike_G"],"score":613,"play_id":"7c846f00-2d62-4e6b-9402-afafe6c2de6f","local_time":"20190729213727","is_ascension_mode":true,"campfire_choices":[{"data":"Dagger Spray","floor":6,"key":"SMITH"},{"data":"Noxious Fumes","floor":11,"key":"SMITH"},{"floor":15,"key":"REST"},{"floor":23,"key":"REST"},{"floor":28,"key":"REST"},{"floor":32,"key":"REST"},{"floor":40,"key":"REST"},{"floor":42,"key":"REST"},{"floor":49,"key":"REST"}],"neow_cost":"NONE","seed_source_timestamp":456863465327642,"circlet_count":0,"master_deck":["Strike_G+1","Strike_G+1","Defend_G","Defend_G","Defend_G","Defend_G","Defend_G","Survivor","Neutralize+1","Leg Sweep+1","Dagger Spray+1","PiercingWail","Noxious Fumes+1","Deadly Poison","Poisoned Stab","Bane","Glass Knife","Blur","Poisoned Stab","Footwork","Cloak And Dagger","Crippling Poison","Caltrops+1","Bouncing Flask","Predator+1","Backstab","Sucker Punch","Adrenaline","Deadly Poison","Dodge and Roll","Blur+1","Blade Dance+1","Poisoned Stab+1","Parasite","Storm of Steel","Writhe","Catalyst","Blade Dance+1","Cloak And Dagger+1","Backflip"],"relics":["Ring of the Snake","Whetstone","Strawberry","Shuriken","Darkstone Periapt","Fusion Hammer","Bag of Preparation","Gremlin Horn","Cursed Key","Pantograph","Dream Catcher"],"potions_floor_usage":[18,18,18,27,38,50,50,50],"damage_taken":[{"damage":0,"enemies":"Cultist","floor":1,"turns":4},{"damage":3,"enemies":"Small Slimes","floor":2,"turns":6},{"damage":1,"enemies":"Jaw Worm","floor":4,"turns":6},{"damage":10,"enemies":"3 Sentries","floor":7,"turns":7},{"damage":1,"enemies":"Red Slaver","floor":8,"turns":5},{"damage":0,"enemies":"Looter","floor":10,"turns":4},{"damage":0,"enemies":"Exordium Wildlife","floor":12,"turns":2},{"damage":19,"enemies":"Gremlin Nob","floor":13,"turns":5},{"damage":2,"enemies":"Blue Slaver","floor":14,"turns":5},{"damage":18,"enemies":"Hexaghost","floor":16,"turns":9},{"damage":0,"enemies":"2 Thieves","floor":18,"turns":4},{"damage":25,"enemies":"Spheric Guardian","floor":19,"turns":4},{"damage":1,"enemies":"Chosen and Byrds","floor":22,"turns":5},{"damage":27,"enemies":"Slavers","floor":24,"turns":5},{"damage":21,"enemies":"Cultist and Chosen","floor":27,"turns":6},{"damage":0,"enemies":"Centurion and Healer","floor":29,"turns":6},{"damage":6,"enemies":"Snake Plant","floor":30,"turns":4},{"damage":4,"enemies":"Cultist and Chosen","floor":31,"turns":4},{"damage":34,"enemies":"Automaton","floor":33,"turns":9},{"damage":31,"enemies":"3 Darklings","floor":35,"turns":4},{"damage":0,"enemies":"Orb Walker","floor":36,"turns":3},{"damage":3,"enemies":"Sphere and 2 Shapes","floor":37,"turns":3},{"damage":4,"enemies":"Maw","floor":38,"turns":7},{"damage":4,"enemies":"Jaw Worm Horde","floor":39,"turns":4},{"damage":18,"enemies":"Nemesis","floor":44,"turns":7},{"damage":22,"enemies":"3 Darklings","floor":46,"turns":4},{"damage":26,"enemies":"Transient","floor":47,"turns":5},{"damage":0,"enemies":"4 Shapes","floor":48,"turns":4},{"damage":103,"enemies":"Donu and Deca","floor":50,"turns":8}],"seed_played":"-6993090274322666188","potions_obtained":[{"floor":2,"key":"Strength Potion"},{"floor":13,"key":"Dexterity Potion"},{"floor":14,"key":"Strength Potion"},{"floor":18,"key":"Ancient Potion"},{"floor":19,"key":"Weak Potion"},{"floor":24,"key":"Dexterity Potion"},{"floor":30,"key":"GamblersBrew"},{"floor":37,"key":"Regen Potion"},{"floor":38,"key":"Swift Potion"}],"is_trial":false,"path_per_floor":["M","M","$","M","T","R","E","M","T","M","R","M","E","M","R","B",null,"M","M","?","$","M","R","E","$","T","M","R","M","M","M","R","B",null,"M","M","M","M","M","R","?","R","T","E","?","M","M","M","R","B"],"character_chosen":"THE_SILENT","items_purchased":["Footwork","Cloak And Dagger"],"campfire_rested":7,"item_purchase_floors":[21,21],"current_hp_per_floor":[70,67,67,66,66,66,63,62,62,62,62,62,43,41,64,46,77,77,52,52,52,51,74,47,47,47,26,49,49,43,39,62,28,77,46,46,43,53,49,72,72,77,83,65,89,67,41,41,67,0],"gold":423,"neow_bonus":"UPGRADE_CARD","is_prod":false,"is_daily":false,"chose_seed":false,"campfire_upgraded":2,"win_rate":0,"timestamp":1564454247,"path_taken":["M","M","$","?","?","R","E","M","T","M","R","M","E","M","R","BOSS","M","?","?","$","?","R","E","$","T","M","R","M","M","M","R","BOSS","M","?","M","M","M","R","?","R","T","E","?","M","M","?","R","BOSS"],"build_version":"2019-07-17","purchased_purges":3,"victory":false,"max_hp_per_floor":[70,70,70,70,70,70,77,77,77,77,77,77,77,77,77,77,77,77,77,77,77,77,77,77,77,77,77,77,77,77,77,77,77,77,77,77,77,77,77,77,77,77,83,83,89,89,89,89,89,89],"card_choices":[{"not_picked":["Backflip","Outmaneuver"],"picked":"Leg Sweep","floor":1},{"not_picked":["Underhanded Strike","Deflect"],"picked":"Dagger Spray","floor":2},{"not_picked":["Dagger Spray","Infinite Blades"],"picked":"PiercingWail","floor":4},{"not_picked":["Sucker Punch","Cloak And Dagger"],"picked":"Noxious Fumes","floor":7},{"not_picked":["Tactician","Phantasmal Killer","Finisher"],"picked":"SKIP","floor":8},{"not_picked":["Catalyst","Calculated Gamble"],"picked":"Deadly Poison","floor":10},{"not_picked":["Outmaneuver","Backflip"],"picked":"Dash","floor":12},{"not_picked":["Blade Dance","Acrobatics"],"picked":"Poisoned Stab","floor":13},{"not_picked":["Well Laid Plans","Masterful Stab"],"picked":"Bane","floor":14},{"not_picked":["Bullet Time","Unload"],"picked":"Glass Knife","floor":16},{"not_picked":["Prepared","Backflip+1"],"picked":"Blur","floor":18},{"not_picked":["Slice+1","Accuracy"],"picked":"Poisoned Stab","floor":19},{"not_picked":["Underhanded Strike","Slice"],"picked":"Crippling Poison","floor":22},{"not_picked":["Blade Dance","Eviscerate"],"picked":"Caltrops+1","floor":24},{"not_picked":["Well Laid Plans","Slice"],"picked":"Bouncing Flask","floor":27},{"not_picked":["Bane","Flying Knee"],"picked":"Predator+1","floor":29},{"not_picked":["Slice","Dagger Throw"],"picked":"Backstab","floor":30},{"not_picked":["Deflect","Reflex+1"],"picked":"Sucker Punch","floor":31},{"not_picked":["Wraith Form v2","Bullet Time"],"picked":"Adrenaline","floor":33},{"not_picked":["Bouncing Flask+1","Outmaneuver+1"],"picked":"Deadly Poison","floor":35},{"not_picked":["Quick Slash+1","Infinite Blades+1"],"picked":"Dodge and Roll","floor":36},{"not_picked":["Predator+1","Riddle With Holes+1"],"picked":"Blur+1","floor":37},{"not_picked":["Skewer+1","Finisher+1"],"picked":"Blade Dance+1","floor":38},{"not_picked":["Underhanded Strike","Quick Slash"],"picked":"Poisoned Stab+1","floor":39},{"not_picked":["Predator+1","Adrenaline"],"picked":"Storm of Steel","floor":44},{"not_picked":["Prepared+1","Heel Hook+1"],"picked":"Catalyst","floor":46},{"not_picked":["Dagger Throw","Cloak And Dagger"],"picked":"Blade Dance+1","floor":47},{"not_picked":["Prepared+1","Bane+1"],"picked":"Cloak And Dagger+1","floor":48},{"not_picked":["Quick Slash+1","Prepared+1"],"picked":"Backflip","floor":49}],"player_experience":149268,"relics_obtained":[{"floor":5,"key":"Whetstone"},{"floor":7,"key":"Strawberry"},{"floor":9,"key":"Shuriken"},{"floor":13,"key":"Darkstone Periapt"},{"floor":24,"key":"Bag of Preparation"},{"floor":26,"key":"Gremlin Horn"},{"floor":43,"key":"Pantograph"},{"floor":44,"key":"Dream Catcher"}],"event_choices":[{"damage_healed":0,"gold_gain":0,"player_choice":"Forge","damage_taken":0,"max_hp_gain":0,"max_hp_loss":0,"event_name":"Accursed Blacksmith","floor":20,"gold_loss":0,"cards_upgraded":["Leg Sweep"]},{"cards_removed":["Dash"],"damage_healed":0,"gold_gain":0,"player_choice":"Removed Attack","damage_taken":0,"max_hp_gain":0,"max_hp_loss":0,"event_name":"Falling","floor":41,"gold_loss":0},{"damage_healed":21,"gold_gain":0,"player_choice":"Writhe","damage_taken":0,"max_hp_gain":0,"max_hp_loss":0,"event_name":"Winding Halls","floor":45,"gold_loss":0,"cards_obtained":["Writhe"]}],"is_beta":false,"boss_relics":[{"not_picked":["Eternal Feather","Ectoplasm"],"picked":"Fusion Hammer"},{"not_picked":["Black Star","Orrery"],"picked":"Cursed Key"}],"items_purged_floors":[3,21,25],"is_endless":false,"potions_floor_spawned":[2,13,14,18,19,24,30,35,37,38,46,47],"killed_by":"Donu and Deca","ascension_level":2}