{"gold_per_floor":[118,131,131,56,56,56,106,117,117,137,137,151,151,165,165,165],"floor_reached":16,"playtime":445,"items_purged":[],"score":184,"play_id":"b52ae32c-060c-490a-81f1-4840a7e32010","local_time":"20190303213615","is_ascension_mode":true,"campfire_choices":[{"data":"Neutralize","floor":6,"key":"SMITH"},{"data":"A Thousand Cuts","floor":11,"key":"SMITH"},{"data":"Tools of the Trade","floor":13,"key":"SMITH"},{"data":"Footwork","floor":15,"key":"SMITH"}],"neow_cost":"TEN_PERCENT_HP_LOSS","seed_source_timestamp":215228405096060,"circlet_count":0,"master_deck":["AscendersBane","Defend_G","Defend_G","Defend_G","Defend_G","Strike_G","Strike_G","Survivor","Neutralize+1","All Out Attack","A Thousand Cuts+1","Footwork+1","Flying Knee","Backflip","Tools of the Trade+1"],"special_seed":0,"relics":["Ring of the Snake","Omamori","Potion Belt","Darkstone Periapt"],"potions_floor_usage":[16,16],"damage_taken":[{"damage":2.0,"enemies":"Small Slimes","floor":1.0,"turns":4.0},{"damage":5,"enemies":"2 Louse","floor":2,"turns":2},{"damage":2,"enemies":"Cultist","floor":8,"turns":6},{"damage":3,"enemies":"Blue Slaver","floor":10,"turns":5},{"damage":8,"enemies":"Looter","floor":12,"turns":4},{"damage":3,"enemies":"Large Slime","floor":14,"turns":5},{"damage":22,"enemies":"Slime Boss","floor":16,"turns":8}],"seed_played":"1759315851591104754","potions_obtained":[{"floor":1.0,"key":"EssenceOfSteel"},{"floor":2,"key":"Strength Potion"},{"floor":12,"key":"Energy Potion"}],"is_trial":false,"path_per_floor":["M","M","?","?","?","R","T","M","T","M","R","M","R","M","R","B"],"character_chosen":"THE_SILENT","items_purchased":[],"campfire_rested":0,"item_purchase_floors":[],"current_hp_per_floor":[57,52,41,41,34,34,34,32,32,29,29,21,21,18,18,0],"gold":165,"neow_bonus":"TRANSFORM_TWO_CARDS","is_prod":false,"is_daily":false,"chose_seed":false,"campfire_upgraded":4,"win_rate":0,"timestamp":1551645375,"path_taken":["M","M","?","?","?","R","?","M","T","M","R","M","R","M","R","BOSS"],"build_version":"2019-01-23","purchased_purges":0,"victory":false,"max_hp_per_floor":[60,60,60,60,60,60,60,60,60,60,60,60,60,60,60,60],"card_choices":[{"not_picked":["Flying Knee","All Out Attack"],"picked":"Footwork","floor":1.0},{"not_picked":["Acrobatics","Quick Slash","Endless Agony"],"picked":"SKIP","floor":2},{"not_picked":["Crippling Poison","Distraction"],"picked":"Flying Knee","floor":8},{"not_picked":["Prepared","Catalyst"],"picked":"Backflip","floor":10},{"not_picked":["Poisoned Stab","Quick Slash"],"picked":"Tools of the Trade","floor":12},{"not_picked":["Concentrate","Escape Plan","Sucker Punch"],"picked":"SKIP","floor":14},{"not_picked":["Concentrate","Escape Plan","Sucker Punch"],"picked":"SKIP","floor":14}],"player_experience":934732,"relics_obtained":[{"floor":7,"key":"Potion Belt"},{"floor":9,"key":"Darkstone Periapt"}],"event_choices":[{"damage_healed":0,"gold_gain":0,"player_choice":"Success","damage_taken":11,"relics_obtained":["Omamori"],"max_hp_gain":0,"max_hp_loss":0,"event_name":"Scrap Ooze","floor":3,"gold_loss":0},{"cards_removed":["Strike_G"],"damage_healed":0,"gold_gain":0,"player_choice":"Card Removal","damage_taken":0,"max_hp_gain":0,"max_hp_loss":0,"event_name":"The Cleric","floor":4,"gold_loss":75},{"cards_removed":["Strike_G"],"damage_healed":0,"gold_gain":0,"player_choice":"Card Removal","damage_taken":7,"max_hp_gain":0,"max_hp_loss":0,"event_name":"Golden Wing","floor":5,"gold_loss":0}],"is_beta":false,"boss_relics":[],"items_purged_floors":[],"is_endless":false,"potions_floor_spawned":[1,2,12],"killed_by":"Slime Boss","ascension_level":20}