{"gold_per_floor":[119,19,37,37,54,89,89,108,108,108,8,8,20,20,20,146,146,169,44,44,79,92,92,17,17,17,38,38,38,63,83,83,83],"floor_reached":33,"playtime":1069,"items_purged":["Strike_R","Regret","Strike_R"],"score":268,"play_id":"18da29c1-fa51-4230-91fb-4e25298c61f0","local_time":"20190312230024","is_ascension_mode":false,"campfire_choices":[{"floor":7,"key":"RECALL"},{"data":"Armaments","floor":12,"key":"SMITH"},{"data":"Body Slam","floor":15,"key":"SMITH"},{"floor":23,"key":"REST"},{"data":"Body Slam","floor":25,"key":"SMITH"},{"data":"Barricade","floor":29,"key":"SMITH"},{"data":"Entrench","floor":32,"key":"SMITH"}],"neow_cost":"NONE","seed_source_timestamp":779802596944094,"circlet_count":0,"master_deck":["Strike_R","Strike_R","Defend_R","Defend_R","Defend_R","Defend_R","Bash","Pommel Strike","Anger","Body Slam+1","Entrench+1","Armaments+1","Spot Weakness+1","Bludgeon","Body Slam+1","Shrug It Off+1","Entrench+1","Entrench+1","Dual Wield+1","Offering+1","Cleave","Shrug It Off+1","Barricade+1","Iron Wave"],"relics":["Burning Blood","NeowsBlessing","Paper Frog","Bottled Lightning","Toxic Egg 2","Golden Idol","Orrery","Red Mask","Gremlin Horn","Happy Flower"],"potions_floor_usage":[16,27,33,33],"damage_taken":[{"damage":0,"enemies":"Small Slimes","floor":1,"turns":1},{"damage":0,"enemies":"2 Louse","floor":3,"turns":1},{"damage":0,"enemies":"Jaw Worm","floor":5,"turns":1},{"damage":35,"enemies":"Lagavulin","floor":6,"turns":5},{"damage":16,"enemies":"3 Louse","floor":8,"turns":4},{"damage":9,"enemies":"Large Slime","floor":13,"turns":6},{"damage":28,"enemies":"The Guardian","floor":16,"turns":12},{"damage":48,"enemies":"Shell Parasite","floor":18,"turns":7},{"damage":25,"enemies":"Masked Bandits","floor":21,"turns":6},{"damage":10,"enemies":"2 Thieves","floor":22,"turns":4},{"damage":6,"enemies":"Centurion and Healer","floor":27,"turns":1},{"damage":6,"enemies":"Snake Plant","floor":31,"turns":2},{"damage":42,"enemies":"Collector","floor":33,"turns":7}],"seed_played":"538163496150510124","potions_obtained":[{"floor":3,"key":"LiquidBronze"},{"floor":6,"key":"Dexterity Potion"},{"floor":18,"key":"FearPotion"},{"floor":22,"key":"FearPotion"}],"is_trial":false,"path_per_floor":["M","$","M","?","M","E","R","M","T","?","$","R","M","?","R","B",null,"M","$","?","?","M","R","?","R","T","M","$","R","T","M","R","B"],"character_chosen":"IRONCLAD","items_purchased":["Anger"],"campfire_rested":1,"item_purchase_floors":[2],"current_hp_per_floor":[80,80,80,80,80,51,51,41,41,34,34,34,31,31,31,9,74,32,32,32,13,9,31,31,31,31,31,31,31,31,31,31,0],"gold":83,"neow_bonus":"THREE_ENEMY_KILL","is_prod":false,"is_daily":false,"chose_seed":false,"campfire_upgraded":5,"win_rate":0,"timestamp":1552449624,"path_taken":["M","$","M","?","M","E","R","M","T","?","$","R","M","?","R","BOSS","M","$","?","?","M","R","?","R","T","?","?","R","?","M","R","BOSS"],"build_version":"2019-01-23","purchased_purges":3,"victory":false,"max_hp_per_floor":[80,80,80,80,80,80,80,80,80,80,80,80,80,74,74,74,74,74,74,74,74,74,74,74,74,74,74,74,74,74,74,74,74],"card_choices":[{"not_picked":["Clash","True Grit"],"picked":"Pommel Strike","floor":1},{"not_picked":["Havoc","Carnage"],"picked":"Body Slam","floor":3},{"not_picked":["True Grit","Rupture","Power Through"],"picked":"SKIP","floor":5},{"not_picked":["Juggernaut","Evolve"],"picked":"Entrench","floor":6},{"not_picked":["Shrug It Off","Spot Weakness"],"picked":"Armaments","floor":8},{"not_picked":["Wild Strike","Perfected Strike"],"picked":"Spot Weakness+1","floor":13},{"not_picked":["Immolate","Fiend Fire"],"picked":"Bludgeon","floor":16},{"not_picked":["Anger","Iron Wave"],"picked":"Body Slam","floor":17},{"not_picked":["Pummel","Headbutt"],"picked":"Shrug It Off+1","floor":17},{"not_picked":["Body Slam","Clothesline"],"picked":"Entrench+1","floor":17},{"not_picked":["Twin Strike","Rampage"],"picked":"Entrench+1","floor":17},{"not_picked":["Flex+1","Clothesline"],"picked":"Dual Wield+1","floor":18},{"not_picked":["Headbutt","Iron Wave"],"picked":"Cleave","floor":21},{"not_picked":["Pommel Strike+1","True Grit+1"],"picked":"Shrug It Off+1","floor":22},{"not_picked":["Carnage+1","Spot Weakness+1"],"picked":"Barricade","floor":27},{"not_picked":["Twin Strike","Sword Boomerang+1"],"picked":"Iron Wave","floor":31}],"player_experience":736021,"relics_obtained":[{"floor":6,"key":"Bottled Lightning"},{"floor":21,"key":"Red Mask"},{"floor":26,"key":"Gremlin Horn"},{"floor":30,"key":"Happy Flower"}],"event_choices":[{"damage_healed":0,"gold_gain":0,"player_choice":"Box","damage_taken":0,"relics_obtained":["Paper Frog"],"max_hp_gain":0,"max_hp_loss":0,"event_name":"Big Fish","floor":4,"gold_loss":0,"cards_obtained":["Regret"]},{"damage_healed":0,"gold_gain":0,"player_choice":"Success","damage_taken":7,"relics_obtained":["Toxic Egg 2"],"max_hp_gain":0,"max_hp_loss":0,"event_name":"Scrap Ooze","floor":10,"gold_loss":0},{"damage_healed":0,"gold_gain":0,"player_choice":"Lose Max HP","damage_taken":0,"relics_obtained":["Golden Idol"],"max_hp_gain":0,"max_hp_loss":6,"event_name":"Golden Idol","floor":14,"gold_loss":0},{"damage_healed":0,"gold_gain":0,"player_choice":"Read","damage_taken":0,"max_hp_gain":0,"max_hp_loss":0,"event_name":"The Library","floor":20,"gold_loss":0,"cards_obtained":["Offering"]},{"damage_healed":0,"gold_gain":0,"player_choice":"Fought Bandits","damage_taken":0,"max_hp_gain":0,"max_hp_loss":0,"event_name":"Masked Bandits","floor":21,"gold_loss":0},{"cards_removed":["Strike_R"],"damage_healed":0,"gold_gain":0,"player_choice":"Gave Gold","damage_taken":0,"max_hp_gain":0,"max_hp_loss":0,"event_name":"Beggar","floor":24,"gold_loss":75}],"is_beta":false,"boss_relics":[{"not_picked":["White Beast Statue","Black Star"],"picked":"Orrery"}],"items_purged_floors":[2,11,19],"is_endless":false,"potions_floor_spawned":[3,6,18,22],"killed_by":"Collector","ascension_level":0}