{"gold_per_floor":[115,37,37,54,71,71,82,82,150,167,195,27,57,77,77,77],"floor_reached":16,"playtime":837,"items_purged":[],"score":184,"play_id":"8b4c7445-3349-4a1c-8123-62a3115781c2","local_time":"20190213093352","is_ascension_mode":true,"campfire_choices":[{"data":"Bash","floor":6.0,"key":"SMITH"},{"data":"Metallicize","floor":8,"key":"SMITH"},{"data":"Disarm","floor":15,"key":"SMITH"}],"neow_cost":"TEN_PERCENT_HP_LOSS","seed_source_timestamp":782420433747782,"circlet_count":0,"master_deck":["AscendersBane","Strike_R","Strike_R","Strike_R","Strike_R","Defend_R","Defend_R","Defend_R","Defend_R","Bash+1","Thunderclap","Metallicize+1","Ghostly Armor","Shrug It Off","Disarm+1","Cleave"],"special_seed":0,"relics":["Burning Blood","Torii","Dodecahedron","PreservedInsect","Anchor","Tiny Chest"],"potions_floor_usage":[16],"damage_taken":[{"damage":8.0,"enemies":"Jaw Worm","floor":1.0,"turns":4.0},{"damage":2.0,"enemies":"Cultist","floor":4.0,"turns":4.0},{"damage":1.0,"enemies":"Small Slimes","floor":5.0,"turns":5.0},{"damage":16,"enemies":"Gremlin Gang","floor":7,"turns":8},{"damage":2,"enemies":"Red Slaver","floor":10,"turns":4},{"damage":27,"enemies":"Gremlin Nob","floor":11,"turns":5},{"damage":1,"enemies":"Large Slime","floor":14,"turns":8},{"damage":70,"enemies":"Slime Boss","floor":16,"turns":9}],"seed_played":"-284968043574708660","potions_obtained":[{"floor":5.0,"key":"Regen Potion"},{"floor":11,"key":"LiquidBronze"}],"is_trial":false,"path_per_floor":["M","$","?","M","M","R","M","R","T","M","E","$","?","M","R","B"],"character_chosen":"IRONCLAD","items_purchased":["Metallicize","Anchor"],"campfire_rested":0,"item_purchase_floors":[2,12],"current_hp_per_floor":[66,66,66,68,68,68,58,58,58,62,41,41,41,46,46,0],"gold":77,"neow_bonus":"ONE_RARE_RELIC","is_prod":false,"is_daily":false,"chose_seed":false,"campfire_upgraded":3,"win_rate":0,"timestamp":1550046832,"path_taken":["M","$","?","?","M","R","M","R","T","M","E","?","?","M","R","BOSS"],"build_version":"2019-01-23","purchased_purges":0,"victory":false,"max_hp_per_floor":[68,68,68,68,68,68,68,68,68,68,68,68,68,68,68,68],"card_choices":[{"not_picked":["Flex","Heavy Blade"],"picked":"Thunderclap","floor":1.0},{"not_picked":["Anger","Pommel Strike"],"picked":"Ghostly Armor","floor":4.0},{"not_picked":["Feel No Pain","Double Tap","Hemokinesis"],"picked":"SKIP","floor":5.0},{"not_picked":["Dual Wield","Evolve","Pummel"],"picked":"SKIP","floor":7},{"not_picked":["Cleave","Headbutt"],"picked":"Shrug It Off","floor":10},{"not_picked":["Burning Pact","Feel No Pain"],"picked":"Disarm","floor":11},{"not_picked":["Sword Boomerang","Demon Form"],"picked":"Cleave","floor":14}],"player_experience":791004,"relics_obtained":[{"floor":9,"key":"Dodecahedron"},{"floor":11,"key":"PreservedInsect"}],"event_choices":[{"cards_removed":["Strike_R"],"damage_healed":0.0,"max_hp_gain":0.0,"max_hp_loss":0.0,"gold_gain":0.0,"event_name":"Bonfire Elementals","player_choice":"Offered Basic","floor":3.0,"gold_loss":0.0,"damage_taken":0.0},{"damage_healed":0,"gold_gain":0,"player_choice":"Gave Potion","damage_taken":0,"relics_obtained":["Tiny Chest"],"max_hp_gain":0,"max_hp_loss":0,"event_name":"WeMeetAgain","floor":13,"gold_loss":0}],"is_beta":false,"boss_relics":[],"items_purged_floors":[],"is_endless":false,"potions_floor_spawned":[5,11],"killed_by":"Slime Boss","ascension_level":16}