{"gold_per_floor":[13,33,33,50,66,96,96,126,126,145,145,220,233,246,246,349,349,361,372,23,38,55,55,55],"floor_reached":24,"playtime":769,"items_purged":[],"score":273,"play_id":"cc10bd5d-1987-440b-9a0f-1f8e60a14897","local_time":"20190717005630","is_ascension_mode":true,"campfire_choices":[{"data":"Feed","floor":7,"key":"SMITH"},{"data":"Flex","floor":11,"key":"SMITH"},{"data":"Armaments","floor":15,"key":"SMITH"},{"data":"True Grit","floor":23,"key":"SMITH"}],"neow_cost":"NO_GOLD","seed_source_timestamp":476916940858612,"circlet_count":0,"master_deck":["Strike_R","Strike_R","Strike_R","Strike_R","Strike_R","Defend_R","Defend_R","Defend_R","Defend_R","Bash","Feed+1","Flex+1","Anger","Rampage","Cleave","Immolate+1","Cleave+1","Armaments+1","Twin Strike+1","Shockwave","Impervious","Twin Strike+1","Evolve","Reckless Charge+1","Feel No Pain","True Grit+1"],"relics":["Burning Blood","Molten Egg 2","Darkstone Periapt","Pear","Mark of Pain","Strange Spoon"],"potions_floor_usage":[6,8,16,16],"damage_taken":[{"damage":1,"enemies":"Cultist","floor":1,"turns":4},{"damage":11,"enemies":"Jaw Worm","floor":2,"turns":3},{"damage":0,"enemies":"Small Slimes","floor":4,"turns":3},{"damage":14,"enemies":"Blue Slaver","floor":5,"turns":3},{"damage":14,"enemies":"Gremlin Nob","floor":6,"turns":3},{"damage":41,"enemies":"Lagavulin","floor":8,"turns":8},{"damage":10,"enemies":"Looter","floor":10,"turns":2},{"damage":4,"enemies":"2 Fungi Beasts","floor":13,"turns":4},{"damage":5,"enemies":"Large Slime","floor":14,"turns":6},{"damage":35,"enemies":"The Guardian","floor":16,"turns":10},{"damage":32,"enemies":"Spheric Guardian","floor":18,"turns":5},{"damage":15,"enemies":"2 Thieves","floor":19,"turns":3},{"damage":21,"enemies":"Snake Plant","floor":21,"turns":4},{"damage":9,"enemies":"Centurion and Healer","floor":22,"turns":5},{"damage":86,"enemies":"Gremlin Leader","floor":24,"turns":8}],"seed_played":"-635644692359279494","potions_obtained":[{"floor":2,"key":"EssenceOfSteel"},{"floor":5,"key":"Fire Potion"},{"floor":8,"key":"Dexterity Potion"},{"floor":14,"key":"SkillPotion"}],"is_trial":false,"path_per_floor":["M","M","$","M","M","E","R","E","T","M","R","?","M","M","R","B",null,"M","M","$","M","M","R","E"],"character_chosen":"IRONCLAD","items_purchased":["Reckless Charge+1","Strange Spoon","Feel No Pain"],"campfire_rested":0,"item_purchase_floors":[20,20,20],"current_hp_per_floor":[83,81,81,89,84,79,79,44,54,54,54,43,49,54,54,29,121,95,90,90,75,76,76,0],"gold":55,"neow_bonus":"THREE_RARE_CARDS","is_prod":false,"is_daily":false,"chose_seed":false,"campfire_upgraded":4,"win_rate":0,"timestamp":1563342990,"path_taken":["M","M","?","?","?","E","R","E","T","M","R","?","M","M","R","BOSS","M","M","$","M","M","R","E"],"build_version":"2019-07-05","purchased_purges":0,"victory":false,"max_hp_per_floor":[83,86,86,89,92,95,95,95,105,109,109,109,113,117,117,121,121,121,125,125,125,129,129,129],"card_choices":[{"not_picked":["Brutality","Exhume"],"picked":"Feed","floor":0},{"not_picked":["Clothesline","Perfected Strike"],"picked":"Flex","floor":1},{"not_picked":["Sentinel","Headbutt"],"picked":"Anger","floor":2},{"not_picked":["Perfected Strike","Warcry"],"picked":"Rampage","floor":4},{"not_picked":["Shockwave","True Grit"],"picked":"Cleave","floor":5},{"not_picked":["Body Slam","Burning Pact"],"picked":"Immolate","floor":6},{"not_picked":["Battle Trance","Second Wind"],"picked":"Cleave+1","floor":8},{"not_picked":["Bloodletting","Dropkick+1"],"picked":"Armaments","floor":10},{"not_picked":["Warcry","Seeing Red"],"picked":"Twin Strike+1","floor":13},{"not_picked":["Uppercut+1","Cleave+1"],"picked":"Shockwave","floor":14},{"not_picked":["Bludgeon+1","Offering"],"picked":"Impervious","floor":16},{"not_picked":["Sever Soul+1","Havoc+1"],"picked":"Twin Strike+1","floor":18},{"not_picked":["Sword Boomerang+1","Heavy Blade+1"],"picked":"Evolve","floor":19},{"not_picked":["Evolve+1","Anger+1"],"picked":"True Grit","floor":21},{"not_picked":["Perfected Strike+1","Pommel Strike+1","Bloodletting+1"],"picked":"SKIP","floor":22}],"player_experience":103002,"relics_obtained":[{"floor":6,"key":"Molten Egg 2"},{"floor":8,"key":"Darkstone Periapt"},{"floor":9,"key":"Pear"}],"event_choices":[{"damage_healed":0,"gold_gain":75,"player_choice":"Gather Gold","damage_taken":11,"max_hp_gain":0,"max_hp_loss":0,"event_name":"World of Goop","floor":12,"gold_loss":0}],"is_beta":false,"boss_relics":[{"not_picked":["Fusion Hammer","Velvet Choker"],"picked":"Mark of Pain"}],"items_purged_floors":[],"is_endless":false,"potions_floor_spawned":[2,5,8,14],"killed_by":"Gremlin Leader","ascension_level":1}