{"gold_per_floor":[364,79,98,109,184,213,36,36,36,36,64,64,64,64,64,143,193],"floor_reached":17,"playtime":497,"items_purged":[],"score":298,"play_id":"cdaedbb5-092f-460a-87ad-38b9d38926b3","local_time":"20190218004932","is_ascension_mode":true,"campfire_choices":[{"data":"Zap","floor":8.0,"key":"SMITH"},{"floor":10.0,"key":"REST"},{"floor":13.0,"key":"REST"},{"data":"Dualcast","floor":15,"key":"SMITH"}],"neow_cost":"TEN_PERCENT_HP_LOSS","seed_source_timestamp":1067444593330157,"circlet_count":0,"master_deck":["AscendersBane","Strike_B","Strike_B","Strike_B","Defend_B","Defend_B","Defend_B","Defend_B","Zap+1","Dualcast+1","Melter","Static Discharge","Gash+1","Ball Lightning","Skim","Thunder Strike","BootSequence","Seek","Sweeping Beam"],"special_seed":0,"relics":["Cracked Core","HandDrill","Art of War","Letter Opener","Oddly Smooth Stone","Tiny House"],"potions_floor_usage":[16],"damage_taken":[{"damage":4.0,"enemies":"Jaw Worm","floor":1.0,"turns":4.0},{"damage":7.0,"enemies":"Small Slimes","floor":3.0,"turns":3.0},{"damage":4.0,"enemies":"2 Louse","floor":4.0,"turns":3.0},{"damage":25.0,"enemies":"3 Sentries","floor":6.0,"turns":6.0},{"damage":26.0,"enemies":"Gremlin Nob","floor":11.0,"turns":4.0},{"damage":8,"enemies":"The Guardian","floor":16,"turns":8}],"seed_played":"8895757313770890056","potions_obtained":[{"floor":1.0,"key":"SteroidPotion"},{"floor":4.0,"key":"SteroidPotion"},{"floor":6.0,"key":"EssenceOfSteel"},{"floor":11.0,"key":"Fire Potion"},{"floor":16,"key":"Ancient Potion"},{"floor":17,"key":"AttackPotion"}],"is_trial":false,"path_per_floor":["M","$","M","M","?","E","$","R","T","R","E","?","R","?","R","B",null],"character_chosen":"DEFECT","items_purchased":["HandDrill","Static Discharge","Thunder Strike"],"campfire_rested":2,"item_purchase_floors":[2,2,7],"current_hp_per_floor":[60,60,53,49,38,13,13,13,13,32,6,6,25,25,25,17,57],"gold":193,"neow_bonus":"TWO_FIFTY_GOLD","is_prod":false,"is_daily":false,"chose_seed":false,"campfire_upgraded":2,"win_rate":0,"timestamp":1550447372,"path_taken":["M","$","M","M","?","E","$","R","T","R","E","?","R","?","R","BOSS"],"build_version":"2019-01-23","purchased_purges":0,"victory":false,"max_hp_per_floor":[64,64,64,64,64,64,64,64,64,64,64,64,64,64,64,64,69],"card_choices":[{"not_picked":["Compile Driver","Steam"],"picked":"Melter","floor":1.0},{"not_picked":["Scrape","Hello World"],"picked":"Gash","floor":3.0},{"not_picked":["Rebound","Auto Shields"],"picked":"Ball Lightning","floor":4.0},{"not_picked":["Hello World","Aggregate"],"picked":"Skim","floor":6.0},{"not_picked":["Cold Snap","Turbo"],"picked":"BootSequence","floor":11.0},{"not_picked":["All For One","Fission"],"picked":"Seek","floor":16},{"not_picked":["Cold Snap","Redo"],"picked":"Sweeping Beam","floor":17}],"player_experience":813870,"relics_obtained":[{"floor":6.0,"key":"Art of War"},{"floor":9.0,"key":"Letter Opener"},{"floor":11.0,"key":"Oddly Smooth Stone"}],"event_choices":[{"damage_healed":0.0,"max_hp_gain":0.0,"max_hp_loss":0.0,"gold_gain":75.0,"event_name":"World of Goop","player_choice":"Gather Gold","floor":5.0,"gold_loss":0.0,"damage_taken":11.0},{"cards_removed":["Strike_B"],"damage_healed":0.0,"max_hp_gain":0.0,"max_hp_loss":0.0,"gold_gain":0.0,"event_name":"Living Wall","player_choice":"Forget","floor":12.0,"gold_loss":0.0,"damage_taken":0.0},{"damage_healed":0,"gold_gain":0,"player_choice":"Fled","damage_taken":0,"max_hp_gain":0,"max_hp_loss":0,"event_name":"Scrap Ooze","floor":14,"gold_loss":0}],"is_beta":false,"boss_relics":[{"not_picked":["Coffee Dripper","Velvet Choker"],"picked":"Tiny House"}],"items_purged_floors":[],"is_endless":false,"potions_floor_spawned":[1,4,6,11,16],"ascension_level":17}