{"gold_per_floor":[112,112,112,112,130,153,196,217,262,280,321,306],"floor_reached":12,"playtime":318,"items_purged":[],"score":90,"play_id":"688498eb-75e4-4274-83ae-8fbe318ea57a","local_time":"20190312224219","is_ascension_mode":false,"campfire_choices":[],"neow_cost":"NONE","seed_source_timestamp":779469405409118,"circlet_count":0,"master_deck":["Strike_R","Strike_R","Strike_R","Strike_R","Strike_R","Defend_R","Defend_R","Defend_R+1","Defend_R+1","Bash","Whirlwind","Regret","Thunderclap","Flex","Pommel Strike","Headbutt","Flex"],"relics":["Burning Blood","NeowsBlessing","Golden Idol","Sundial","NlothsMask","War Paint","Potion Belt"],"potions_floor_usage":[8,10,11],"damage_taken":[{"damage":0,"enemies":"Jaw Worm","floor":1,"turns":1},{"damage":0,"enemies":"2 Louse","floor":5,"turns":1},{"damage":0,"enemies":"Small Slimes","floor":6,"turns":1},{"damage":43,"enemies":"Gremlin Nob","floor":7,"turns":5},{"damage":16,"enemies":"Red Slaver","floor":8,"turns":3},{"damage":24,"enemies":"Large Slime","floor":10,"turns":4},{"damage":22,"enemies":"3 Sentries","floor":11,"turns":5},{"damage":10,"enemies":"Looter","floor":12,"turns":1}],"seed_played":"3185985812422748688","potions_obtained":[{"floor":5,"key":"SkillPotion"},{"floor":6,"key":"Regen Potion"},{"floor":8,"key":"Fruit Juice"}],"is_trial":false,"path_per_floor":["M","?","?","?","M","M","E","M","T","M","E","M"],"character_chosen":"IRONCLAD","items_purchased":[],"campfire_rested":0,"item_purchase_floors":[],"current_hp_per_floor":[80,74,74,74,74,74,37,32,32,26,10,0],"gold":306,"neow_bonus":"THREE_ENEMY_KILL","is_prod":false,"is_daily":false,"chose_seed":false,"campfire_upgraded":0,"win_rate":0,"timestamp":1552448539,"path_taken":["M","?","?","?","M","M","E","M","T","M","E","?"],"build_version":"2019-01-23","purchased_purges":0,"victory":false,"max_hp_per_floor":[80,74,74,74,74,74,74,79,79,79,79,79],"card_choices":[{"not_picked":["Clash","Pummel"],"picked":"Whirlwind","floor":1},{"not_picked":["Twin Strike","Searing Blow"],"picked":"Thunderclap","floor":5},{"not_picked":["Body Slam","Wild Strike"],"picked":"Flex","floor":6},{"not_picked":["Feel No Pain","Impervious"],"picked":"Pommel Strike","floor":7},{"not_picked":["Searing Blow","Clothesline","Pommel Strike"],"picked":"SKIP","floor":8},{"not_picked":["True Grit","Ghostly Armor"],"picked":"Headbutt","floor":10},{"not_picked":["Iron Wave","Rage"],"picked":"Flex","floor":11}],"player_experience":735703,"relics_obtained":[{"floor":7,"key":"War Paint"},{"floor":11,"key":"Potion Belt"}],"event_choices":[{"damage_healed":0,"gold_gain":0,"player_choice":"Lose Max HP","damage_taken":0,"relics_obtained":["Golden Idol"],"max_hp_gain":0,"max_hp_loss":6,"event_name":"Golden Idol","floor":2,"gold_loss":0},{"damage_healed":0,"gold_gain":0,"player_choice":"Box","damage_taken":0,"relics_obtained":["Sundial"],"max_hp_gain":0,"max_hp_loss":0,"event_name":"Big Fish","floor":3,"gold_loss":0,"cards_obtained":["Regret"]},{"damage_healed":0,"gold_gain":0,"player_choice":"Trade","damage_taken":0,"relics_obtained":["NlothsMask"],"max_hp_gain":0,"max_hp_loss":0,"event_name":"FaceTrader","floor":4,"gold_loss":0}],"is_beta":false,"boss_relics":[],"items_purged_floors":[],"is_endless":false,"potions_floor_spawned":[5,6,8],"killed_by":"Looter","ascension_level":0}