{"gold_per_floor":[10,21,21,21,44,44,57,72,72,154,154,154],"floor_reached":12,"playtime":339,"items_purged":[],"score":126,"play_id":"44afec6d-cf40-4c4c-a265-9f7a3a4cf3fc","local_time":"20190203174642","is_ascension_mode":true,"campfire_choices":[{"data":"Neutralize","floor":6,"key":"SMITH"},{"floor":11,"key":"REST"}],"neow_cost":"NO_GOLD","seed_source_timestamp":247742839154894,"circlet_count":0,"master_deck":["AscendersBane","Defend_G","Defend_G","Defend_G","Defend_G","Defend_G","Strike_G","Strike_G","Strike_G","Strike_G","Strike_G","Survivor","Neutralize+1","After Image","Poisoned Stab","Backflip","Noxious Fumes"],"relics":["Ring of the Snake","Golden Idol","Ninja Scroll","Toxic Egg 2"],"potions_floor_usage":[8],"damage_taken":[{"damage":0,"enemies":"Jaw Worm","floor":1,"turns":7},{"damage":5,"enemies":"2 Louse","floor":2,"turns":3},{"damage":1,"enemies":"Cultist","floor":5,"turns":5},{"damage":21,"enemies":"Exordium Thugs","floor":7,"turns":6},{"damage":0,"enemies":"Exordium Wildlife","floor":8,"turns":2},{"damage":28,"enemies":"3 Sentries","floor":12,"turns":5}],"seed_played":"5192431382235348196","potions_obtained":[{"floor":5,"key":"Explosive Potion"}],"is_trial":false,"path_per_floor":["M","M","?","?","M","R","M","M","T","T","R","E"],"character_chosen":"THE_SILENT","items_purchased":[],"campfire_rested":1,"item_purchase_floors":[],"current_hp_per_floor":[59,54,31,31,30,30,9,9,9,9,28,0],"gold":154,"neow_bonus":"THREE_RARE_CARDS","is_prod":false,"is_daily":false,"chose_seed":false,"campfire_upgraded":1,"win_rate":0,"timestamp":1549212402,"path_taken":["M","M","?","?","M","R","?","M","T","?","R","E"],"build_version":"2019-01-23","purchased_purges":0,"victory":false,"max_hp_per_floor":[66,66,66,66,66,66,66,66,66,66,66,66],"card_choices":[{"not_picked":["Envenom","Tools of the Trade"],"picked":"After Image","floor":0},{"not_picked":["Sucker Punch","Skewer"],"picked":"Poisoned Stab","floor":1},{"not_picked":["Poisoned Stab","Blade Dance"],"picked":"Backflip","floor":2},{"not_picked":["Outmaneuver","Quick Slash","Prepared"],"picked":"SKIP","floor":5},{"not_picked":["Crippling Poison","A Thousand Cuts","Dagger Throw"],"picked":"SKIP","floor":7},{"not_picked":["Bane","Calculated Gamble"],"picked":"Noxious Fumes","floor":8}],"player_experience":773346,"relics_obtained":[{"floor":9,"key":"Ninja Scroll"},{"floor":10,"key":"Toxic Egg 2"}],"event_choices":[{"damage_healed":0,"gold_gain":0,"player_choice":"Take Damage","damage_taken":23,"relics_obtained":["Golden Idol"],"max_hp_gain":0,"max_hp_loss":0,"event_name":"Golden Idol","floor":3,"gold_loss":0},{"damage_healed":0,"gold_gain":0,"player_choice":"0 cards matched","damage_taken":0,"max_hp_gain":0,"max_hp_loss":0,"event_name":"Match and Keep!","floor":4,"gold_loss":0,"cards_obtained":[]}],"is_beta":false,"boss_relics":[],"items_purged_floors":[],"is_endless":false,"potions_floor_spawned":[5],"killed_by":"3 Sentries","ascension_level":16}