{"gold_per_floor":[20,20,20,34,46,76,76,107,107,107,125,5,5,19,19,117,117,137,152,165,165,18,18,77,77,123,123,136,0,15,28,28,124,124,138,138,118,128,147,147,477,488,488,488,517,517,517,532,532,532],"floor_reached":50,"playtime":2084,"items_purged":["Defend_G"],"score":669,"play_id":"8a7eb4ad-d7a5-4303-a0b8-718785817204","local_time":"20190729132537","is_ascension_mode":true,"campfire_choices":[{"floor":7,"key":"DIG"},{"floor":10,"key":"REST"},{"floor":15,"key":"DIG"},{"floor":23,"key":"DIG"},{"floor":25,"key":"DIG"},{"floor":27,"key":"REST"},{"floor":32,"key":"DIG"},{"floor":40,"key":"DIG"},{"floor":44,"key":"REST"},{"floor":46,"key":"RECALL"},{"floor":49,"key":"REST"}],"neow_cost":"NO_GOLD","seed_source_timestamp":1535691327161905,"circlet_count":0,"master_deck":["Strike_G","Strike_G","Strike_G+1","Strike_G+1","Strike_G+1","Defend_G","Defend_G+1","Defend_G","Defend_G","Survivor","Neutralize+1","Riddle With Holes+1","Acrobatics","Endless Agony","Noxious Fumes","Dagger Spray+1","Poisoned Stab+1","Dramatic Entrance+1","Infinite Blades","Riddle With Holes+1","Phantasmal Killer+1","Endless Agony+1","Dagger Spray+1","Dagger Spray+1","Finisher+1","Poisoned Stab+1","Bullet Time","Accuracy","Panache+1","Backstab+1","Blade Dance","Masterful Stab+1","Infinite Blades+1","Terror+1"],"relics":["Ring of the Serpent","Shovel","Tough Bandages","Molten Egg 2","Kunai","Gremlin Horn","Anchor","Orichalcum","Black Star","MutagenicStrength","Boot","War Paint","Tiny Chest","Shuriken","Regal Pillow","Whetstone","Art of War","Darkstone Periapt","Old Coin","Pocketwatch","Bottled Tornado"],"potions_floor_usage":[8,16,16,33,33,41,41,41,48],"damage_taken":[{"damage":1,"enemies":"2 Louse","floor":1,"turns":4},{"damage":6,"enemies":"Small Slimes","floor":4,"turns":3},{"damage":1,"enemies":"Jaw Worm","floor":5,"turns":2},{"damage":25,"enemies":"Gremlin Nob","floor":6,"turns":4},{"damage":11,"enemies":"3 Sentries","floor":8,"turns":8},{"damage":11,"enemies":"Exordium Thugs","floor":11,"turns":3},{"damage":0,"enemies":"Looter","floor":14,"turns":2},{"damage":7,"enemies":"Hexaghost","floor":16,"turns":10},{"damage":20,"enemies":"Shell Parasite","floor":18,"turns":5},{"damage":0,"enemies":"3 Byrds","floor":19,"turns":3},{"damage":25,"enemies":"Snecko","floor":20,"turns":4},{"damage":0,"enemies":"Gremlin Leader","floor":24,"turns":2},{"damage":0,"enemies":"Snake Plant","floor":28,"turns":3},{"damage":0,"enemies":"Shelled Parasite and Fungi","floor":30,"turns":1},{"damage":9,"enemies":"Snecko","floor":31,"turns":3},{"damage":41,"enemies":"Champ","floor":33,"turns":10},{"damage":8,"enemies":"Orb Walker","floor":35,"turns":3},{"damage":6,"enemies":"3 Shapes","floor":38,"turns":1},{"damage":0,"enemies":"3 Darklings","floor":39,"turns":2},{"damage":54,"enemies":"Nemesis","floor":41,"turns":5},{"damage":0,"enemies":"Transient","floor":42,"turns":5},{"damage":0,"enemies":"Reptomancer","floor":45,"turns":2},{"damage":6,"enemies":"Jaw Worm Horde","floor":48,"turns":2},{"damage":70,"enemies":"Donu and Deca","floor":50,"turns":4}],"seed_played":"-4644199556324948860","potions_obtained":[{"floor":1,"key":"GhostInAJar"},{"floor":4,"key":"EssenceOfSteel"},{"floor":11,"key":"GhostInAJar"},{"floor":14,"key":"Ancient Potion"},{"floor":16,"key":"Dexterity Potion"},{"floor":28,"key":"Energy Potion"},{"floor":31,"key":"Fire Potion"},{"floor":33,"key":"PowerPotion"},{"floor":37,"key":"Ancient Potion"},{"floor":42,"key":"AttackPotion"},{"floor":45,"key":"SpeedPotion"}],"is_trial":false,"path_per_floor":["M","?","?","M","M","E","R","E","T","R","M","$","?","M","R","B",null,"M","M","M","?","$","R","E","R","T","R","M","?","M","M","R","B",null,"M","?","?","M","M","R","E","M","T","R","E","R","?","M","R","B"],"character_chosen":"THE_SILENT","items_purchased":["Dramatic Entrance+1","Infinite Blades","Finisher+1"],"campfire_rested":4,"item_purchase_floors":[12,12,22],"current_hp_per_floor":[69,69,55,49,48,23,23,12,12,33,22,22,15,15,15,8,70,50,50,25,25,25,25,25,25,25,61,61,61,61,52,52,11,70,62,62,62,56,56,56,2,2,2,38,38,38,38,32,68,0],"gold":532,"neow_bonus":"ONE_RARE_RELIC","is_prod":false,"is_daily":false,"chose_seed":false,"campfire_upgraded":0,"win_rate":0,"timestamp":1564421137,"path_taken":["M","?","?","M","M","E","R","E","T","R","M","$","?","M","R","BOSS","M","M","M","?","?","R","E","R","T","R","?","?","M","M","R","BOSS","M","?","?","?","M","R","E","M","T","R","E","R","?","?","R","BOSS"],"build_version":"2019-07-17","purchased_purges":1,"victory":false,"max_hp_per_floor":[70,70,70,70,70,70,70,70,70,70,70,70,70,70,70,70,70,70,70,70,70,70,70,70,70,70,70,70,70,70,70,70,70,70,70,70,70,70,70,70,70,70,70,70,70,70,70,70,70,70],"card_choices":[{"not_picked":["Flechettes","Dodge and Roll"],"picked":"Riddle With Holes","floor":1},{"not_picked":["Choke","Slice"],"picked":"Acrobatics","floor":4},{"not_picked":["Sucker Punch","Calculated Gamble"],"picked":"Endless Agony","floor":5},{"not_picked":["Accuracy","Quick Slash"],"picked":"Noxious Fumes","floor":6},{"not_picked":["Storm of Steel","Setup"],"picked":"Dagger Spray+1","floor":8},{"not_picked":["Slice+1","PiercingWail"],"picked":"Poisoned Stab+1","floor":11},{"not_picked":["Predator+1","Concentrate"],"picked":"Riddle With Holes+1","floor":14},{"not_picked":["Burst","Doppelganger"],"picked":"Phantasmal Killer","floor":16},{"not_picked":["Prepared","Quick Slash+1"],"picked":"Endless Agony+1","floor":18},{"not_picked":["Eviscerate+1","Acrobatics"],"picked":"Dagger Spray+1","floor":19},{"not_picked":["Quick Slash+1","Dodge and Roll"],"picked":"Dagger Spray+1","floor":20},{"not_picked":["Flying Knee+1","Caltrops"],"picked":"Poisoned Stab+1","floor":24},{"not_picked":["Dagger Throw+1","Escape Plan","Catalyst"],"picked":"SKIP","floor":28},{"not_picked":["Backflip+1","Expertise","Escape Plan+1"],"picked":"SKIP","floor":30},{"not_picked":["Bane+1","Calculated Gamble","Backflip+1"],"picked":"SKIP","floor":31},{"not_picked":["Envenom","Malaise"],"picked":"Bullet Time","floor":33},{"not_picked":["Deadly Poison+1","Backflip"],"picked":"Accuracy","floor":35},{"not_picked":["Secret Technique","Violence"],"picked":"Panache","floor":36},{"not_picked":["Flying Knee+1","Quick Slash+1"],"picked":"Backstab+1","floor":38},{"not_picked":["Outmaneuver+1","Slice+1"],"picked":"Blade Dance","floor":39},{"not_picked":["Heel Hook+1","PiercingWail+1"],"picked":"Masterful Stab+1","floor":41},{"not_picked":["Dagger Throw+1","PiercingWail"],"picked":"Infinite Blades+1","floor":42},{"not_picked":["Calculated Gamble","Well Laid Plans+1","Underhanded Strike+1"],"picked":"SKIP","floor":45},{"not_picked":["Leg Sweep","Tactician"],"picked":"Terror+1","floor":48}],"player_experience":198587,"relics_obtained":[{"floor":6,"key":"Tough Bandages"},{"floor":7,"key":"Molten Egg 2"},{"floor":8,"key":"Kunai"},{"floor":9,"key":"Gremlin Horn"},{"floor":15,"key":"Orichalcum"},{"floor":23,"key":"Boot"},{"floor":24,"key":"War Paint"},{"floor":24,"key":"Tiny Chest"},{"floor":25,"key":"Shuriken"},{"floor":26,"key":"Regal Pillow"},{"floor":32,"key":"Whetstone"},{"floor":40,"key":"Art of War"},{"floor":41,"key":"Darkstone Periapt"},{"floor":41,"key":"Old Coin"},{"floor":45,"key":"Pocketwatch"},{"floor":45,"key":"Bottled Tornado"}],"event_choices":[{"damage_healed":0,"gold_gain":0,"player_choice":"Grow","damage_taken":0,"max_hp_gain":0,"max_hp_loss":0,"event_name":"Living Wall","floor":2,"gold_loss":0,"cards_upgraded":["Riddle With Holes"]},{"damage_healed":0,"gold_gain":0,"player_choice":"Entered Light","damage_taken":14,"max_hp_gain":0,"max_hp_loss":0,"event_name":"Shining Light","floor":3,"gold_loss":0,"cards_upgraded":["Strike_G","Strike_G"]},{"damage_healed":0,"gold_gain":0,"player_choice":"Success","damage_taken":7,"relics_obtained":["Anchor"],"max_hp_gain":0,"max_hp_loss":0,"event_name":"Scrap Ooze","floor":13,"gold_loss":0},{"damage_healed":0,"gold_gain":0,"player_choice":"Inject Mutagens","damage_taken":0,"relics_obtained":["MutagenicStrength"],"max_hp_gain":0,"max_hp_loss":0,"event_name":"Drug Dealer","floor":21,"gold_loss":0},{"damage_healed":0,"gold_gain":0,"player_choice":"Paid Fearfully","damage_taken":0,"max_hp_gain":0,"max_hp_loss":0,"event_name":"Masked Bandits","floor":29,"gold_loss":136},{"damage_healed":0,"gold_gain":0,"player_choice":"Memory 1","damage_taken":0,"max_hp_gain":0,"max_hp_loss":0,"event_name":"SensoryStone","floor":36,"gold_loss":0},{"damage_healed":0,"gold_gain":0,"player_choice":"Bought 1 Potion","damage_taken":0,"max_hp_gain":0,"max_hp_loss":0,"event_name":"The Woman in Blue","floor":37,"gold_loss":0},{"damage_healed":0,"gold_gain":0,"player_choice":"Forge","damage_taken":0,"max_hp_gain":0,"max_hp_loss":0,"event_name":"Accursed Blacksmith","floor":47,"gold_loss":0,"cards_upgraded":["Panache"]}],"is_beta":false,"boss_relics":[{"not_picked":["Runic Dome","Velvet Choker"],"picked":"Black Star"},{"not_picked":["Snecko Eye","Pandora\u0027s Box"],"picked":"Ring of the Serpent"}],"items_purged_floors":[22],"is_endless":false,"potions_floor_spawned":[1,4,11,14,16,28,31,33,39,42,45],"killed_by":"Donu and Deca","ascension_level":3}