{"gold_per_floor":[111,123,73,86,52,52,81,91,91,91,91,19,19,30,30,130,130,142,0,12,23,23,53,70,70,70,70,82,82,100,25,25,125,125,136,183,194,8,8,8,24,59,59,76,76,76,76],"floor_reached":47,"playtime":5706,"items_purged":["Strike_R"],"score":575,"play_id":"d7097ea6-b682-4563-99c2-fd2ff30502b0","local_time":"20190708192118","is_ascension_mode":false,"campfire_choices":[{"data":"Flex","floor":6,"key":"SMITH"},{"floor":10,"key":"REST"},{"data":"Twin Strike","floor":13,"key":"SMITH"},{"floor":15,"key":"REST"},{"data":"Offering","floor":25,"key":"SMITH"},{"data":"Pummel","floor":27,"key":"SMITH"},{"data":"Flex","floor":29,"key":"SMITH"},{"data":"Battle Trance","floor":32,"key":"SMITH"},{"floor":40,"key":"RECALL"},{"data":"Immolate","floor":46,"key":"SMITH"}],"neow_cost":"NONE","seed_source_timestamp":32624962243521,"circlet_count":0,"master_deck":["Strike_R+1","Strike_R+1","Strike_R+1","Defend_R+1","Defend_R+1","Defend_R+1","Bash+1","Feed+1","Flex+1","Twin Strike+1","Reckless Charge+1","Infernal Blade+1","Immolate+1","Iron Wave+1","Pummel+1","Pummel+1","Offering+1","Rage+1","Flex+1","Trip+1","Pummel+1","Carnage+1","Battle Trance+1","Pummel+1","Metallicize+1","Whirlwind+1","Battle Trance+1","Feed+1","Rage+1","Flex+1","Feed+1","Pummel+1","Flex+1","Violence+1","Infernal Blade+1","Warcry+1","Immolate+1","Pummel+1","Pummel+1"],"relics":["Burning Blood","Strawberry","Kunai","Coffee Dripper","Prayer Wheel","Meat on the Bone","Black Star","Dead Branch","Mark of the Bloom","Happy Flower","Dodecahedron","Ornamental Fan"],"potions_floor_usage":[24,24,30,33,37,42],"damage_taken":[{"damage":9,"enemies":"Small Slimes","floor":1,"turns":4},{"damage":9,"enemies":"2 Louse","floor":2,"turns":3},{"damage":11,"enemies":"Jaw Worm","floor":4,"turns":2},{"damage":43,"enemies":"3 Sentries","floor":7,"turns":10},{"damage":16,"enemies":"Lots of Slimes","floor":8,"turns":3},{"damage":5,"enemies":"Looter","floor":14,"turns":3},{"damage":91,"enemies":"The Guardian","floor":16,"turns":10},{"damage":15,"enemies":"3 Byrds","floor":18,"turns":4},{"damage":18,"enemies":"Shell Parasite","floor":20,"turns":3},{"damage":24,"enemies":"Centurion and Healer","floor":21,"turns":4},{"damage":59,"enemies":"Gremlin Leader","floor":23,"turns":5},{"damage":2,"enemies":"Snecko","floor":24,"turns":3},{"damage":6,"enemies":"Cultist and Chosen","floor":28,"turns":3},{"damage":10,"enemies":"Snake Plant","floor":30,"turns":2},{"damage":50,"enemies":"Collector","floor":33,"turns":4},{"damage":10,"enemies":"Orb Walker","floor":35,"turns":2},{"damage":37,"enemies":"2 Orb Walkers","floor":36,"turns":5},{"damage":18,"enemies":"3 Darklings","floor":37,"turns":3},{"damage":26,"enemies":"Writhing Mass","floor":41,"turns":4},{"damage":38,"enemies":"Nemesis","floor":42,"turns":5},{"damage":3,"enemies":"Jaw Worm Horde","floor":44,"turns":1},{"damage":10,"enemies":"Reptomancer","floor":47,"turns":2}],"seed_played":"7056371054854519203","potions_obtained":[{"floor":7,"key":"Ancient Potion"},{"floor":16,"key":"Poison Potion"},{"floor":20,"key":"Regen Potion"},{"floor":23,"key":"Dexterity Potion"},{"floor":24,"key":"Weak Potion"},{"floor":33,"key":"Energy Potion"},{"floor":37,"key":"PowerPotion"},{"floor":41,"key":"Poison Potion"},{"floor":44,"key":"Ancient Potion"}],"is_trial":false,"path_per_floor":["M","M","?","M","$","R","E","M","T","R","?","$","R","M","R","B",null,"M","$","M","M","?","E","M","R","T","R","M","R","M","$","R","B",null,"M","?","M","$","?","R","M","E","T","M","?","R","E"],"character_chosen":"IRONCLAD","items_purchased":["Infernal Blade","Pummel","Flex","Trip","Violence"],"campfire_rested":2,"item_purchase_floors":[5,12,19,19,38],"current_hp_per_floor":[77,77,77,72,72,72,45,38,38,66,71,71,71,72,101,16,101,95,95,86,68,68,15,31,31,31,31,46,46,57,57,57,25,113,109,78,69,69,69,69,43,5,5,2,2,2,0],"gold":76,"neow_bonus":"ONE_RANDOM_RARE_CARD","is_prod":false,"is_daily":false,"chose_seed":false,"campfire_upgraded":7,"win_rate":0,"timestamp":1562628078,"path_taken":["M","M","?","M","$","R","E","M","T","R","?","?","R","M","R","BOSS","M","$","?","M","?","E","?","R","T","R","M","R","M","$","R","BOSS","M","?","M","$","?","R","M","E","T","M","?","R","E"],"build_version":"2019-07-05","purchased_purges":1,"victory":false,"max_hp_per_floor":[80,83,83,83,83,83,93,96,96,96,101,101,101,101,101,101,101,104,104,107,107,107,107,107,107,107,107,110,110,113,113,113,113,113,113,113,116,116,116,116,116,116,116,116,101,101,101],"card_choices":[{"not_picked":["Pommel Strike","Rupture"],"picked":"Flex","floor":1},{"not_picked":["Hemokinesis","Clash"],"picked":"Twin Strike","floor":2},{"not_picked":["Dual Wield","Heavy Blade"],"picked":"Reckless Charge","floor":4},{"not_picked":["Shrug It Off","Perfected Strike"],"picked":"Immolate","floor":7},{"not_picked":["Second Wind","Wild Strike"],"picked":"Iron Wave","floor":8},{"not_picked":["Corruption","Perfected Strike"],"picked":"Pummel","floor":14},{"not_picked":["Immolate","Bludgeon"],"picked":"Offering","floor":16},{"not_picked":["Headbutt","Cleave"],"picked":"Rage+1","floor":18},{"not_picked":["Havoc","Blood for Blood"],"picked":"Pummel","floor":20},{"not_picked":["Body Slam","Heavy Blade","Clash"],"picked":"SKIP","floor":21},{"not_picked":["Feed","Cleave+1"],"picked":"Battle Trance","floor":23},{"not_picked":["Perfected Strike+1","Flex"],"picked":"Pummel+1","floor":24},{"not_picked":["Disarm","Warcry"],"picked":"Metallicize","floor":24},{"not_picked":["Havoc","Clash+1","Clothesline+1"],"picked":"SKIP","floor":28},{"not_picked":["Evolve+1","Shrug It Off","Dropkick"],"picked":"SKIP","floor":28},{"not_picked":["Headbutt","Clothesline"],"picked":"Whirlwind","floor":30},{"not_picked":["Disarm+1","Carnage"],"picked":"Battle Trance","floor":30},{"not_picked":["Dark Embrace","Reaper"],"picked":"Feed","floor":33},{"not_picked":["Clothesline","Cleave"],"picked":"Rage","floor":35},{"not_picked":["Headbutt","Perfected Strike"],"picked":"Flex+1","floor":35},{"not_picked":["Heavy Blade+1","Rampage"],"picked":"Feed","floor":36},{"not_picked":["Sentinel","Clash"],"picked":"Pummel+1","floor":37},{"not_picked":["Havoc+1","Warcry"],"picked":"Flex+1","floor":37},{"not_picked":["Seeing Red","Iron Wave"],"picked":"Infernal Blade+1","floor":41},{"not_picked":["Metallicize+1","Disarm"],"picked":"Warcry+1","floor":41},{"not_picked":["Sword Boomerang","True Grit+1"],"picked":"Immolate","floor":42},{"not_picked":["Heavy Blade+1","Sword Boomerang"],"picked":"Pummel+1","floor":44},{"not_picked":["Sword Boomerang","Sever Soul+1"],"picked":"Pummel+1","floor":44}],"player_experience":123788,"relics_obtained":[{"floor":7,"key":"Strawberry"},{"floor":9,"key":"Kunai"},{"floor":23,"key":"Prayer Wheel"},{"floor":26,"key":"Meat on the Bone"},{"floor":36,"key":"Dead Branch"},{"floor":42,"key":"Happy Flower"},{"floor":42,"key":"Dodecahedron"},{"floor":43,"key":"Ornamental Fan"}],"event_choices":[{"cards_removed":["Defend_R"],"damage_healed":0,"gold_gain":0,"player_choice":"Card Removal","damage_taken":0,"max_hp_gain":0,"max_hp_loss":0,"event_name":"The Cleric","floor":3,"gold_loss":50},{"damage_healed":0,"gold_gain":0,"player_choice":"Donut","damage_taken":0,"max_hp_gain":5,"max_hp_loss":0,"event_name":"Big Fish","floor":11,"gold_loss":0},{"damage_healed":0,"gold_gain":0,"cards_transformed":["Strike_R"],"player_choice":"Transformed","damage_taken":0,"max_hp_gain":0,"max_hp_loss":0,"event_name":"Transmorgrifier","floor":22,"gold_loss":0,"cards_obtained":["Carnage"]},{"damage_healed":0,"gold_gain":0,"player_choice":"Fight","damage_taken":0,"max_hp_gain":0,"max_hp_loss":0,"event_name":"Mysterious Sphere","floor":36,"gold_loss":0},{"damage_healed":0,"gold_gain":0,"player_choice":"Upgrade","damage_taken":0,"relics_obtained":["Mark of the Bloom"],"max_hp_gain":0,"max_hp_loss":0,"event_name":"MindBloom","floor":39,"gold_loss":0,"cards_upgraded":["Strike_R","Strike_R","Strike_R","Defend_R","Defend_R","Defend_R","Bash","Feed","Reckless Charge","Infernal Blade","Immolate","Iron Wave","Pummel","Pummel","Trip","Carnage","Metallicize","Whirlwind","Battle Trance","Feed","Rage","Feed","Violence"]},{"damage_healed":101,"gold_gain":0,"player_choice":"Heal","damage_taken":0,"max_hp_gain":0,"max_hp_loss":15,"event_name":"The Moai Head","floor":45,"gold_loss":0}],"is_beta":false,"boss_relics":[{"not_picked":["Cursed Key","Orrery"],"picked":"Coffee Dripper"},{"not_picked":["Eternal Feather","Velvet Choker"],"picked":"Black Star"}],"items_purged_floors":[31],"is_endless":false,"potions_floor_spawned":[7,16,20,23,24,33,37,41,44],"killed_by":"Reptomancer","ascension_level":0}