{"gold_per_floor":[109,109,109,119,119,119,148,148,174,174,190,190,206,206,206,206],"floor_reached":16,"playtime":307,"items_purged":[],"score":154,"play_id":"43b3a1d7-f7cf-4345-b4b3-0e6df0289037","local_time":"20190721010337","is_ascension_mode":true,"campfire_choices":[{"data":"Defend_R","floor":6,"key":"SMITH"},{"data":"Defend_R","floor":10,"key":"SMITH"},{"data":"True Grit","floor":12,"key":"SMITH"},{"data":"Limit Break","floor":15,"key":"SMITH"}],"neow_cost":"NONE","seed_source_timestamp":278396745714481,"circlet_count":0,"master_deck":["Strike_R","Strike_R","Strike_R","Strike_R","Strike_R","Defend_R+1","Defend_R","Defend_R+1","Defend_R+1","Bash+1","True Grit+1","Limit Break+1"],"relics":["Burning Blood","NeowsBlessing","Dream Catcher","Ancient Tea Set"],"potions_floor_usage":[16],"damage_taken":[{"damage":0,"enemies":"2 Louse","floor":1,"turns":1},{"damage":0,"enemies":"Jaw Worm","floor":4,"turns":1},{"damage":0,"enemies":"Lagavulin","floor":7,"turns":1},{"damage":6,"enemies":"Cultist","floor":11,"turns":3},{"damage":9,"enemies":"Blue Slaver","floor":13,"turns":3},{"damage":53,"enemies":"The Guardian","floor":16,"turns":10}],"seed_played":"-1932807299439568001","potions_obtained":[{"floor":11,"key":"SpeedPotion"},{"floor":13,"key":"Regen Potion"}],"is_trial":false,"path_per_floor":["M","$","?","M","?","R","E","$","T","R","M","R","M","?","R","B"],"character_chosen":"IRONCLAD","items_purchased":[],"campfire_rested":0,"item_purchase_floors":[],"current_hp_per_floor":[80,80,85,85,68,68,74,74,74,74,74,74,71,71,71,30],"gold":206,"neow_bonus":"THREE_ENEMY_KILL","is_prod":false,"is_daily":false,"chose_seed":false,"campfire_upgraded":4,"win_rate":0,"timestamp":1563696217,"path_taken":["M","$","?","M","?","R","E","?","T","R","M","R","?","?","R","BOSS"],"build_version":"2019-07-05","purchased_purges":0,"victory":false,"max_hp_per_floor":[80,80,85,85,85,85,85,85,85,85,85,85,85,85,85,85],"card_choices":[{"not_picked":["Thunderclap","Dual Wield","Bloodletting"],"picked":"SKIP","floor":1},{"not_picked":["Clash","Evolve","Thunderclap"],"picked":"SKIP","floor":4},{"not_picked":["Spot Weakness","Perfected Strike","Thunderclap"],"picked":"SKIP","floor":7},{"not_picked":["Twin Strike","Clash"],"picked":"True Grit","floor":11},{"not_picked":["Headbutt","Battle Trance"],"picked":"Limit Break","floor":13}],"player_experience":68135,"relics_obtained":[{"floor":7,"key":"Dream Catcher"},{"floor":9,"key":"Ancient Tea Set"}],"event_choices":[{"damage_healed":0,"gold_gain":0,"player_choice":"Donut","damage_taken":0,"max_hp_gain":5,"max_hp_loss":0,"event_name":"Big Fish","floor":3,"gold_loss":0},{"damage_healed":0,"gold_gain":0,"player_choice":"Entered Light","damage_taken":17,"max_hp_gain":0,"max_hp_loss":0,"event_name":"Shining Light","floor":5,"gold_loss":0,"cards_upgraded":["Bash","Defend_R"]},{"damage_healed":0,"gold_gain":0,"player_choice":"Ignored","damage_taken":0,"max_hp_gain":0,"max_hp_loss":0,"event_name":"Liars Game","floor":14,"gold_loss":0}],"is_beta":false,"boss_relics":[],"items_purged_floors":[],"is_endless":false,"potions_floor_spawned":[11,13],"killed_by":"The Guardian","ascension_level":5}