{"gold_per_floor":[109,28,38,113,113,113,133,151,151,151,170,170,204,221,221,295,295,310,310,323,335,335,335,349,369,369,383,383,383,394,147,147,147],"floor_reached":33,"playtime":1304,"items_purged":["Strike_G"],"score":427,"play_id":"9120b09c-45a0-4b20-bff1-58dc6662735a","local_time":"20190115001131","is_ascension_mode":true,"campfire_choices":[{"data":"Neutralize","floor":6.0,"key":"SMITH"},{"data":"Footwork","floor":10.0,"key":"SMITH"},{"data":"Cloak And Dagger","floor":12.0,"key":"SMITH"},{"floor":15.0,"key":"REST"},{"data":"Acrobatics","floor":23.0,"key":"SMITH"},{"floor":28.0,"key":"REST"},{"data":"Purity","floor":32,"key":"SMITH"}],"neow_cost":"TEN_PERCENT_HP_LOSS","seed_source_timestamp":596356784882927,"circlet_count":0,"master_deck":["AscendersBane","Defend_G","Defend_G","Defend_G","Defend_G","Defend_G+1","Strike_G","Strike_G","Strike_G","Strike_G","Survivor+1","Neutralize+1","Dash","Footwork+1","Acrobatics+1","Dagger Spray","Cloak And Dagger+1","Blade Dance","Adrenaline","Backflip","Heel Hook+1","Footwork","Purity+1","Infinite Blades"],"special_seed":0,"relics":["Ring of the Snake","Du-Vu Doll","Shuriken","Thread and Needle","Sozu","Nilry\u0027s Codex","Ancient Tea Set"],"potions_floor_usage":[],"damage_taken":[{"damage":7.0,"enemies":"Small Slimes","floor":1.0,"turns":4.0},{"damage":0.0,"enemies":"Jaw Worm","floor":3.0,"turns":5.0},{"damage":0.0,"enemies":"Cultist","floor":7.0,"turns":4.0},{"damage":0.0,"enemies":"Gremlin Gang","floor":8.0,"turns":4.0},{"damage":0.0,"enemies":"Looter","floor":11.0,"turns":4.0},{"damage":19.0,"enemies":"Lagavulin","floor":13.0,"turns":6.0},{"damage":1.0,"enemies":"Exordium Thugs","floor":14.0,"turns":5.0},{"damage":3.0,"enemies":"Slime Boss","floor":16.0,"turns":8.0},{"damage":4.0,"enemies":"2 Thieves","floor":18.0,"turns":4.0},{"damage":0.0,"enemies":"Shell Parasite","floor":20.0,"turns":5.0},{"damage":0.0,"enemies":"Snecko","floor":21.0,"turns":6.0},{"damage":0.0,"enemies":"Snake Plant","floor":24.0,"turns":6.0},{"damage":18.0,"enemies":"Cultist and Chosen","floor":25.0,"turns":7.0},{"damage":0.0,"enemies":"Snecko","floor":27.0,"turns":5.0},{"damage":0.0,"enemies":"Chosen and Byrds","floor":30.0,"turns":5.0},{"damage":58,"enemies":"Collector","floor":33,"turns":6}],"seed_played":"6279755464465935720","potions_obtained":[{"floor":1.0,"key":"LiquidBronze"},{"floor":3.0,"key":"SkillPotion"},{"floor":8.0,"key":"Poison Potion"},{"floor":14.0,"key":"Block Potion"}],"is_trial":false,"path_per_floor":["M","$","M","?","?","R","M","M","T","R","M","R","E","M","R","B",null,"M","?","M","M","?","R","M","M","T","M","R","?","M","$","R","B"],"character_chosen":"THE_SILENT","items_purchased":["Footwork","Purity","Infinite Blades"],"campfire_rested":2,"item_purchase_floors":[2,31,31],"current_hp_per_floor":[52,52,52,41,29,29,29,29,29,29,29,29,10,9,27,24,51,47,31,31,31,31,31,31,13,13,13,31,25,25,25,25,0],"gold":147,"neow_bonus":"ONE_RARE_RELIC","is_prod":false,"is_daily":false,"chose_seed":false,"campfire_upgraded":5,"win_rate":0,"timestamp":1547507491,"path_taken":["M","$","M","?","?","R","M","M","T","R","M","R","E","M","R","BOSS","M","?","M","M","?","R","M","M","T","M","R","?","M","$","R","BOSS"],"build_version":"2019-01-10","purchased_purges":1,"victory":false,"max_hp_per_floor":[60,60,60,60,60,60,60,60,60,60,60,60,60,60,60,60,60,60,60,60,60,60,60,60,60,60,60,60,60,60,60,60,60],"card_choices":[{"not_picked":["Infinite Blades","Bouncing Flask"],"picked":"Dash","floor":1.0},{"not_picked":["Underhanded Strike","Deadly Poison"],"picked":"Acrobatics","floor":3.0},{"not_picked":["Choke","Dodge and Roll","Deadly Poison"],"picked":"SKIP","floor":7.0},{"not_picked":["Outmaneuver","Unload"],"picked":"Dagger Spray","floor":8.0},{"not_picked":["Eviscerate","Blade Dance"],"picked":"Cloak And Dagger","floor":11.0},{"not_picked":["Expertise","Choke"],"picked":"Blade Dance","floor":13.0},{"not_picked":["Poisoned Stab","PiercingWail","Dodge and Roll"],"picked":"SKIP","floor":14.0},{"not_picked":["Die Die Die","Glass Knife"],"picked":"Adrenaline","floor":16.0},{"not_picked":["Distraction","Bouncing Flask","Dodge and Roll"],"picked":"SKIP","floor":18.0},{"not_picked":["PiercingWail","Distraction"],"picked":"Backflip","floor":20.0},{"not_picked":["Backflip","Dagger Spray"],"picked":"Heel Hook+1","floor":21.0},{"not_picked":["Flying Knee","Backflip"],"picked":"Footwork","floor":24.0},{"not_picked":["Caltrops","Dodge and Roll","Dagger Throw"],"picked":"SKIP","floor":25.0},{"not_picked":["Bouncing Flask","Heel Hook","Crippling Poison+1"],"picked":"SKIP","floor":27.0},{"not_picked":["Skewer","Outmaneuver","Noxious Fumes"],"picked":"SKIP","floor":30.0}],"player_experience":741600,"relics_obtained":[{"floor":9.0,"key":"Shuriken"},{"floor":13.0,"key":"Thread and Needle"},{"floor":19.0,"key":"Nilry\u0027s Codex"},{"floor":26.0,"key":"Ancient Tea Set"}],"event_choices":[{"damage_healed":0.0,"max_hp_gain":0.0,"max_hp_loss":0.0,"gold_gain":75.0,"event_name":"World of Goop","player_choice":"Gather Gold","floor":4.0,"gold_loss":0.0,"damage_taken":11.0},{"damage_healed":0.0,"max_hp_gain":0.0,"max_hp_loss":0.0,"gold_gain":0.0,"event_name":"Shining Light","player_choice":"Entered Light","floor":5.0,"gold_loss":0.0,"damage_taken":12.0,"cards_upgraded":["Survivor","Defend_G"]},{"damage_healed":0.0,"max_hp_gain":0.0,"max_hp_loss":0.0,"gold_gain":0.0,"event_name":"Cursed Tome","player_choice":"Obtained Book","floor":19.0,"gold_loss":0.0,"damage_taken":16.0},{"damage_healed":0.0,"max_hp_gain":0.0,"max_hp_loss":0.0,"gold_gain":0.0,"event_name":"Ghosts","player_choice":"Ignored","floor":22.0,"gold_loss":0.0,"damage_taken":0.0},{"damage_healed":0.0,"max_hp_gain":0.0,"max_hp_loss":0.0,"gold_gain":0.0,"event_name":"Knowing Skull","player_choice":"","floor":29.0,"potions_obtained":[],"gold_loss":0.0,"damage_taken":6.0,"cards_obtained":[]}],"is_beta":false,"boss_relics":[{"not_picked":["Ring of the Serpent","Empty Cage"],"picked":"Sozu"}],"items_purged_floors":[31],"is_endless":false,"potions_floor_spawned":[1,3,8,14,20,24],"killed_by":"Collector","ascension_level":14}