{"gold_per_floor":[115,115,115,133,208,236,255,267,292,322,138,138,138,163,163,163],"floor_reached":16,"playtime":479,"items_purged":["Strike_G"],"score":236,"play_id":"a31c521e-316d-40d8-864c-e7e4b6a59f1a","local_time":"20190117105313","is_ascension_mode":true,"campfire_choices":[{"floor":12,"key":"REST"},{"data":"Neutralize","floor":15,"key":"SMITH"}],"neow_cost":"NONE","seed_source_timestamp":718359849373290,"circlet_count":0,"master_deck":["AscendersBane","Defend_G+1","Defend_G","Defend_G","Defend_G","Defend_G+1","Strike_G","Strike_G","Strike_G","Survivor","Neutralize+1","Flying Knee","Deflect","Heel Hook","Infinite Blades","Blade Dance","Footwork","Accuracy","Acrobatics","Acrobatics"],"relics":["Ring of the Snake","NeowsBlessing","Regal Pillow","MawBank","Boot","Blood Vial"],"potions_floor_usage":[8,8,14],"damage_taken":[{"damage":0,"enemies":"Cultist","floor":1,"turns":1},{"damage":0,"enemies":"Jaw Worm","floor":4,"turns":1},{"damage":0,"enemies":"Gremlin Nob","floor":6,"turns":1},{"damage":0,"enemies":"2 Louse","floor":7,"turns":4},{"damage":15,"enemies":"Gremlin Gang","floor":8,"turns":6},{"damage":8,"enemies":"Large Slime","floor":10,"turns":7},{"damage":3,"enemies":"3 Sentries","floor":14,"turns":8},{"damage":41,"enemies":"Hexaghost","floor":16,"turns":12}],"seed_played":"2883772571228518887","potions_obtained":[{"floor":1,"key":"Strength Potion"},{"floor":7,"key":"Poison Potion"},{"floor":10,"key":"Explosive Potion"},{"floor":14,"key":"EssenceOfSteel"}],"is_trial":false,"path_per_floor":["M","?","?","M","?","E","M","M","T","M","$","R","T","E","R","B"],"character_chosen":"THE_SILENT","items_purchased":["Accuracy","Acrobatics"],"campfire_rested":1,"item_purchase_floors":[11,11],"current_hp_per_floor":[59,39,39,39,28,28,28,13,13,5,5,39,39,36,36,0],"gold":163,"neow_bonus":"THREE_ENEMY_KILL","is_prod":false,"is_daily":false,"chose_seed":false,"campfire_upgraded":1,"win_rate":0,"timestamp":1547718793,"path_taken":["M","?","?","?","?","E","M","M","T","M","?","R","?","E","R","BOSS"],"build_version":"2019-01-10","purchased_purges":1,"victory":false,"max_hp_per_floor":[66,66,66,66,66,66,66,66,66,66,66,66,66,66,66,66],"card_choices":[{"not_picked":["Setup","Dagger Throw"],"picked":"Flying Knee","floor":1},{"not_picked":["Distraction","PiercingWail"],"picked":"Deflect","floor":4},{"not_picked":["Outmaneuver","Choke"],"picked":"Heel Hook","floor":6},{"not_picked":["Slice","Prepared"],"picked":"Infinite Blades","floor":7},{"not_picked":["Acrobatics","Malaise"],"picked":"Blade Dance","floor":8},{"not_picked":["Masterful Stab","Poisoned Stab"],"picked":"Footwork","floor":10},{"not_picked":["Dagger Spray","Malaise"],"picked":"Acrobatics","floor":14}],"player_experience":763182,"relics_obtained":[{"floor":6,"key":"Regal Pillow"},{"floor":9,"key":"MawBank"},{"floor":13,"key":"Boot"},{"floor":14,"key":"Blood Vial"}],"event_choices":[{"damage_healed":0,"gold_gain":0,"player_choice":"Entered Light","damage_taken":20,"max_hp_gain":0,"max_hp_loss":0,"event_name":"Shining Light","floor":2,"gold_loss":0,"cards_upgraded":["Defend_G","Defend_G"]},{"cards_removed":["Strike_G"],"damage_healed":0,"gold_gain":0,"player_choice":"Purged","damage_taken":0,"max_hp_gain":0,"max_hp_loss":0,"event_name":"Purifier","floor":3,"gold_loss":0},{"damage_healed":0,"gold_gain":75,"player_choice":"Gather Gold","damage_taken":11,"max_hp_gain":0,"max_hp_loss":0,"event_name":"World of Goop","floor":5,"gold_loss":0}],"is_beta":false,"boss_relics":[],"items_purged_floors":[11],"is_endless":false,"potions_floor_spawned":[1,7,10,14],"killed_by":"Hexaghost","ascension_level":15}