{"gold_per_floor":[113,113,388,69,89,89,117,117,117,133,150,150,164,164,164,261,261,272,288,288,288],"floor_reached":21,"playtime":741,"items_purged":["Regret"],"score":197,"play_id":"b5ac2a1e-a7dd-4a2a-9bf0-14073114a489","local_time":"20190716231423","is_ascension_mode":true,"campfire_choices":[{"floor":6,"key":"RECALL"},{"data":"Meteor Strike","floor":8,"key":"SMITH"},{"floor":12,"key":"REST"},{"floor":15,"key":"REST"}],"neow_cost":"NONE","seed_source_timestamp":449151323455285,"circlet_count":0,"master_deck":["Strike_B+1","Strike_B+1","Strike_B+1","Strike_B+1","Defend_B+1","Defend_B+1","Defend_B+1","Defend_B+1","Zap","Dualcast","Meteor Strike+1","Ball Lightning","Fission+1","Beam Cell","Melter","Turbo+1","Seek+1","Lockon+1","BootSequence+1"],"relics":["Cracked Core","Cables","Kunai","Toxic Egg 2","Ornamental Fan","Question Card","Inserter"],"potions_floor_usage":[16,16,18],"damage_taken":[{"damage":1,"enemies":"Cultist","floor":1,"turns":3},{"damage":6,"enemies":"2 Louse","floor":5,"turns":3},{"damage":43,"enemies":"3 Sentries","floor":7,"turns":8},{"damage":7,"enemies":"Small Slimes","floor":10,"turns":2},{"damage":17,"enemies":"Exordium Wildlife","floor":11,"turns":4},{"damage":7,"enemies":"Looter","floor":13,"turns":3},{"damage":36,"enemies":"The Guardian","floor":16,"turns":10},{"damage":11,"enemies":"3 Byrds","floor":18,"turns":4},{"damage":30,"enemies":"Shell Parasite","floor":19,"turns":4},{"damage":50,"enemies":"Masked Bandits","floor":21,"turns":3}],"seed_played":"3200118978903741412","potions_obtained":[{"floor":1,"key":"GamblersBrew"},{"floor":13,"key":"GamblersBrew"},{"floor":16,"key":"SpeedPotion"}],"is_trial":false,"path_per_floor":["M","T","?","$","M","R","E","R","T","M","M","R","M","T","R","B",null,"M","M","?","?"],"character_chosen":"DEFECT","items_purchased":["Kunai"],"campfire_rested":2,"item_purchase_floors":[4],"current_hp_per_floor":[74,74,74,74,68,68,25,25,25,18,1,23,16,16,38,2,75,64,34,34,0],"gold":288,"neow_bonus":"ONE_RANDOM_RARE_CARD","is_prod":false,"is_daily":false,"chose_seed":false,"campfire_upgraded":1,"win_rate":0,"timestamp":1563333263,"path_taken":["M","?","?","$","M","R","E","R","T","M","?","R","M","?","R","BOSS","M","M","?","?"],"build_version":"2019-07-05","purchased_purges":1,"victory":false,"max_hp_per_floor":[75,75,75,75,75,75,75,75,75,75,75,75,75,75,75,75,75,75,75,75,75],"card_choices":[{"not_picked":["Storm","Hologram"],"picked":"Ball Lightning","floor":1},{"not_picked":["Coolheaded","Force Field","Hologram"],"picked":"SKIP","floor":5},{"not_picked":["Heatsinks","Defragment"],"picked":"Fission","floor":7},{"not_picked":["Redo+1","Go for the Eyes"],"picked":"Beam Cell","floor":10},{"not_picked":["Leap+1","Coolheaded+1"],"picked":"Melter","floor":11},{"not_picked":["Sweeping Beam","Self Repair"],"picked":"Turbo+1","floor":13},{"not_picked":["All For One","Rainbow+1","Creative AI"],"picked":"Seek+1","floor":16},{"not_picked":["Self Repair","Auto Shields+1","Coolheaded+1"],"picked":"Lockon+1","floor":18},{"not_picked":["Chill+1","Beam Cell","Scrape"],"picked":"BootSequence+1","floor":19}],"player_experience":183387,"relics_obtained":[{"floor":2,"key":"Cables"},{"floor":7,"key":"Toxic Egg 2"},{"floor":9,"key":"Ornamental Fan"},{"floor":14,"key":"Question Card"}],"event_choices":[{"damage_healed":0,"gold_gain":275,"player_choice":"Desecrate","damage_taken":0,"max_hp_gain":0,"max_hp_loss":0,"event_name":"Golden Shrine","floor":3,"gold_loss":0,"cards_obtained":["Regret"]},{"damage_healed":0,"gold_gain":0,"player_choice":"Simplicity","damage_taken":0,"max_hp_gain":0,"max_hp_loss":0,"event_name":"Back to Basics","floor":20,"gold_loss":0,"cards_upgraded":["Strike_B","Strike_B","Strike_B","Strike_B","Defend_B","Defend_B","Defend_B","Defend_B"]},{"damage_healed":0,"gold_gain":0,"player_choice":"Fought Bandits","damage_taken":0,"max_hp_gain":0,"max_hp_loss":0,"event_name":"Masked Bandits","floor":21,"gold_loss":0}],"is_beta":false,"boss_relics":[{"not_picked":["White Beast Statue","Black Star"],"picked":"Inserter"}],"items_purged_floors":[4],"is_endless":false,"potions_floor_spawned":[1,13,16],"killed_by":"Masked Bandits","ascension_level":2}