{"gold_per_floor":[114,129,129,145,145,145,156,156,203,223,41,41,41,57,57,150,150,174,174,194,214,233,233,249,268,295,318,341,341,39,55,55,144,144,162,495,595,595,608,608,608,626,626,626,470,487,487,115,115,115],"floor_reached":51,"playtime":2465,"items_purged":["Strike_B","Strike_B","Defend_B"],"score":1202,"play_id":"0068cc5d-dd7e-4efb-a52f-2e0dab08cf76","local_time":"20190221094557","is_ascension_mode":true,"campfire_choices":[{"data":"Zap","floor":6.0,"key":"SMITH"},{"data":"Skim","floor":8.0,"key":"SMITH"},{"data":"Defragment","floor":15.0,"key":"SMITH"},{"data":"Heatsinks","floor":23.0,"key":"SMITH"},{"data":"Coolheaded","floor":29.0,"key":"SMITH"},{"data":"Amplify","floor":32.0,"key":"SMITH"},{"data":"Capacitor","floor":40,"key":"SMITH"},{"data":"Skim","floor":41,"key":"SMITH"},{"data":"Dualcast","floor":44,"key":"SMITH"},{"data":"Seek","floor":49,"key":"SMITH"}],"neow_cost":"TEN_PERCENT_HP_LOSS","seed_source_timestamp":1252968162947456,"circlet_count":0,"master_deck":["AscendersBane","Defend_B+1","Defend_B+1","Zap+1","Dualcast+1","Leap","Conserve Battery","Glacier","Skim+1","Sweeping Beam","Defragment+1","Capacitor+1","Bandage Up","Electrodynamics","Amplify+1","Coolheaded+1","Heatsinks+1","Barrage","Ball Lightning","Skim+1","Defragment+1","Defragment","Core Surge","Self Repair","Skim+1","Coolheaded","Seek+1","Purity"],"special_seed":0,"relics":["FrozenCore","Vajra","War Paint","DollysMirror","Sozu","WingedGreaves"],"potions_floor_usage":[33,33],"damage_taken":[{"damage":1.0,"enemies":"Cultist","floor":1.0,"turns":3.0},{"damage":0.0,"enemies":"2 Louse","floor":2.0,"turns":3.0},{"damage":0.0,"enemies":"Small Slimes","floor":4.0,"turns":3.0},{"damage":4.0,"enemies":"Exordium Thugs","floor":7.0,"turns":5.0},{"damage":2.0,"enemies":"Lots of Slimes","floor":10.0,"turns":3.0},{"damage":7.0,"enemies":"Large Slime","floor":14.0,"turns":5.0},{"damage":21.0,"enemies":"Slime Boss","floor":16.0,"turns":6.0},{"damage":17.0,"enemies":"Shell Parasite","floor":18.0,"turns":8.0},{"damage":14.0,"enemies":"3 Byrds","floor":20.0,"turns":4.0},{"damage":0.0,"enemies":"Centurion and Healer","floor":21.0,"turns":12.0},{"damage":2.0,"enemies":"Snecko","floor":22.0,"turns":6.0},{"damage":16.0,"enemies":"Snake Plant","floor":24.0,"turns":6.0},{"damage":22.0,"enemies":"Centurion and Healer","floor":25.0,"turns":6.0},{"damage":10.0,"enemies":"3 Cultists","floor":27.0,"turns":4.0},{"damage":0.0,"enemies":"Snecko","floor":28.0,"turns":5.0},{"damage":19.0,"enemies":"Centurion and Healer","floor":31.0,"turns":6.0},{"damage":9,"enemies":"Collector","floor":33,"turns":9},{"damage":20,"enemies":"3 Shapes","floor":35,"turns":4},{"damage":0,"enemies":"Mind Bloom Boss Battle","floor":37,"turns":7},{"damage":11,"enemies":"3 Darklings","floor":39,"turns":3},{"damage":0,"enemies":"Maw","floor":42,"turns":6},{"damage":28,"enemies":"Transient","floor":46,"turns":6},{"damage":4,"enemies":"Donu and Deca","floor":50,"turns":7}],"seed_played":"9049797743552998373","potions_obtained":[{"floor":4.0,"key":"Weak Potion"},{"floor":7.0,"key":"GamblersBrew"},{"floor":16.0,"key":"PowerPotion"},{"floor":20.0,"key":"FocusPotion"},{"floor":25.0,"key":"Dexterity Potion"},{"floor":27.0,"key":"Fruit Juice"},{"floor":31.0,"key":"Weak Potion"},{"floor":33,"key":"SteroidPotion"}],"is_trial":false,"path_per_floor":["M","M","?","M","?","R","M","R","T","M","$","?","?","M","R","B",null,"M","?","M","M","M","R","M","M","T","M","M","R","$","M","R","B",null,"M","?","?","?","M","R","R","M","T","R","$","M","?","$","R","B",null],"character_chosen":"DEFECT","items_purchased":["Capacitor","Bandage Up","DollysMirror","Coolheaded","Seek","Purity"],"campfire_rested":0,"item_purchase_floors":[11,11,30,45,48,48],"current_hp_per_floor":[63,63,63,63,56,56,52,52,52,50,50,28,28,25,25,8,50,37,64,54,58,60,60,48,30,30,29,33,33,33,18,18,13,55,39,39,43,69,69,69,69,69,69,69,69,52,52,52,52,59],"gold":115,"neow_bonus":"TRANSFORM_TWO_CARDS","is_prod":false,"is_daily":false,"chose_seed":false,"campfire_upgraded":10,"win_rate":0,"timestamp":1550738757,"path_taken":["M","?","?","M","?","R","M","R","T","M","$","?","?","M","R","BOSS","M","?","M","M","?","R","?","M","T","M","M","R","$","M","R","BOSS","M","?","?","?","M","R","R","M","T","R","$","?","?","$","R","BOSS"],"build_version":"2019-01-23","purchased_purges":3,"victory":true,"max_hp_per_floor":[64,64,64,64,64,64,64,64,64,64,64,64,64,64,64,64,64,64,64,64,64,64,64,64,64,64,69,69,69,69,69,69,69,69,69,69,69,69,69,69,69,69,69,69,69,69,69,69,69,69],"card_choices":[{"not_picked":["Go for the Eyes","Barrage"],"picked":"Conserve Battery","floor":1.0},{"not_picked":["Go for the Eyes","Force Field"],"picked":"Glacier","floor":2.0},{"not_picked":["Ball Lightning","Rebound"],"picked":"Skim","floor":4.0},{"not_picked":["Go for the Eyes","Doom and Gloom"],"picked":"Sweeping Beam","floor":7.0},{"not_picked":["Sweeping Beam","Compile Driver"],"picked":"Defragment","floor":10.0},{"not_picked":["Storm","Tempest"],"picked":"Electrodynamics","floor":14.0},{"not_picked":["Seek","Rainbow"],"picked":"Amplify","floor":16.0},{"not_picked":["Recycle","Genetic Algorithm"],"picked":"Coolheaded","floor":18.0},{"not_picked":["Double Energy+1","Fusion"],"picked":"Heatsinks","floor":20.0},{"not_picked":["Conserve Battery","Steam"],"picked":"Barrage","floor":21.0},{"not_picked":["Storm","Fission","Tempest+1"],"picked":"SKIP","floor":22.0},{"not_picked":["Storm","Fission","Tempest+1"],"picked":"SKIP","floor":22.0},{"not_picked":["Steam Power","Coolheaded"],"picked":"Ball Lightning","floor":24.0},{"not_picked":["Hologram","Sweeping Beam+1","Sunder"],"picked":"SKIP","floor":25.0},{"not_picked":["Auto Shields","Chill"],"picked":"Skim","floor":27.0},{"not_picked":["FTL","Storm","Streamline"],"picked":"SKIP","floor":28.0},{"not_picked":["Melter","Hologram"],"picked":"Defragment","floor":31.0},{"not_picked":["Reboot","Echo Form"],"picked":"Core Surge","floor":33},{"not_picked":["Rip and Tear+1","Darkness","Rebound"],"picked":"SKIP","floor":35},{"not_picked":["Barrage","Gash"],"picked":"Self Repair","floor":37},{"not_picked":["Go for the Eyes+1","Ball Lightning+1","Gash"],"picked":"SKIP","floor":39},{"not_picked":["Stack","Redo"],"picked":"Skim+1","floor":42},{"not_picked":["Beam Cell","Stack","Redo"],"picked":"SKIP","floor":46}],"player_experience":839135,"relics_obtained":[{"floor":9.0,"key":"Vajra"},{"floor":26.0,"key":"War Paint"},{"floor":37,"key":"WingedGreaves"}],"event_choices":[{"damage_healed":0.0,"max_hp_gain":0.0,"max_hp_loss":0.0,"gold_gain":0.0,"event_name":"Liars Game","player_choice":"Ignored","floor":3.0,"gold_loss":0.0,"damage_taken":0.0},{"cards_removed":["Strike_B"],"damage_healed":0.0,"max_hp_gain":0.0,"max_hp_loss":0.0,"gold_gain":0.0,"event_name":"Golden Wing","player_choice":"Card Removal","floor":5.0,"gold_loss":0.0,"damage_taken":7.0},{"damage_healed":0.0,"max_hp_gain":0.0,"max_hp_loss":0.0,"gold_gain":0.0,"event_name":"Golden Idol","player_choice":"Take Damage","floor":12.0,"gold_loss":0.0,"damage_taken":22.0,"relics_obtained":["Golden Idol"]},{"damage_healed":0.0,"max_hp_gain":0.0,"max_hp_loss":0.0,"gold_gain":0.0,"event_name":"Match and Keep!","player_choice":"0 cards matched","floor":13.0,"gold_loss":0.0,"damage_taken":0.0,"cards_obtained":[]},{"cards_removed":["Tempest"],"damage_healed":27.0,"max_hp_gain":0.0,"max_hp_loss":0.0,"gold_gain":0.0,"event_name":"Bonfire Elementals","player_choice":"Offered Uncommon","floor":19.0,"gold_loss":0.0,"damage_taken":0.0},{"damage_healed":0,"gold_gain":333,"player_choice":"Gave Idol","damage_taken":0,"max_hp_gain":0,"max_hp_loss":0,"event_name":"The Moai Head","floor":36,"relics_lost":["Golden Idol"],"gold_loss":0},{"damage_healed":0,"gold_gain":0,"player_choice":"Fight","damage_taken":0,"max_hp_gain":0,"max_hp_loss":0,"event_name":"MindBloom","floor":37,"gold_loss":0},{"damage_healed":26,"gold_gain":0,"player_choice":"Full Heal","damage_taken":0,"max_hp_gain":0,"max_hp_loss":0,"event_name":"Wheel of Change","floor":38,"gold_loss":0},{"damage_healed":0,"gold_gain":0,"player_choice":"Got Potions","damage_taken":0,"max_hp_gain":0,"max_hp_loss":0,"event_name":"Lab","floor":47,"gold_loss":0}],"is_beta":false,"boss_relics":[{"not_picked":["Ectoplasm","Nuclear Battery"],"picked":"FrozenCore"},{"not_picked":["Pandora\u0027s Box","Velvet Choker"],"picked":"Sozu"}],"items_purged_floors":[30,45,48],"is_endless":false,"potions_floor_spawned":[4,7,10,16,20,25,27,31,33,35,39],"ascension_level":18}