{"path_per_floor":["M","?","$","M","?","R","E","R","T","?","M","T","R","E","R","B",null,"M","?","$","M","?","R","E","M","T","R","?","M","?","M","R"],"character_chosen":"DEFECT","items_purchased":["Gash","Rebound"],"gold_per_floor":[112,62,27,47,147,147,176,176,225,300,313,338,338,371,371,470,470,484,518,398,410,410,410,439,458,482,482,432,443,543,553,553,553],"floor_reached":33,"campfire_rested":3,"playtime":1544,"current_hp_per_floor":[68,68,68,66,66,66,35,35,35,24,26,26,49,40,40,38,70,66,54,54,56,56,82,39,25,25,51,51,46,46,40,40,0],"items_purged":["Defend_B"],"gold":553,"score":418,"play_id":"026ada13-f0e5-453c-878f-2e00025b0567","local_time":"20180517220939","is_prod":false,"is_daily":false,"chose_seed":false,"is_ascension_mode":true,"campfire_upgraded":4,"timestamp":1526587779,"campfire_choices":[{"data":"Dualcast","floor":6.0,"key":"SMITH"},{"data":"Gash","floor":8.0,"key":"SMITH"},{"floor":13.0,"key":"REST"},{"data":"Go for the Eyes","floor":15,"key":"SMITH"},{"floor":23,"key":"REST"},{"floor":27,"key":"REST"},{"data":"Defragment","floor":32,"key":"SMITH"}],"path_taken":["M","?","$","M","?","R","E","R","T","?","?","?","R","E","R","BOSS","M","?","$","M","?","R","E","M","T","R","?","M","?","M","R","BOSS"],"build_version":"2018-05-17","seed_source_timestamp":309050393761525,"purchased_purges":1,"victory":false,"master_deck":["Strike_B","Defend_B","Defend_B","Zap+1","Dualcast+1","Glacier","Gash+1","Go for the Eyes+1","Streamline+1","Fusion+1","Glacier+1","Rebound","Defragment+1","BootSequence"],"max_hp_per_floor":[75,75,75,75,75,75,77,77,77,77,77,77,77,79,79,81,81,83,85,85,87,87,87,87,89,89,89,89,91,91,91,91,91],"relics":["Cracked Core","Singing Bowl","Blood Vial","Juzu Bracelet","Bottled Lightning","Astrolabe","Red Mask","DataDisk","Bag of Preparation"],"card_choices":[{"not_picked":["Hello World","Scrape"],"picked":"Glacier","floor":1.0},{"not_picked":["Axe Kick","Conserve Battery","Cold Snap"],"picked":"SKIP","floor":4.0},{"not_picked":["Hologram","Skim","Blizzard"],"picked":"Singing Bowl","floor":7.0},{"not_picked":["Steam","Leap"],"picked":"Go for the Eyes","floor":11.0},{"not_picked":["Beam Cell","Blizzard","Rebound"],"picked":"Singing Bowl","floor":14},{"not_picked":["Amplify","Rainbow","Buffer"],"picked":"Singing Bowl","floor":16},{"not_picked":["Heatsinks","Sunder+1","Glacier"],"picked":"Singing Bowl","floor":18},{"not_picked":["Turbo","Cold Snap","Steam"],"picked":"Singing Bowl","floor":19},{"not_picked":["Heatsinks","Chill","Streamline+1"],"picked":"Singing Bowl","floor":21},{"not_picked":["Scrape+1","Auto Shields"],"picked":"Defragment","floor":24},{"not_picked":["Capacitor","Stack+1","Loop"],"picked":"Singing Bowl","floor":25},{"not_picked":["Melter","Darkness","Chill"],"picked":"Singing Bowl","floor":29},{"not_picked":["Turbo","Rebound"],"picked":"BootSequence","floor":31}],"player_experience":679623,"potions_floor_usage":[19,19],"damage_taken":[{"damage":0.0,"enemies":"Cultist","floor":1.0,"turns":3.0},{"damage":2.0,"enemies":"Jaw Worm","floor":4.0,"turns":4.0},{"damage":33.0,"enemies":"Gremlin Nob","floor":7.0,"turns":5.0},{"damage":0.0,"enemies":"2 Louse","floor":11.0,"turns":2.0},{"damage":13,"enemies":"Lagavulin","floor":14,"turns":9},{"damage":6,"enemies":"The Guardian","floor":16,"turns":16},{"damage":8,"enemies":"Spheric Guardian","floor":18,"turns":4},{"damage":16,"enemies":"Masked Bandits","floor":19,"turns":4},{"damage":2,"enemies":"3 Byrds","floor":21,"turns":5},{"damage":45,"enemies":"Slavers","floor":24,"turns":11},{"damage":18,"enemies":"Centurion and Healer","floor":25,"turns":10},{"damage":9,"enemies":"Snecko","floor":29,"turns":7},{"damage":8,"enemies":"3 Cultists","floor":31,"turns":6},{"damage":45,"enemies":"Champ","floor":33,"turns":17}],"relics_obtained":[{"floor":7.0,"key":"Singing Bowl"},{"floor":9.0,"key":"Blood Vial"},{"floor":12.0,"key":"Juzu Bracelet"},{"floor":14,"key":"Bottled Lightning"},{"floor":19,"key":"Red Mask"},{"floor":24,"key":"DataDisk"},{"floor":26,"key":"Bag of Preparation"}],"event_choices":[{"event_name":"The Cleric","player_choice":"Card Removal","floor":2.0,"damage_taken":0.0},{"event_name":"Golden Shrine","player_choice":"Pray","floor":5.0,"damage_taken":0.0},{"event_name":"World of Goop","player_choice":"Gather Gold","floor":10.0,"damage_taken":0.0},{"event_name":"The Mausoleum","player_choice":"No","floor":22,"damage_taken":0},{"event_name":"The Joust","player_choice":"Bet on Owner","floor":28,"damage_taken":0},{"event_name":"Golden Shrine","player_choice":"Pray","floor":30,"damage_taken":0}],"boss_relics":[{"not_picked":["Snecko Eye","Runic Dome"],"picked":"Astrolabe"}],"potions_floor_spawned":[1,11,14,16,18,24],"seed_played":"2179461412416082546","killed_by":"Champ","ascension_level":9,"potions_obtained":[{"floor":1.0,"key":"Explosive Potion"},{"floor":11.0,"key":"Explosive Potion"},{"floor":14,"key":"Weak Potion"},{"floor":18,"key":"SteroidPotion"},{"floor":24,"key":"Poison Potion"}],"is_trial":false}