{"gold_per_floor":[112,131,141,106,125,152,169,19,19,19],"floor_reached":10,"playtime":379,"items_purged":[],"score":140,"play_id":"3535ca2c-a213-45ba-af9b-c161464932b0","local_time":"20190727005357","is_ascension_mode":true,"campfire_choices":[],"neow_cost":"NONE","seed_source_timestamp":476256052601588,"circlet_count":0,"master_deck":["AscendersBane","Strike_B","Strike_B","Strike_B","Defend_B","Defend_B","Defend_B","Defend_B","Zap","Dualcast","Hello World","Go for the Eyes","Undo","Beam Cell","Streamline","White Noise","Glacier","Creative AI"],"special_seed":0,"relics":["Cracked Core","Lantern","Molten Egg 2"],"potions_floor_usage":[10,10],"damage_taken":[{"damage":6.0,"enemies":"Cultist","floor":1.0,"turns":3.0},{"damage":14.0,"enemies":"Jaw Worm","floor":2.0,"turns":4.0},{"damage":10.0,"enemies":"2 Louse","floor":3.0,"turns":3.0},{"damage":4.0,"enemies":"Lots of Slimes","floor":5.0,"turns":5.0},{"damage":33.0,"enemies":"3 Sentries","floor":6.0,"turns":7.0},{"damage":3.0,"enemies":"Blue Slaver","floor":7.0,"turns":4.0},{"damage":14,"enemies":"Lagavulin","floor":10,"turns":7}],"seed_played":"7581667445871695488","potions_obtained":[{"floor":3.0,"key":"Weak Potion"},{"floor":6.0,"key":"Explosive Potion"},{"floor":7.0,"key":"Explosive Potion"}],"is_trial":false,"path_per_floor":["M","M","M","?","M","E","M","$","T","E"],"character_chosen":"DEFECT","items_purchased":["Glacier","Creative AI"],"campfire_rested":0,"item_purchase_floors":[8,8],"current_hp_per_floor":[58,44,34,51,47,14,11,11,11,0],"gold":19,"neow_bonus":"TRANSFORM_CARD","is_prod":false,"is_daily":false,"chose_seed":false,"campfire_upgraded":0,"win_rate":0,"timestamp":1564156437,"path_taken":["M","M","M","?","M","E","M","$","T","E"],"build_version":"2019-07-17","purchased_purges":0,"victory":false,"max_hp_per_floor":[71,71,71,71,71,71,71,71,71,71],"card_choices":[{"not_picked":["Blizzard","Hologram"],"picked":"Go for the Eyes","floor":1.0},{"not_picked":["Compile Driver","Stack"],"picked":"Undo","floor":2.0},{"not_picked":["Steam","Lockon"],"picked":"Beam Cell","floor":3.0},{"not_picked":["Skim","Coolheaded"],"picked":"Streamline","floor":5.0},{"not_picked":["Undo","Cold Snap"],"picked":"White Noise","floor":6.0},{"not_picked":["Rebound","Stack","Tempest"],"picked":"SKIP","floor":7.0}],"player_experience":1021724,"relics_obtained":[{"floor":6.0,"key":"Lantern"},{"floor":9.0,"key":"Molten Egg 2"}],"event_choices":[{"damage_healed":17.0,"max_hp_gain":0.0,"max_hp_loss":0.0,"gold_gain":0.0,"event_name":"The Cleric","player_choice":"Healed","floor":4.0,"gold_loss":35.0,"damage_taken":0.0}],"is_beta":false,"boss_relics":[],"items_purged_floors":[],"is_endless":false,"potions_floor_spawned":[3,6,7],"killed_by":"Lagavulin","ascension_level":20}