{"gold_per_floor":[17,34,46,46,46,46,60,60,108,137,102,130,130,144,144,222,222,234,234,19,32,45,45,76,76],"floor_reached":25,"playtime":2404,"items_purged":[],"score":409,"play_id":"44e2680d-ee54-454a-87e4-5154c7def76b","local_time":"20190722131313","is_ascension_mode":true,"campfire_choices":[{"data":"Neutralize","floor":6,"key":"SMITH"},{"data":"Sucker Punch","floor":8,"key":"SMITH"},{"floor":13,"key":"REST"},{"data":"Backflip","floor":15,"key":"SMITH"},{"floor":23,"key":"REST"}],"neow_cost":"NO_GOLD","seed_source_timestamp":231501011212200,"circlet_count":0,"master_deck":["AscendersBane","Strike_G","Strike_G","Strike_G","Strike_G","Defend_G","Defend_G","Defend_G","Defend_G","Survivor","Neutralize+1","Purity","Backflip+1","Bane","Cloak And Dagger","Sucker Punch+1","Cloak And Dagger","Infinite Blades","PiercingWail","Die Die Die","Violence+1","Footwork+1","Flechettes+1","Noxious Fumes","Poisoned Stab","Acrobatics","Dodge and Roll"],"relics":["Ring of the Snake","Orichalcum","Odd Mushroom","Blood Vial","Astrolabe","TwistedFunnel","FossilizedHelix"],"potions_floor_usage":[12,16,18,22,25],"damage_taken":[{"damage":13,"enemies":"Jaw Worm","floor":1,"turns":8},{"damage":7,"enemies":"Small Slimes","floor":2,"turns":5},{"damage":3,"enemies":"Cultist","floor":3,"turns":5},{"damage":7,"enemies":"Lots of Slimes","floor":7,"turns":7},{"damage":16,"enemies":"The Mushroom Lair","floor":10,"turns":6},{"damage":12,"enemies":"3 Sentries","floor":12,"turns":12},{"damage":2,"enemies":"Exordium Wildlife","floor":14,"turns":5},{"damage":30,"enemies":"The Guardian","floor":16,"turns":17},{"damage":20,"enemies":"Shell Parasite","floor":18,"turns":7},{"damage":17,"enemies":"Chosen","floor":21,"turns":7},{"damage":6,"enemies":"Centurion and Healer","floor":22,"turns":7},{"damage":38,"enemies":"Gremlin Leader","floor":24,"turns":7},{"damage":16,"enemies":"Snecko","floor":25,"turns":4}],"seed_played":"1301267825319436146","potions_obtained":[{"floor":10,"key":"SpeedPotion"},{"floor":14,"key":"PowerPotion"},{"floor":16,"key":"Poison Potion"},{"floor":19,"key":"EssenceOfSteel"},{"floor":19,"key":"Ancient Potion"},{"floor":21,"key":"Regen Potion"},{"floor":24,"key":"Fire Potion"}],"is_trial":false,"path_per_floor":["M","M","M","$","?","R","M","R","T","?","?","E","R","M","R","B",null,"M","?","$","M","M","R","E","M"],"character_chosen":"THE_SILENT","items_purchased":["TwistedFunnel"],"campfire_rested":2,"item_purchase_floors":[20],"current_hp_per_floor":[46,39,36,36,36,36,29,29,29,13,29,17,36,36,36,8,52,34,34,34,19,30,49,13,0],"gold":76,"neow_bonus":"RANDOM_COLORLESS_2","is_prod":false,"is_daily":false,"chose_seed":false,"campfire_upgraded":3,"win_rate":0,"timestamp":1563793993,"path_taken":["M","M","M","$","?","R","M","R","T","?","?","E","R","M","R","BOSS","M","?","$","M","?","R","E","M"],"build_version":"2019-07-17","purchased_purges":0,"victory":false,"max_hp_per_floor":[66,66,66,66,66,66,66,66,66,66,66,66,66,66,66,66,66,66,66,66,66,66,66,66,66],"card_choices":[{"not_picked":["PiercingWail","Escape Plan"],"picked":"Backflip","floor":1},{"not_picked":["PiercingWail","Underhanded Strike"],"picked":"Bane","floor":2},{"not_picked":["Distraction","Backflip"],"picked":"Cloak And Dagger","floor":3},{"not_picked":["Dagger Spray","Tactician"],"picked":"Sucker Punch","floor":7},{"not_picked":["Flying Knee","Catalyst"],"picked":"Cloak And Dagger","floor":10},{"not_picked":["Cloak And Dagger","Calculated Gamble"],"picked":"Infinite Blades","floor":12},{"not_picked":["Night Terror","Flying Knee"],"picked":"PiercingWail","floor":14},{"not_picked":["Phantasmal Killer","Unload"],"picked":"Die Die Die","floor":16},{"not_picked":["Deflect","PiercingWail"],"picked":"Noxious Fumes","floor":18},{"not_picked":["Bane","Flechettes"],"picked":"Poisoned Stab","floor":21},{"not_picked":["Outmaneuver+1","Finisher"],"picked":"Acrobatics","floor":22},{"not_picked":["PiercingWail","Quick Slash+1"],"picked":"Dodge and Roll","floor":24}],"player_experience":874077,"relics_obtained":[{"floor":9,"key":"Orichalcum"},{"floor":10,"key":"Odd Mushroom"},{"floor":12,"key":"Blood Vial"},{"floor":24,"key":"FossilizedHelix"}],"event_choices":[{"damage_healed":0,"gold_gain":0,"player_choice":"Ignored","damage_taken":0,"max_hp_gain":0,"max_hp_loss":0,"event_name":"Golden Wing","floor":5,"gold_loss":0},{"damage_healed":0,"gold_gain":0,"player_choice":"Fought Mushrooms","damage_taken":0,"max_hp_gain":0,"max_hp_loss":0,"event_name":"Mushrooms","floor":10,"gold_loss":0},{"damage_healed":16,"gold_gain":0,"player_choice":"Healed","damage_taken":0,"max_hp_gain":0,"max_hp_loss":0,"event_name":"The Cleric","floor":11,"gold_loss":35},{"damage_healed":0,"gold_gain":0,"player_choice":"Got Potions","damage_taken":0,"max_hp_gain":0,"max_hp_loss":0,"event_name":"Lab","floor":19,"gold_loss":0}],"is_beta":false,"boss_relics":[{"not_picked":["Ectoplasm","Busted Crown"],"picked":"Astrolabe"}],"items_purged_floors":[],"is_endless":false,"potions_floor_spawned":[10,14,16,21,24],"killed_by":"Snecko","ascension_level":17}