{"gold_per_floor":[112,112,112,112,130,130,44,69,93,103,103,131,131,163,163,258,258,274,274,293,308,6,6,0,0,81,6,6,6,186,205,205,205],"floor_reached":33,"playtime":1025,"items_purged":["Strike_B"],"score":323,"play_id":"eb3703ef-5ea0-44cd-a6af-b256e0bda747","local_time":"20190716173516","is_ascension_mode":true,"campfire_choices":[{"data":"Melter","floor":6,"key":"SMITH"},{"data":"Discovery","floor":11,"key":"SMITH"},{"data":"Buffer","floor":13,"key":"SMITH"},{"data":"Loop","floor":15,"key":"SMITH"},{"data":"Electrodynamics","floor":23,"key":"SMITH"},{"data":"Skim","floor":25,"key":"SMITH"},{"floor":29,"key":"REST"},{"data":"Discovery","floor":32,"key":"SMITH"}],"neow_cost":"NONE","seed_source_timestamp":428521238643219,"circlet_count":0,"master_deck":["Strike_B","Strike_B","Strike_B","Defend_B","Defend_B","Defend_B","Defend_B","Zap","Dualcast","Chaos+1","Melter+1","Discovery+1","Skim+1","Buffer+1","Loop+1","Electrodynamics+1","Static Discharge+1","BootSequence+1","Shame","Enlightenment","Purity","Discovery+1","Ball Lightning+1"],"relics":["Cracked Core","Strawberry","Vajra","Anchor","Matryoshka","Bag of Preparation","Eternal Feather","Lantern","Oddly Smooth Stone","Potion Belt","Gremlin Horn","PreservedInsect"],"potions_floor_usage":[14,16,16,33,33],"damage_taken":[{"damage":0,"enemies":"Small Slimes","floor":1,"turns":4},{"damage":1,"enemies":"Jaw Worm","floor":5,"turns":3},{"damage":21,"enemies":"3 Sentries","floor":8,"turns":4},{"damage":0,"enemies":"2 Louse","floor":10,"turns":2},{"damage":26,"enemies":"Gremlin Nob","floor":12,"turns":4},{"damage":0,"enemies":"Lagavulin","floor":14,"turns":4},{"damage":15,"enemies":"Hexaghost","floor":16,"turns":9},{"damage":5,"enemies":"Chosen","floor":18,"turns":4},{"damage":15,"enemies":"3 Byrds","floor":20,"turns":3},{"damage":16,"enemies":"Cultist and Chosen","floor":21,"turns":4},{"damage":9,"enemies":"Snake Plant","floor":31,"turns":3},{"damage":48,"enemies":"Automaton","floor":33,"turns":8}],"seed_played":"7131372563683222239","potions_obtained":[{"floor":8,"key":"Weak Potion"},{"floor":12,"key":"Energy Potion"},{"floor":14,"key":"EntropicBrew"},{"floor":20,"key":"Swift Potion"}],"is_trial":false,"path_per_floor":["M","?","?","?","M","R","$","E","T","M","R","E","R","E","R","B",null,"M","?","M","M","$","R","?","R","T","$","?","R","?","M","R","B"],"character_chosen":"DEFECT","items_purchased":["Discovery","Lantern","Oddly Smooth Stone"],"campfire_rested":1,"item_purchase_floors":[7,22,22],"current_hp_per_floor":[82,86,86,91,90,90,90,69,69,69,69,43,43,43,43,28,94,89,89,74,58,58,67,67,76,76,76,76,94,40,31,43,0],"gold":205,"neow_bonus":"TEN_PERCENT_HP_BONUS","is_prod":false,"is_daily":false,"chose_seed":false,"campfire_upgraded":7,"win_rate":0,"timestamp":1563312916,"path_taken":["M","?","?","?","M","R","?","E","T","M","R","E","R","E","R","BOSS","M","?","M","M","$","R","?","R","T","$","?","R","?","M","R","BOSS"],"build_version":"2019-07-05","purchased_purges":1,"victory":false,"max_hp_per_floor":[82,89,89,94,94,94,94,94,94,94,94,94,94,94,94,94,94,94,94,94,94,94,94,94,94,94,94,94,94,94,94,94,94],"card_choices":[{"not_picked":["Rebound","Heatsinks"],"picked":"Chaos","floor":1},{"not_picked":["Steam Power","Recycle"],"picked":"Melter","floor":5},{"not_picked":["Compile Driver","Reprogram","Redo"],"picked":"SKIP","floor":8},{"not_picked":["Sunder","Redo"],"picked":"Skim","floor":10},{"not_picked":["Static Discharge","Barrage"],"picked":"Buffer","floor":12},{"not_picked":["Rebound","Sweeping Beam"],"picked":"Loop","floor":14},{"not_picked":["Rainbow","Machine Learning"],"picked":"Electrodynamics","floor":16},{"not_picked":["Rebound+1","Steam"],"picked":"Static Discharge+1","floor":18},{"not_picked":["Beam Cell","Stack","Steam"],"picked":"SKIP","floor":20},{"not_picked":["Blizzard","Turbo"],"picked":"BootSequence+1","floor":21},{"not_picked":["Steam","Undo"],"picked":"Ball Lightning+1","floor":31}],"player_experience":164272,"relics_obtained":[{"floor":8,"key":"Vajra"},{"floor":9,"key":"Anchor"},{"floor":12,"key":"Matryoshka"},{"floor":14,"key":"Bag of Preparation"},{"floor":26,"key":"Potion Belt"},{"floor":26,"key":"Gremlin Horn"}],"event_choices":[{"damage_healed":0,"gold_gain":0,"player_choice":"Success","damage_taken":3,"relics_obtained":["Strawberry"],"max_hp_gain":0,"max_hp_loss":0,"event_name":"Scrap Ooze","floor":2,"gold_loss":0},{"damage_healed":0,"gold_gain":0,"player_choice":"Grow","damage_taken":0,"max_hp_gain":0,"max_hp_loss":0,"event_name":"Living Wall","floor":3,"gold_loss":0,"cards_upgraded":["Chaos"]},{"damage_healed":0,"gold_gain":0,"player_choice":"Donut","damage_taken":0,"max_hp_gain":5,"max_hp_loss":0,"event_name":"Big Fish","floor":4,"gold_loss":0},{"damage_healed":0,"gold_gain":0,"player_choice":"Ignored","damage_taken":0,"max_hp_gain":0,"max_hp_loss":0,"event_name":"Ghosts","floor":19,"gold_loss":0},{"damage_healed":0,"gold_gain":0,"player_choice":"Paid Fearfully","damage_taken":0,"max_hp_gain":0,"max_hp_loss":0,"event_name":"Masked Bandits","floor":24,"gold_loss":6},{"damage_healed":0,"gold_gain":0,"player_choice":"Stole Relic","damage_taken":0,"relics_obtained":["PreservedInsect"],"max_hp_gain":0,"max_hp_loss":0,"event_name":"Addict","floor":28,"gold_loss":0,"cards_obtained":["Shame"]},{"damage_healed":0,"gold_gain":180,"player_choice":"CARD GOLD CARD CARD GOLD ","damage_taken":54,"max_hp_gain":0,"max_hp_loss":0,"event_name":"Knowing Skull","floor":30,"potions_obtained":[],"gold_loss":0,"cards_obtained":["Enlightenment","Purity","Discovery"]}],"is_beta":false,"boss_relics":[{"not_picked":["Snecko Eye","Runic Pyramid"],"picked":"Eternal Feather"}],"items_purged_floors":[27],"is_endless":false,"potions_floor_spawned":[8,12,14,20,21],"killed_by":"Automaton","ascension_level":1}