{"gold_per_floor":[119,139,139,151,151,151,38,49,76,76,90,90],"floor_reached":12,"playtime":299,"items_purged":["Defend_B"],"score":116,"play_id":"0c40cfb7-7389-4a7c-91ef-cae695780ced","local_time":"20190112061129","is_ascension_mode":true,"campfire_choices":[{"data":"Fission","floor":6,"key":"SMITH"},{"data":"Redo","floor":10,"key":"SMITH"}],"neow_cost":"NONE","seed_source_timestamp":419892206557921,"circlet_count":0,"master_deck":["AscendersBane","Strike_B","Strike_B","Defend_B","Defend_B","Defend_B","Zap+1","Dualcast","Fission+1","Redo+1","Capacitor","Barrage","Self Repair","Coolheaded"],"relics":["Cracked Core","Potion Belt"],"potions_floor_usage":[12],"damage_taken":[{"damage":1,"enemies":"2 Louse","floor":1,"turns":3},{"damage":0,"enemies":"Cultist","floor":2,"turns":3},{"damage":7,"enemies":"Jaw Worm","floor":4,"turns":3},{"damage":26,"enemies":"Large Slime","floor":8,"turns":6},{"damage":32,"enemies":"Exordium Wildlife","floor":11,"turns":4},{"damage":10,"enemies":"3 Sentries","floor":12,"turns":1}],"seed_played":"390076317123631073","potions_obtained":[{"floor":2,"key":"Strength Potion"}],"is_trial":false,"path_per_floor":["M","M","?","M","?","R","$","M","T","R","M","E"],"character_chosen":"DEFECT","items_purchased":["Self Repair"],"campfire_rested":0,"item_purchase_floors":[7],"current_hp_per_floor":[67,67,67,60,53,53,53,34,34,34,9,0],"gold":90,"neow_bonus":"TRANSFORM_CARD","is_prod":false,"is_daily":false,"chose_seed":false,"campfire_upgraded":2,"win_rate":0,"timestamp":1547269889,"path_taken":["M","M","?","?","?","R","$","M","T","R","M","E"],"build_version":"2019-01-10","purchased_purges":1,"victory":false,"max_hp_per_floor":[75,75,75,75,75,75,75,75,75,75,75,75],"card_choices":[{"not_picked":["Go for the Eyes","Hologram"],"picked":"Redo","floor":1},{"not_picked":["Turbo","Steam"],"picked":"Capacitor","floor":2},{"not_picked":["Stack","Cold Snap"],"picked":"Barrage","floor":4},{"not_picked":["Gash","Chaos"],"picked":"Coolheaded","floor":8},{"not_picked":["Blizzard","Static Discharge","Cold Snap"],"picked":"SKIP","floor":11}],"player_experience":701938,"relics_obtained":[{"floor":9,"key":"Potion Belt"}],"event_choices":[{"damage_healed":0,"gold_gain":0,"player_choice":"Forge","damage_taken":0,"max_hp_gain":0,"max_hp_loss":0,"event_name":"Accursed Blacksmith","floor":3,"gold_loss":0,"cards_upgraded":["Zap"]},{"cards_removed":["Strike_B"],"damage_healed":0,"gold_gain":0,"player_choice":"Card Removal","damage_taken":7,"max_hp_gain":0,"max_hp_loss":0,"event_name":"Golden Wing","floor":5,"gold_loss":0}],"is_beta":false,"boss_relics":[],"items_purged_floors":[7],"is_endless":false,"potions_floor_spawned":[2],"killed_by":"3 Sentries","ascension_level":13}