{"gold_per_floor":[114,128,138,27,27,58,58,58,58,58,85,101,101,117,117,193,193,210,225,237,58,78,108,108,108],"floor_reached":25,"playtime":905,"items_purged":[],"score":516,"play_id":"16ec22c7-1369-421c-9c5b-f6e338ac4b8b","local_time":"20190723222629","is_ascension_mode":true,"campfire_choices":[{"floor":7.0,"key":"REST"},{"data":"Corruption","floor":10.0,"key":"SMITH"},{"data":"Disarm","floor":13.0,"key":"SMITH"},{"data":"Bash","floor":15.0,"key":"SMITH"},{"data":"Flame Barrier","floor":24,"key":"SMITH"}],"neow_cost":"NONE","seed_source_timestamp":367203319201855,"circlet_count":0,"master_deck":["AscendersBane","Strike_R","Strike_R","Strike_R","Strike_R","Defend_R","Defend_R","Defend_R","Defend_R","Bash+1","Headbutt","Sword Boomerang","Carnage","Corruption+1","Shrug It Off","Ghostly Armor","Clash+1","Disarm+1","Twin Strike+1","Inflame+1","Immolate+1","Heavy Blade+1","Flame Barrier+1","Limit Break","Metallicize+1","Second Wind"],"special_seed":0,"relics":["Burning Blood","Molten Egg 2","Dream Catcher","Frozen Egg 2","Pantograph","Coffee Dripper","Pear"],"potions_floor_usage":[23,25],"damage_taken":[{"damage":7.0,"enemies":"Cultist","floor":1.0,"turns":4.0},{"damage":17.0,"enemies":"Small Slimes","floor":2.0,"turns":4.0},{"damage":9.0,"enemies":"2 Louse","floor":3.0,"turns":2.0},{"damage":32.0,"enemies":"Gremlin Nob","floor":6.0,"turns":4.0},{"damage":0.0,"enemies":"3 Sentries","floor":11.0,"turns":6.0},{"damage":15.0,"enemies":"Gremlin Gang","floor":12.0,"turns":4.0},{"damage":9.0,"enemies":"Large Slime","floor":14.0,"turns":5.0},{"damage":5.0,"enemies":"The Guardian","floor":16.0,"turns":13.0},{"damage":26.0,"enemies":"3 Byrds","floor":18.0,"turns":5.0},{"damage":10,"enemies":"Spheric Guardian","floor":19,"turns":4},{"damage":0,"enemies":"Snecko","floor":20,"turns":2},{"damage":13,"enemies":"3 Cultists","floor":22,"turns":5},{"damage":65,"enemies":"Slavers","floor":23,"turns":4},{"damage":25,"enemies":"Book of Stabbing","floor":25,"turns":4}],"seed_played":"-1725748182389601968","potions_obtained":[{"floor":3.0,"key":"EntropicBrew"},{"floor":6.0,"key":"Strength Potion"},{"floor":11.0,"key":"Regen Potion"},{"floor":12.0,"key":"Dexterity Potion"},{"floor":16.0,"key":"BloodPotion"}],"is_trial":false,"path_per_floor":["M","M","M","$","?","E","R","?","T","R","E","M","R","M","R","B",null,"M","M","M","$","M","E","R","E"],"character_chosen":"IRONCLAD","items_purchased":["Corruption","Shrug It Off","Limit Break"],"campfire_rested":1,"item_purchase_floors":[4,4,21],"current_hp_per_floor":[74,63,60,60,42,16,40,40,40,40,46,37,37,34,34,60,77,57,53,59,59,52,23,23,0],"gold":108,"neow_bonus":"TEN_PERCENT_HP_BONUS","is_prod":false,"is_daily":false,"chose_seed":false,"campfire_upgraded":4,"win_rate":0,"timestamp":1563888389,"path_taken":["M","M","M","$","?","E","R","?","T","R","E","M","R","M","R","BOSS","M","M","M","$","?","E","R","E"],"build_version":"2019-07-17","purchased_purges":0,"victory":false,"max_hp_per_floor":[82,82,82,82,82,82,82,82,82,82,82,82,82,82,82,82,82,82,82,82,82,82,92,92,92],"card_choices":[{"not_picked":["Twin Strike","Clothesline"],"picked":"Headbutt","floor":1.0},{"not_picked":["Clothesline","Wild Strike"],"picked":"Sword Boomerang","floor":2.0},{"not_picked":["Warcry","Blood for Blood"],"picked":"Carnage","floor":3.0},{"not_picked":["Fiend Fire+1","Sever Soul+1"],"picked":"Ghostly Armor","floor":6.0},{"not_picked":["Blood for Blood+1","Dropkick+1"],"picked":"Clash+1","floor":7.0},{"not_picked":["Armaments","Blood for Blood+1"],"picked":"Disarm","floor":11.0},{"not_picked":["Wild Strike+1","Armaments"],"picked":"Twin Strike+1","floor":12.0},{"not_picked":["Wild Strike+1","Sword Boomerang+1"],"picked":"Inflame+1","floor":14.0},{"not_picked":["Double Tap","Bludgeon+1"],"picked":"Immolate+1","floor":16.0},{"not_picked":["Ghostly Armor","Pummel+1"],"picked":"Heavy Blade+1","floor":18.0},{"not_picked":["Anger+1","Armaments","Heavy Blade+1"],"picked":"SKIP","floor":19},{"not_picked":["Warcry","Fire Breathing+1"],"picked":"Flame Barrier","floor":20},{"not_picked":["Disarm","Power Through"],"picked":"Metallicize+1","floor":22},{"not_picked":["Disarm","Burning Pact"],"picked":"Second Wind","floor":23}],"player_experience":1010857,"relics_obtained":[{"floor":6.0,"key":"Dream Catcher"},{"floor":9.0,"key":"Frozen Egg 2"},{"floor":11.0,"key":"Pantograph"},{"floor":23,"key":"Pear"}],"event_choices":[{"damage_healed":0.0,"max_hp_gain":0.0,"max_hp_loss":0.0,"gold_gain":0.0,"event_name":"Scrap Ooze","player_choice":"Success","floor":5.0,"gold_loss":0.0,"damage_taken":18.0,"relics_obtained":["Molten Egg 2"]},{"cards_removed":["Strike_R"],"damage_healed":0.0,"max_hp_gain":0.0,"max_hp_loss":0.0,"gold_gain":0.0,"event_name":"Purifier","player_choice":"Purged","floor":8.0,"gold_loss":0.0,"damage_taken":0.0}],"is_beta":false,"boss_relics":[{"not_picked":["Black Star","Philosopher\u0027s Stone"],"picked":"Coffee Dripper"}],"items_purged_floors":[],"is_endless":false,"potions_floor_spawned":[3,6,11,12,16,19,20],"killed_by":"Book of Stabbing","ascension_level":20}