{"gold_per_floor":[10,10,26,26,38,38,54,54,54,81,81,96,96,96,96,197,197,214,214,129,0,13,13,13,26,79,79,93,93,43,61,61,61],"floor_reached":33,"playtime":1156,"items_purged":["Strike_B"],"score":364,"play_id":"b4f0d319-3837-4bbe-a561-ee0e1fa41fdb","local_time":"20180809004924","is_ascension_mode":true,"campfire_choices":[{"data":"Zap","floor":6.0,"key":"SMITH"},{"data":"Turbo","floor":8.0,"key":"SMITH"},{"floor":11.0,"key":"REST"},{"data":"Dualcast","floor":13,"key":"SMITH"},{"floor":15,"key":"REST"},{"data":"Redo","floor":23,"key":"SMITH"},{"data":"Coolheaded","floor":27,"key":"SMITH"},{"data":"Multi-Cast","floor":29,"key":"SMITH"},{"floor":32,"key":"REST"}],"neow_cost":"NO_GOLD","seed_source_timestamp":479526071387013,"circlet_count":0,"master_deck":["Strike_B","Strike_B","Strike_B+1","Defend_B","Defend_B","Defend_B","Defend_B","Zap+1","Dualcast+1","AscendersBane","Rainbow+1","Glacier+1","Turbo+1","Compile Driver","Multi-Cast+1","Conserve Battery","Coolheaded+1","Redo+1","Steam"],"special_seed":0,"relics":["Cracked Core","Blue Candle","Odd Mushroom","Sozu","Gambling Chip","Torii","Pen Nib"],"potions_floor_usage":[16,16,25],"damage_taken":[{"damage":5.0,"enemies":"Jaw Worm","floor":1.0,"turns":3.0},{"damage":5.0,"enemies":"Small Slimes","floor":3.0,"turns":4.0},{"damage":1.0,"enemies":"Cultist","floor":5.0,"turns":3.0},{"damage":10.0,"enemies":"Gremlin Gang","floor":7.0,"turns":6.0},{"damage":17.0,"floor":10.0,"turns":5.0},{"damage":5,"enemies":"Blue Slaver","floor":12,"turns":3},{"damage":12,"enemies":"Slime Boss","floor":16,"turns":10},{"damage":5,"enemies":"Chosen","floor":18,"turns":4},{"damage":4,"enemies":"3 Byrds","floor":22,"turns":3},{"damage":1,"enemies":"3 Cultists","floor":25,"turns":5},{"damage":15,"enemies":"Snake Plant","floor":28,"turns":4},{"damage":23,"enemies":"Chosen and Byrds","floor":31,"turns":9},{"damage":52,"enemies":"Collector","floor":33,"turns":6}],"seed_played":"-4621050143032364753","potions_obtained":[{"floor":10.0,"key":"AttackPotion"},{"floor":12,"key":"AttackPotion"},{"floor":16,"key":"SkillPotion"}],"is_trial":false,"path_per_floor":["M","?","M","$","M","R","M","R","T","?","R","M","R","?","R","B",null,"M","?","?","$","M","R","?","M","T","R","M","R","?","M","R"],"character_chosen":"DEFECT","items_purchased":["Coolheaded"],"campfire_rested":3,"item_purchase_floors":[21],"current_hp_per_floor":[63,48,43,43,42,42,32,32,32,15,37,32,32,32,54,42,67,62,62,62,62,58,58,58,57,57,57,42,42,42,19,41,0],"gold":61,"neow_bonus":"THREE_RARE_CARDS","is_prod":false,"is_daily":false,"chose_seed":false,"campfire_upgraded":6,"win_rate":0,"timestamp":1533768564,"path_taken":["M","?","M","$","?","R","M","R","T","?","R","?","R","?","R","BOSS","M","?","?","$","M","R","?","M","T","R","M","R","?","M","R","BOSS"],"build_version":"2018-08-02","purchased_purges":1,"victory":false,"max_hp_per_floor":[75,75,75,75,75,75,75,75,75,75,75,75,75,75,75,75,75,75,75,75,75,75,75,75,75,75,75,75,75,75,75,75,75],"card_choices":[{"not_picked":["Biased Cognition","Amplify"],"picked":"Rainbow","floor":0.0},{"not_picked":["Redo","Rebound"],"picked":"Glacier","floor":1.0},{"not_picked":["Melter","Cold Snap"],"picked":"Turbo","floor":3.0},{"not_picked":["Doom and Gloom","Turbo","Glacier"],"picked":"SKIP","floor":5.0},{"not_picked":["Double Energy","Gash","Aggregate"],"picked":"SKIP","floor":7.0},{"not_picked":["Consume","Leap"],"picked":"Compile Driver","floor":10.0},{"not_picked":["Aggregate","Chill","Beam Cell"],"picked":"SKIP","floor":12},{"not_picked":["Thunder Strike","All For One"],"picked":"Multi-Cast","floor":16},{"not_picked":["Ball Lightning","Chaos+1"],"picked":"Conserve Battery","floor":18},{"not_picked":["Cold Snap","Streamline"],"picked":"Redo","floor":22},{"not_picked":["Barrage","Streamline"],"picked":"Steam","floor":25},{"not_picked":["Fusion","Leap","Darkness"],"picked":"SKIP","floor":28},{"not_picked":["Sweeping Beam","Rebound","Steam"],"picked":"SKIP","floor":31}],"player_experience":607172,"relics_obtained":[{"floor":9.0,"key":"Blue Candle"},{"floor":10.0,"key":"Odd Mushroom"},{"floor":26,"key":"Pen Nib"}],"event_choices":[{"event_name":"Shining Light","player_choice":"Entered Light","floor":2.0,"damage_taken":0.0},{"event_name":"Mushrooms","player_choice":"Fought Mushrooms","floor":10.0,"damage_taken":0.0},{"event_name":"Upgrade Shrine","player_choice":"Upgraded","floor":14,"damage_taken":0},{"event_name":"The Mausoleum","player_choice":"Yes","floor":19,"damage_taken":0},{"event_name":"Addict","player_choice":"Obtained Relic","floor":20,"damage_taken":0},{"event_name":"The Lab","player_choice":"Got Potions","floor":24,"damage_taken":0},{"event_name":"The Joust","player_choice":"Bet on Murderer","floor":30,"damage_taken":0}],"is_beta":false,"boss_relics":[{"not_picked":["Snecko Eye","Lizard Tail"],"picked":"Sozu"}],"items_purged_floors":[21],"is_endless":false,"potions_floor_spawned":[10,12,16,18,28],"killed_by":"Collector","ascension_level":11}