{"gold_per_floor":[119,194,30,43,43,43,56,56,79,89,102,102,114,134,134,134],"floor_reached":16,"playtime":628,"items_purged":[],"score":188,"play_id":"14ff75e2-9b17-45d0-8ee2-e956d834a98c","local_time":"20190227165754","is_ascension_mode":true,"campfire_choices":[{"data":"Rampage","floor":6.0,"key":"SMITH"},{"data":"True Grit","floor":8.0,"key":"SMITH"},{"data":"Bash","floor":12,"key":"SMITH"},{"data":"Pommel Strike","floor":15,"key":"SMITH"}],"neow_cost":"NONE","seed_source_timestamp":68111411205556,"circlet_count":0,"master_deck":["AscendersBane","Strike_R","Strike_R","Strike_R","Strike_R","Defend_R","Defend_R","Defend_R","Defend_R","Bash+1","Combust","Rampage+1","True Grit+1","Power Through","Pommel Strike+1"],"special_seed":0,"relics":["Burning Blood","Ancient Tea Set","Vajra","Oddly Smooth Stone"],"potions_floor_usage":[16],"damage_taken":[{"damage":6.0,"enemies":"2 Louse","floor":1.0,"turns":4.0},{"damage":9.0,"enemies":"Small Slimes","floor":4.0,"turns":3.0},{"damage":8.0,"enemies":"Cultist","floor":7.0,"turns":3.0},{"damage":3,"enemies":"Blue Slaver","floor":10,"turns":5},{"damage":0,"enemies":"Exordium Wildlife","floor":11,"turns":3},{"damage":12,"enemies":"Lots of Slimes","floor":13,"turns":3},{"damage":8,"enemies":"3 Louse","floor":14,"turns":4},{"damage":55,"enemies":"Hexaghost","floor":16,"turns":9}],"seed_played":"7562522110293134423","potions_obtained":[{"floor":10,"key":"Energy Potion"},{"floor":11,"key":"SkillPotion"},{"floor":14,"key":"Swift Potion"}],"is_trial":false,"path_per_floor":["M","?","$","M","?","R","M","R","T","M","M","R","M","M","R","B"],"character_chosen":"IRONCLAD","items_purchased":["Vajra"],"campfire_rested":0,"item_purchase_floors":[3],"current_hp_per_floor":[68,57,57,54,54,54,52,52,52,55,61,61,55,53,53,0],"gold":134,"neow_bonus":"RANDOM_COMMON_RELIC","is_prod":false,"is_daily":false,"chose_seed":false,"campfire_upgraded":4,"win_rate":0,"timestamp":1551283074,"path_taken":["M","?","$","M","?","R","M","R","T","M","?","R","M","M","R","BOSS"],"build_version":"2019-01-23","purchased_purges":0,"victory":false,"max_hp_per_floor":[75,75,75,75,75,75,75,75,75,75,75,75,75,75,75,75],"card_choices":[{"not_picked":["Wild Strike","Sword Boomerang"],"picked":"Combust","floor":1.0},{"not_picked":["Searing Blow","Warcry"],"picked":"Rampage","floor":4.0},{"not_picked":["Evolve","Clash"],"picked":"True Grit","floor":7.0},{"not_picked":["Inflame","Corruption"],"picked":"Power Through","floor":10},{"not_picked":["Havoc","Pommel Strike","Reckless Charge"],"picked":"SKIP","floor":11},{"not_picked":["True Grit","Pommel Strike","Warcry"],"picked":"SKIP","floor":13},{"not_picked":["Disarm","Whirlwind"],"picked":"Pommel Strike","floor":14}],"player_experience":910223,"relics_obtained":[{"floor":9.0,"key":"Oddly Smooth Stone"}],"event_choices":[{"damage_healed":0.0,"max_hp_gain":0.0,"max_hp_loss":0.0,"gold_gain":75.0,"event_name":"World of Goop","player_choice":"Gather Gold","floor":2.0,"gold_loss":0.0,"damage_taken":11.0},{"cards_removed":["Strike_R"],"damage_healed":0.0,"max_hp_gain":0.0,"max_hp_loss":0.0,"gold_gain":0.0,"event_name":"Purifier","player_choice":"Purged","floor":5.0,"gold_loss":0.0,"damage_taken":0.0}],"is_beta":false,"boss_relics":[],"items_purged_floors":[],"is_endless":false,"potions_floor_spawned":[10,11,14],"killed_by":"Hexaghost","ascension_level":20}