{"path_per_floor":["M","?","?","?","T","E","R","E","T","M","?","M","M","M","R","B",null,"M","?","?","$","M","R","E","R","T","R","E","?","M","?","R","B",null,"M","?","$","M","M","R","E","R","T","M","?","E","M","$","R","B"],"character_chosen":"IRONCLAD","items_purchased":["Toxic Egg 2","Battle Trance","Molten Egg 2","Barricade"],"gold_per_floor":[117,117,117,117,144,176,176,209,235,252,252,271,291,309,309,414,414,424,424,424,92,103,103,136,136,136,136,171,171,182,182,182,277,277,297,297,58,76,94,94,128,128,128,143,143,174,194,40,40,40],"floor_reached":51,"campfire_rested":5,"playtime":4415,"current_hp_per_floor":[66,66,59,59,59,23,44,44,44,41,41,49,52,52,52,30,72,72,56,56,56,57,57,47,68,68,68,60,60,69,69,69,38,72,72,72,72,72,48,69,29,50,64,55,45,47,40,40,65,31],"items_purged":[],"gold":40,"play_id":"77b7e015-d564-4faf-a068-801c6c1a00b5","is_prod":false,"is_daily":false,"is_ascension_mode":false,"campfire_upgraded":4,"path_taken":["M","?","?","?","?","E","R","E","T","?","?","M","M","M","R","BOSS","M","?","?","$","M","R","E","R","T","R","E","?","M","?","R","BOSS","M","?","$","M","M","R","E","R","T","M","?","E","?","$","R","BOSS"],"build_version":"2018-02-01-PROD3","purchased_purges":3,"victory":true,"master_deck":["Strike_R+1","Strike_R+1","Strike_R+1","Strike_R+1","Defend_R+1","Defend_R+1","Defend_R+1","Bash+1","Flame Barrier+1","Shockwave+1","Pummel+1","Thunderclap+1","Headbutt+1","Necronomicurse","Fire Breathing+1","Battle Trance+1","Shrug It Off+1","Warcry+1","Double Tap+1","Flex+1","Offering+1","Metallicize+1","Madness+1","Madness+1","Heavy Blade+1","Barricade"],"max_hp_per_floor":[72,72,72,72,72,72,72,72,72,72,72,72,72,72,72,72,72,72,72,72,72,72,72,72,72,72,72,72,72,72,72,72,72,72,72,72,72,72,72,72,72,72,86,86,86,86,86,86,86,86],"relics":["Burning Blood","Calipers","Pen Nib","Self Forming Clay","Bottled Flame","Blood Vial","Velvet Choker","Necronomicon","Toxic Egg 2","Mercury Hourglass","Bird Faced Urn","Orichalcum","Question Card","Molten Egg 2","Happy Flower","Mango","Ancient Tea Set"],"card_choices":[{"not_picked":["Sword Boomerang","Corruption"],"picked":"Flame Barrier"},{"not_picked":["Shrug It Off","Corruption"],"picked":"Shockwave"},{"not_picked":["Anger","Reckless Charge"],"picked":"Pummel"},{"not_picked":["Uppercut","Sword Boomerang"],"picked":"Thunderclap"},{"not_picked":["Shrug It Off","Metallicize"],"picked":"Headbutt"},{"not_picked":["Double Tap","Barricade"],"picked":"Limit Break"},{"not_picked":["Rampage","Heavy Blade"],"picked":"Shrug It Off"},{"not_picked":["Evolve","Heavy Blade"],"picked":"Warcry"},{"not_picked":["Fiend Fire","Limit Break"],"picked":"Double Tap"},{"not_picked":["Cleave","Rupture","Perfected Strike"],"picked":"Flex"},{"not_picked":["Clash","Warcry","Sever Soul"],"picked":"Offering"},{"not_picked":["Shockwave","Body Slam","Sword Boomerang"],"picked":"Metallicize"},{"not_picked":["Shockwave","Flame Barrier","Sword Boomerang"],"picked":"Heavy Blade"}],"player_experience":63920,"potions_floor_usage":[8,16,28,33,35,46,50,50,50],"damage_taken":[{"damage":12,"enemies":"Small Slimes","floor":1,"turns":3},{"damage":42,"enemies":"Gremlin Nob","floor":6,"turns":6},{"damage":6,"enemies":"3 Sentries","floor":8,"turns":8},{"damage":11,"enemies":"Blue Slaver","floor":10,"turns":4},{"damage":0,"enemies":"2 Louse","floor":12,"turns":3},{"damage":5,"enemies":"Lots of Slimes","floor":13,"turns":4},{"damage":8,"enemies":"2 Fungi Beasts","floor":14,"turns":4},{"damage":30,"enemies":"Slime Boss","floor":16,"turns":11},{"damage":5,"enemies":"Shell Parasite","floor":18,"turns":7},{"damage":7,"enemies":"Spheric Guardian","floor":22,"turns":4},{"damage":18,"enemies":"Gremlin Leader","floor":24,"turns":6},{"damage":18,"enemies":"Slavers","floor":28,"turns":5},{"damage":1,"enemies":"Snake Plant","floor":30,"turns":4},{"damage":40,"enemies":"Champ","floor":33,"turns":11},{"damage":1,"enemies":"3 Darklings","floor":35,"turns":3},{"damage":4,"enemies":"Orb Walker","floor":38,"turns":3},{"damage":30,"enemies":"Maw","floor":39,"turns":6},{"damage":50,"enemies":"2 Orb Walkers","floor":41,"turns":6},{"damage":19,"enemies":"3 Darklings","floor":44,"turns":3},{"damage":10,"enemies":"Nemesis","floor":46,"turns":4},{"damage":19,"enemies":"4 Shapes","floor":47,"turns":4},{"damage":48,"enemies":"Awakened One","floor":50,"turns":13}],"event_choices":[{"event_name":"Upgrade Shrine","player_choice":"Upgraded","floor":2,"damage_taken":0},{"event_name":"Golden Wing","player_choice":"Card Removal","floor":3,"damage_taken":0},{"event_name":"Accursed Blacksmith","player_choice":"Forge","floor":4,"damage_taken":0},{"event_name":"The Woman in Blue","player_choice":"Bought 0 Potions","floor":11,"damage_taken":0},{"event_name":"Cursed Tome","player_choice":"Obtained Book","floor":19,"damage_taken":0},{"event_name":"Transmorgrifier","player_choice":"Transform","floor":20,"damage_taken":0},{"event_name":"Upgrade Shrine","player_choice":"Upgraded","floor":29,"damage_taken":0},{"event_name":"Back to Basics","player_choice":"Simplicity","floor":31,"damage_taken":0},{"event_name":"Winding Halls","player_choice":"Embrace Madness","floor":45,"damage_taken":0}],"boss_relics":[{"not_picked":["Black Star","Black Blood"],"picked":"Velvet Choker"},{"not_picked":["Lizard Tail","Eternal Feather"],"picked":"Question Card"}],"potions_floor_spawned":[1,8,14,16,24,30,33,39,41,47],"seed_played":"-7116514560135248125","ascension_level":0,"is_trial":false}