{"gold_per_floor":[115,115,115,1,17,42,54,54,54,54,83,97,97,116,116,190,190,208,1,16,16],"floor_reached":21,"playtime":854,"items_purged":["Strike_G","Strike_G"],"score":407,"play_id":"d006cc6b-e329-404c-a85a-06f8a07e6928","local_time":"20190219174648","is_ascension_mode":true,"campfire_choices":[{"data":"Neutralize","floor":8,"key":"SMITH"},{"data":"Noxious Fumes","floor":10,"key":"SMITH"},{"data":"Calculated Gamble","floor":13,"key":"SMITH"},{"data":"Well Laid Plans","floor":15,"key":"SMITH"}],"neow_cost":"NONE","seed_source_timestamp":1172648825186835,"circlet_count":0,"master_deck":["AscendersBane","Defend_G","Defend_G","Defend_G","Defend_G","Defend_G","Strike_G","Strike_G","Survivor","Neutralize+1","Dagger Spray","Infinite Blades","Deflect","Calculated Gamble+1","Noxious Fumes+1","Backflip","Well Laid Plans+1","Corpse Explosion","Slice+1","Poisoned Stab+1","Deadly Poison","Backflip"],"relics":["Ring of the Snake","NeowsBlessing","Ancient Tea Set","Molten Egg 2","Shuriken","Coffee Dripper"],"potions_floor_usage":[11,20],"damage_taken":[{"damage":0,"enemies":"Jaw Worm","floor":1,"turns":1},{"damage":0,"enemies":"Cultist","floor":5,"turns":1},{"damage":0,"enemies":"Gremlin Nob","floor":6,"turns":2},{"damage":1,"enemies":"Small Slimes","floor":7,"turns":4},{"damage":28,"enemies":"Lagavulin","floor":11,"turns":8},{"damage":0,"enemies":"Exordium Wildlife","floor":12,"turns":4},{"damage":10,"enemies":"Large Slime","floor":14,"turns":4},{"damage":18,"enemies":"The Guardian","floor":16,"turns":11},{"damage":20,"enemies":"Spheric Guardian","floor":18,"turns":7},{"damage":20,"enemies":"2 Thieves","floor":20,"turns":4},{"damage":13,"enemies":"Shelled Parasite and Fungi","floor":21,"turns":2}],"seed_played":"7890730239467743918","potions_obtained":[{"floor":5,"key":"Weak Potion"},{"floor":11,"key":"Weak Potion"},{"floor":14,"key":"AttackPotion"}],"is_trial":false,"path_per_floor":["M","?","?","$","M","E","M","R","T","R","E","M","R","M","R","B",null,"M","$","M","M"],"character_chosen":"THE_SILENT","items_purchased":["Infinite Blades","Poisoned Stab+1","Deadly Poison"],"campfire_rested":0,"item_purchase_floors":[4,19,19],"current_hp_per_floor":[59,59,59,59,59,59,58,58,58,58,30,30,30,20,20,2,50,30,30,10,0],"gold":16,"neow_bonus":"THREE_ENEMY_KILL","is_prod":false,"is_daily":false,"chose_seed":false,"campfire_upgraded":4,"win_rate":0,"timestamp":1550594808,"path_taken":["M","?","?","?","M","E","M","R","T","R","E","M","R","M","R","BOSS","M","?","M","?"],"build_version":"2019-01-23","purchased_purges":2,"victory":false,"max_hp_per_floor":[66,66,66,66,66,66,66,66,66,66,66,66,66,66,66,66,66,66,66,66,66],"card_choices":[{"not_picked":["Sucker Punch","Catalyst"],"picked":"Dagger Spray","floor":1},{"not_picked":["Caltrops","Reflex"],"picked":"Deflect","floor":5},{"not_picked":["Calculated Gamble","Quick Slash","Distraction"],"picked":"SKIP","floor":6},{"not_picked":["Quick Slash","Distraction"],"picked":"Calculated Gamble","floor":6},{"not_picked":["Flechettes","Underhanded Strike"],"picked":"Noxious Fumes","floor":7},{"not_picked":["Deflect","Acrobatics"],"picked":"Backflip","floor":11},{"not_picked":["Underhanded Strike+1","Dagger Throw+1","Dagger Spray+1"],"picked":"SKIP","floor":12},{"not_picked":["Doppelganger","Dodge and Roll"],"picked":"Well Laid Plans","floor":14},{"not_picked":["Die Die Die+1","Phantasmal Killer"],"picked":"Corpse Explosion","floor":16},{"not_picked":["Dodge and Roll","Skewer+1"],"picked":"Slice+1","floor":18},{"not_picked":["Cloak And Dagger","Dagger Spray+1"],"picked":"Backflip","floor":20}],"player_experience":824874,"relics_obtained":[{"floor":6,"key":"Ancient Tea Set"},{"floor":9,"key":"Molten Egg 2"},{"floor":11,"key":"Shuriken"}],"event_choices":[{"damage_healed":0,"gold_gain":0,"player_choice":"Ignored","damage_taken":0,"max_hp_gain":0,"max_hp_loss":0,"event_name":"Golden Idol","floor":2,"gold_loss":0},{"cards_removed":["Strike_G"],"damage_healed":0,"gold_gain":0,"player_choice":"Forget","damage_taken":0,"max_hp_gain":0,"max_hp_loss":0,"event_name":"Living Wall","floor":3,"gold_loss":0}],"is_beta":false,"boss_relics":[{"not_picked":["Velvet Choker","Runic Dome"],"picked":"Coffee Dripper"}],"items_purged_floors":[4,19],"is_endless":false,"potions_floor_spawned":[5,11,14,16,18],"killed_by":"Shelled Parasite and Fungi","ascension_level":18}