{"gold_per_floor":[113,113,129,145,145,170,185,185,185,210,220,237,237,257,257,356,356,356,311,196,196,196,196,196,196,196,196,196,196,196,2,2,2,2,2,2,2,2,2,2,2,2,2,2,2,2,2,2,2,2],"floor_reached":51,"playtime":6454,"items_purged":["Strike_R","Strike_R"],"score":1147,"play_id":"a8f9fd92-e298-4f78-90c4-f8c2325d4e14","local_time":"20190724222346","is_ascension_mode":true,"campfire_choices":[{"data":"Uppercut","floor":8.0,"key":"SMITH"},{"data":"Shockwave","floor":13.0,"key":"SMITH"},{"data":"Shrug It Off","floor":15.0,"key":"SMITH"},{"data":"Limit Break","floor":24.0,"key":"SMITH"},{"data":"Flame Barrier","floor":27.0,"key":"SMITH"},{"data":"Offering","floor":32,"key":"SMITH"},{"data":"True Grit","floor":40,"key":"SMITH"},{"data":"Battle Trance","floor":46,"key":"SMITH"},{"data":"Corruption","floor":49,"key":"SMITH"}],"neow_cost":"NONE","seed_source_timestamp":1189372503174400,"circlet_count":0,"master_deck":["AscendersBane","Strike_R","Strike_R","Strike_R","Defend_R","Defend_R","Defend_R","Defend_R","Bash+1","Shockwave+1","Iron Wave","Shrug It Off+1","Uppercut+1","Battle Trance+1","True Grit+1","Metallicize","Cleave","Shrug It Off","Bludgeon","Impervious","Inflame+1","Pommel Strike+1","Corruption+1","Flame Barrier+1","Havoc+1","Limit Break+1","Shrug It Off+1","Shrug It Off","Spot Weakness+1","Offering+1","Exhume","Feel No Pain+1","Barricade","Shrug It Off+1","Shrug It Off+1","Pummel+1","Power Through+1","Burning Pact","Entrench+1","Warcry+1"],"special_seed":0,"relics":["Burning Blood","NeowsBlessing","Orichalcum","Prayer Wheel","The Courier","FossilizedHelix","Ectoplasm","Vajra","Molten Egg 2","Matryoshka","Sozu","Smiling Mask","Gremlin Horn","Oddly Smooth Stone","Potion Belt","Old Coin"],"potions_floor_usage":[],"damage_taken":[{"damage":0.0,"enemies":"2 Louse","floor":1.0,"turns":1.0},{"damage":0.0,"enemies":"Cultist","floor":3.0,"turns":1.0},{"damage":0.0,"enemies":"Jaw Worm","floor":4.0,"turns":1.0},{"damage":41.0,"enemies":"Lagavulin","floor":6.0,"turns":9.0},{"damage":18.0,"enemies":"3 Louse","floor":7.0,"turns":5.0},{"damage":5.0,"enemies":"Gremlin Nob","floor":10.0,"turns":5.0},{"damage":4.0,"enemies":"Lots of Slimes","floor":11.0,"turns":6.0},{"damage":1.0,"enemies":"Large Slime","floor":12.0,"turns":6.0},{"damage":0.0,"enemies":"3 Louse","floor":14.0,"turns":4.0},{"damage":26.0,"enemies":"Slime Boss","floor":16.0,"turns":10.0},{"damage":0.0,"enemies":"Chosen","floor":18.0,"turns":4.0},{"damage":0.0,"enemies":"2 Thieves","floor":19.0,"turns":3.0},{"damage":1.0,"enemies":"Snecko","floor":21.0,"turns":5.0},{"damage":6.0,"enemies":"Centurion and Healer","floor":22.0,"turns":5.0},{"damage":20.0,"enemies":"Gremlin Leader","floor":23.0,"turns":7.0},{"damage":34.0,"enemies":"Slavers","floor":25.0,"turns":6.0},{"damage":1,"enemies":"Shelled Parasite and Fungi","floor":29,"turns":4},{"damage":1,"enemies":"3 Cultists","floor":30,"turns":5},{"damage":27,"enemies":"Champ","floor":33,"turns":12},{"damage":0,"enemies":"3 Shapes","floor":35,"turns":6},{"damage":4,"enemies":"3 Darklings","floor":38,"turns":3},{"damage":0,"enemies":"Giant Head","floor":41,"turns":5},{"damage":8,"enemies":"Maw","floor":42,"turns":7},{"damage":11,"enemies":"4 Shapes","floor":45,"turns":4},{"damage":0,"enemies":"Jaw Worm Horde","floor":47,"turns":4},{"damage":6,"enemies":"Mind Bloom Boss Battle","floor":48,"turns":7},{"damage":30,"enemies":"Time Eater","floor":50,"turns":11}],"seed_played":"1982203729827501280","potions_obtained":[{"floor":1.0,"key":"Regen Potion"},{"floor":4.0,"key":"GamblersBrew"},{"floor":7.0,"key":"EssenceOfSteel"},{"floor":10.0,"key":"Fire Potion"},{"floor":16.0,"key":"PowerPotion"}],"is_trial":false,"path_per_floor":["M","?","M","M","?","E","M","R","T","E","M","M","R","M","R","B",null,"M","M","$","M","M","E","R","E","T","R","?","M","M","$","R","B",null,"M","?","$","M","?","R","E","M","T","?","M","R","M","?","R","B",null],"character_chosen":"IRONCLAD","items_purchased":["Corruption","Offering"],"campfire_rested":0,"item_purchase_floors":[20,31],"current_hp_per_floor":[78,78,80,80,68,33,21,21,21,36,38,43,43,49,49,29,67,73,79,79,80,80,66,66,38,38,38,38,43,48,48,48,27,67,73,73,73,75,75,75,80,78,78,78,73,73,79,79,79,55],"gold":2,"neow_bonus":"THREE_ENEMY_KILL","is_prod":false,"is_daily":false,"chose_seed":false,"campfire_upgraded":9,"win_rate":0,"timestamp":1564032226,"path_taken":["M","?","M","?","?","E","M","R","T","E","M","M","R","M","R","BOSS","M","M","$","M","M","E","R","E","T","R","?","M","?","$","R","BOSS","M","?","$","?","?","R","E","M","T","?","?","R","M","?","R","BOSS"],"build_version":"2019-07-18","purchased_purges":2,"victory":true,"max_hp_per_floor":[80,80,80,80,80,80,80,80,80,80,80,80,80,80,80,80,80,80,80,80,80,80,80,80,80,80,80,80,80,80,80,80,80,80,80,80,80,80,80,80,80,80,80,80,80,80,80,80,80,80],"card_choices":[{"not_picked":["Rupture","True Grit"],"picked":"Shockwave","floor":1.0},{"not_picked":["True Grit","Body Slam"],"picked":"Iron Wave","floor":3.0},{"not_picked":["Intimidate","Fire Breathing"],"picked":"Shrug It Off","floor":4.0},{"not_picked":["Dark Embrace","Havoc"],"picked":"Uppercut","floor":6.0},{"not_picked":["Intimidate","Thunderclap"],"picked":"Battle Trance","floor":7.0},{"not_picked":["Flex","Clothesline","Iron Wave"],"picked":"SKIP","floor":7.0},{"not_picked":["Evolve","Rupture"],"picked":"True Grit","floor":10.0},{"not_picked":["Bloodletting","Warcry"],"picked":"Metallicize","floor":11.0},{"not_picked":["Intimidate","Armaments","Fire Breathing"],"picked":"SKIP","floor":11.0},{"not_picked":["Wild Strike","Havoc"],"picked":"Cleave","floor":12.0},{"not_picked":["Hemokinesis","Heavy Blade"],"picked":"Shrug It Off","floor":12.0},{"not_picked":["Carnage","Wild Strike"],"picked":"Bludgeon","floor":14.0},{"not_picked":["Pommel Strike","Iron Wave","Warcry"],"picked":"SKIP","floor":14.0},{"not_picked":["Bludgeon","Immolate"],"picked":"Impervious","floor":16.0},{"not_picked":["Wild Strike","Sword Boomerang+1"],"picked":"Inflame+1","floor":18.0},{"not_picked":["Warcry","True Grit","Clothesline"],"picked":"SKIP","floor":18.0},{"not_picked":["Rage","Uppercut"],"picked":"Pommel Strike+1","floor":19.0},{"not_picked":["Thunderclap","Evolve","Sword Boomerang"],"picked":"SKIP","floor":19.0},{"not_picked":["Clash","Twin Strike+1"],"picked":"Flame Barrier","floor":21.0},{"not_picked":["Headbutt","Cleave","Armaments"],"picked":"SKIP","floor":21.0},{"not_picked":["Flex","Blood for Blood+1"],"picked":"Havoc+1","floor":22.0},{"not_picked":["Havoc","Body Slam","Cleave"],"picked":"SKIP","floor":22.0},{"not_picked":["Dual Wield","Sword Boomerang"],"picked":"Limit Break","floor":23.0},{"not_picked":["Wild Strike","Iron Wave"],"picked":"Shrug It Off+1","floor":25.0},{"not_picked":["Armaments","True Grit"],"picked":"Shrug It Off","floor":29},{"not_picked":["Warcry","Reckless Charge+1","Rupture+1"],"picked":"SKIP","floor":29},{"not_picked":["Entrench+1","Rampage+1"],"picked":"Spot Weakness+1","floor":30},{"not_picked":["Searing Blow+1","Rupture+1","Clothesline+1"],"picked":"SKIP","floor":30},{"not_picked":["Bludgeon+1","Limit Break"],"picked":"Exhume","floor":33},{"not_picked":["True Grit+1","Warcry+1"],"picked":"Feel No Pain+1","floor":35},{"not_picked":["Twin Strike+1","Anger+1","Combust"],"picked":"SKIP","floor":35},{"not_picked":["Twin Strike+1","Cleave+1"],"picked":"Barricade","floor":38},{"not_picked":["Thunderclap+1","Spot Weakness+1"],"picked":"Shrug It Off+1","floor":38},{"not_picked":["Flame Barrier","Sword Boomerang+1"],"picked":"Shrug It Off+1","floor":41},{"not_picked":["Reckless Charge+1","Wild Strike+1"],"picked":"Pummel+1","floor":42},{"not_picked":["Blood for Blood+1","Heavy Blade+1"],"picked":"Power Through+1","floor":42},{"not_picked":["Warcry+1","Inflame+1"],"picked":"Burning Pact","floor":45},{"not_picked":["Flex","Dropkick+1","Clothesline+1"],"picked":"SKIP","floor":45},{"not_picked":["Searing Blow+1","Clash+1"],"picked":"Entrench+1","floor":47},{"not_picked":["Wild Strike+1","Warcry","Evolve+1"],"picked":"SKIP","floor":47},{"not_picked":["Pommel Strike+1","Flex+1"],"picked":"Warcry+1","floor":48}],"player_experience":182580,"relics_obtained":[{"floor":6.0,"key":"Prayer Wheel"},{"floor":9.0,"key":"The Courier"},{"floor":10.0,"key":"FossilizedHelix"},{"floor":23.0,"key":"Vajra"},{"floor":25.0,"key":"Molten Egg 2"},{"floor":26.0,"key":"Matryoshka"},{"floor":41,"key":"Smiling Mask"},{"floor":43,"key":"Gremlin Horn"},{"floor":43,"key":"Oddly Smooth Stone"},{"floor":48,"key":"Old Coin"}],"event_choices":[{"damage_healed":0.0,"max_hp_gain":0.0,"max_hp_loss":0.0,"gold_gain":0.0,"event_name":"Upgrade Shrine","player_choice":"Upgraded","floor":2.0,"gold_loss":0.0,"damage_taken":0.0,"cards_upgraded":["Bash"]},{"damage_healed":0.0,"max_hp_gain":0.0,"max_hp_loss":0.0,"gold_gain":0.0,"event_name":"Scrap Ooze","player_choice":"Success","floor":5.0,"gold_loss":0.0,"damage_taken":12.0,"relics_obtained":["Orichalcum"]},{"damage_healed":0.0,"max_hp_gain":0.0,"max_hp_loss":0.0,"gold_gain":0.0,"event_name":"FaceTrader","player_choice":"Leave","floor":28.0,"gold_loss":0.0,"damage_taken":0.0},{"damage_healed":0,"gold_gain":0,"player_choice":"Got Potions","damage_taken":0,"max_hp_gain":0,"max_hp_loss":0,"event_name":"Lab","floor":36,"gold_loss":0},{"damage_healed":0,"gold_gain":0,"player_choice":"Memory 1","damage_taken":0,"max_hp_gain":0,"max_hp_loss":0,"event_name":"SensoryStone","floor":39,"gold_loss":0},{"damage_healed":0,"gold_gain":0,"player_choice":"Gave Potion","damage_taken":0,"relics_obtained":["Potion Belt"],"max_hp_gain":0,"max_hp_loss":0,"event_name":"WeMeetAgain","floor":44,"gold_loss":0},{"damage_healed":0,"gold_gain":0,"player_choice":"Fight","damage_taken":0,"max_hp_gain":0,"max_hp_loss":0,"event_name":"MindBloom","floor":48,"gold_loss":0}],"is_beta":true,"boss_relics":[{"not_picked":["Calling Bell","Runic Dome"],"picked":"Ectoplasm"},{"not_picked":["Runic Cube","Tiny House"],"picked":"Sozu"}],"items_purged_floors":[20,31],"is_endless":false,"potions_floor_spawned":[1,4,7,10,16,18,23,33,42,48],"ascension_level":10}