{"gold_per_floor":[112,37,52,52,62,62,78,78,78,178,196,196,227,227,227,348,348,367,400,420,23,23,23],"floor_reached":23,"playtime":782,"items_purged":["Defend_B","Strike_B"],"score":284,"play_id":"31168bda-6351-41ab-aa31-d0f61c62fa17","local_time":"20180808182144","is_ascension_mode":true,"campfire_choices":[{"data":"Zap","floor":6.0,"key":"SMITH"},{"data":"Defragment","floor":12.0,"key":"SMITH"},{"data":"Redo","floor":15.0,"key":"SMITH"}],"neow_cost":"","seed_source_timestamp":456692850129450,"circlet_count":0,"master_deck":["Strike_B","Strike_B","Strike_B","Defend_B","Defend_B","Defend_B","Zap+1","Dualcast","AscendersBane","Glacier","Chill","Steam","Defragment+1","Redo+1","Electrodynamics","Barrage","Capacitor+1","Coolheaded"],"special_seed":0,"relics":["Cracked Core","Nunchaku","Golden Idol","Unceasing Top","Happy Flower","Bag of Marbles","Inserter","Red Mask","Matryoshka"],"potions_floor_usage":[23],"damage_taken":[{"damage":0.0,"enemies":"2 Louse","floor":1.0,"turns":2.0},{"damage":0.0,"enemies":"Jaw Worm","floor":3.0,"turns":4.0},{"damage":0.0,"enemies":"Cultist","floor":5.0,"turns":4.0},{"damage":3.0,"enemies":"Blue Slaver","floor":7.0,"turns":4.0},{"damage":2.0,"enemies":"2 Fungi Beasts","floor":11.0,"turns":3.0},{"damage":18.0,"enemies":"Gremlin Nob","floor":13.0,"turns":5.0},{"damage":23.0,"enemies":"Slime Boss","floor":16.0,"turns":17.0},{"damage":8.0,"enemies":"Spheric Guardian","floor":18.0,"turns":4.0},{"damage":0.0,"floor":19.0,"turns":3.0},{"damage":13.0,"enemies":"2 Thieves","floor":20.0,"turns":4.0},{"damage":43,"enemies":"Gremlin Leader","floor":23,"turns":4}],"seed_played":"-4638801197356903604","potions_obtained":[{"floor":1.0,"key":"FocusPotion"},{"floor":5.0,"key":"SteroidPotion"},{"floor":16.0,"key":"Block Potion"},{"floor":18.0,"key":"EssenceOfSteel"}],"is_trial":false,"path_per_floor":["M","$","M","?","M","R","M","?","T","?","M","R","E","?","R","B",null,"M","?","M","$","?"],"character_chosen":"DEFECT","items_purchased":["Matryoshka","Coolheaded"],"campfire_rested":0,"item_purchase_floors":[21,21],"current_hp_per_floor":[68,68,68,61,61,61,58,58,58,58,56,56,38,38,38,15,56,48,48,35,35,35,0],"gold":23,"neow_bonus":"","is_prod":false,"is_daily":false,"chose_seed":false,"campfire_upgraded":3,"win_rate":0,"timestamp":1533745304,"path_taken":["M","$","M","?","M","R","M","?","T","?","?","R","E","?","R","BOSS","M","?","M","$","?","E"],"build_version":"2018-08-02","purchased_purges":2,"victory":false,"max_hp_per_floor":[75,75,75,75,75,75,75,69,69,69,69,69,69,69,69,69,69,69,69,69,69,69,69],"card_choices":[{"not_picked":["Recycle","Hologram"],"picked":"Glacier","floor":1.0},{"not_picked":["Consume","Gash"],"picked":"Chill","floor":3.0},{"not_picked":["Gash","Cold Snap"],"picked":"Steam","floor":5.0},{"not_picked":["Gash","Skim","Chaos"],"picked":"SKIP","floor":7.0},{"not_picked":["Blizzard","Conserve Battery"],"picked":"Defragment","floor":11.0},{"not_picked":["Streamline","Hello World"],"picked":"Redo","floor":13.0},{"not_picked":["Fission","Amplify"],"picked":"Electrodynamics","floor":16.0},{"not_picked":["Steam Power","Beam Cell","Leap"],"picked":"SKIP","floor":18.0},{"not_picked":["Sunder","Scrape"],"picked":"Barrage","floor":19.0},{"not_picked":["Blizzard","Hologram+1"],"picked":"Capacitor+1","floor":20.0}],"player_experience":601838,"relics_obtained":[{"floor":9.0,"key":"Unceasing Top"},{"floor":13.0,"key":"Happy Flower"},{"floor":19.0,"key":"Red Mask"}],"event_choices":[{"event_name":"Scrap Ooze","player_choice":"success","floor":4.0,"damage_taken":7.0},{"event_name":"Golden Idol","player_choice":"Lose Max HP","floor":8.0,"damage_taken":0.0},{"event_name":"Golden Shrine","player_choice":"Pray","floor":10.0,"damage_taken":0.0},{"event_name":"Dead Adventurer","player_choice":"Searched \u00272\u0027 times","floor":14.0,"damage_taken":0.0},{"event_name":"Addict","player_choice":"Ignored","floor":22.0,"damage_taken":0.0}],"is_beta":false,"boss_relics":[{"not_picked":["Cursed Key","Fusion Hammer"],"picked":"Inserter"}],"items_purged_floors":[2,21],"is_endless":false,"potions_floor_spawned":[1,5,16,18],"killed_by":"Gremlin Leader","ascension_level":10}