{"gold_per_floor":[118,43,56,66,84,84,114,189,189,189,205,205],"floor_reached":12,"playtime":593,"items_purged":["Strike_R"],"score":148,"play_id":"7663f19a-41bd-483b-be2c-0c4046d50f8b","local_time":"20190727161729","is_ascension_mode":true,"campfire_choices":[{"data":"Bash","floor":6,"key":"SMITH"},{"floor":10,"key":"REST"}],"neow_cost":"NONE","seed_source_timestamp":851341063731612,"circlet_count":0,"master_deck":["AscendersBane","Strike_R","Strike_R","Strike_R","Strike_R","Defend_R","Defend_R","Defend_R","Defend_R","Bash+1","Offering","Shrug It Off","Clothesline","Flame Barrier","Iron Wave","Infernal Blade","Battle Trance"],"relics":["Burning Blood","Gremlin Horn","Ice Cream"],"potions_floor_usage":[12,12],"damage_taken":[{"damage":17,"enemies":"Cultist","floor":1,"turns":4},{"damage":9,"enemies":"2 Louse","floor":3,"turns":3},{"damage":15,"enemies":"Small Slimes","floor":4,"turns":4},{"damage":16,"enemies":"Exordium Thugs","floor":5,"turns":5},{"damage":18,"enemies":"3 Sentries","floor":7,"turns":14},{"damage":3,"enemies":"2 Fungi Beasts","floor":11,"turns":3},{"damage":50,"enemies":"Lagavulin","floor":12,"turns":8}],"seed_played":"6948018730510649715","potions_obtained":[{"floor":3,"key":"Explosive Potion"},{"floor":4,"key":"EssenceOfSteel"}],"is_trial":false,"path_per_floor":["M","$","M","M","M","R","E","?","T","R","M","E"],"character_chosen":"IRONCLAD","items_purchased":[],"campfire_rested":1,"item_purchase_floors":[],"current_hp_per_floor":[57,57,54,45,35,35,23,12,12,34,37,0],"gold":205,"neow_bonus":"ONE_RANDOM_RARE_CARD","is_prod":false,"is_daily":false,"chose_seed":false,"campfire_upgraded":1,"win_rate":0,"timestamp":1564269449,"path_taken":["M","$","?","?","M","R","E","?","T","R","M","E"],"build_version":"2019-07-18","purchased_purges":1,"victory":false,"max_hp_per_floor":[75,75,75,75,75,75,75,75,75,75,75,75],"card_choices":[{"not_picked":["Warcry","Thunderclap"],"picked":"Shrug It Off","floor":1},{"not_picked":["Thunderclap","Twin Strike"],"picked":"Clothesline","floor":3},{"not_picked":["Clothesline","Heavy Blade"],"picked":"Flame Barrier","floor":4},{"not_picked":["Armaments","Sentinel"],"picked":"Iron Wave","floor":5},{"not_picked":["Brutality","Iron Wave"],"picked":"Infernal Blade","floor":7},{"not_picked":["Combust","Cleave"],"picked":"Battle Trance","floor":11}],"player_experience":230526,"relics_obtained":[{"floor":7,"key":"Gremlin Horn"},{"floor":9,"key":"Ice Cream"}],"event_choices":[{"damage_healed":0,"gold_gain":75,"player_choice":"Gather Gold","damage_taken":11,"max_hp_gain":0,"max_hp_loss":0,"event_name":"World of Goop","floor":8,"gold_loss":0}],"is_beta":true,"boss_relics":[],"items_purged_floors":[2],"is_endless":false,"potions_floor_spawned":[3,4,7],"killed_by":"Lagavulin","ascension_level":17}