{"path_per_floor":["M","?","M","?","$","R","E","M","T","M","?","$","M","?","R","B",null,"M","$","?","?","?","R","T","M","T","R","$","E","R","$","R","B",null,"M","?","?","$","M","R","M","R","T","?","R","M","E","$","R","B"],"character_chosen":"IRONCLAD","items_purchased":["Inflame","Apotheosis","Trip","Ghostly Armor","Bag of Preparation"],"gold_per_floor":[109,109,125,200,44,44,79,89,89,102,131,31,48,148,148,247,247,261,74,74,74,74,74,146,158,184,184,59,120,120,120,120,217,217,237,237,237,140,159,159,170,170,197,197,197,215,249,25,25,25],"floor_reached":51,"campfire_rested":2,"playtime":2018,"current_hp_per_floor":[72,72,68,57,57,57,17,21,21,24,28,28,32,32,55,14,61,61,61,61,61,61,61,61,67,67,67,67,64,64,64,64,70,75,77,77,77,77,77,77,39,62,62,62,62,64,63,63,63,67],"items_purged":["Parasite","Strike_R","Strike_R"],"gold":25,"score":1180,"play_id":"f1866aa3-cb01-4867-95b3-242d44b44380","local_time":"20180316205824","is_prod":false,"is_daily":false,"is_ascension_mode":true,"campfire_upgraded":8,"timestamp":1521230304,"path_taken":["M","?","M","?","$","R","E","M","T","M","?","$","M","?","R","BOSS","M","$","?","?","?","R","?","M","T","R","$","E","R","?","R","BOSS","M","?","?","$","M","R","M","R","T","?","R","M","E","?","R","BOSS"],"build_version":"2018-03-15v2","purchased_purges":5,"victory":true,"master_deck":["Strike_R","Strike_R+1","Defend_R","Defend_R","Defend_R","Defend_R","Bash","Pommel Strike+1","Body Slam+1","Inflame","Iron Wave+1","Warcry+1","Impervious+1","Shrug It Off","Shrug It Off","Barricade+1","Shrug It Off+1","Apotheosis+1","Body Slam+1","Headbutt","Offering+1","Shrug It Off+1","Impervious+1","Trip+1","Headbutt+1","Ghostly Armor"],"max_hp_per_floor":[80,80,80,80,77,77,77,77,77,77,77,77,77,77,77,77,77,77,77,77,77,77,77,77,77,77,77,77,77,77,77,77,77,77,77,77,77,77,77,77,77,77,77,77,77,77,77,77,77,77],"relics":["Burning Blood","Juzu Bracelet","Orichalcum","Red Skull","Odd Mushroom","Velvet Choker","Bottled Tornado","Whetstone","Tiny Chest","Mark of Pain","Omamori","Blood Vial","Bag of Preparation"],"card_choices":[{"not_picked":["Flex","Sever Soul"],"picked":"Pommel Strike"},{"not_picked":["Wild Strike","Iron Wave"],"picked":"Body Slam"},{"not_picked":["Body Slam","Heavy Blade"],"picked":"Iron Wave"},{"not_picked":["Clothesline","Inflame"],"picked":"Warcry"},{"not_picked":["Infernal Blade","Warcry"],"picked":"Impervious"},{"not_picked":["Anger","Heavy Blade"],"picked":"Shrug It Off"},{"not_picked":["Infernal Blade","Combust"],"picked":"Shrug It Off"},{"not_picked":["Brutality","Feed"],"picked":"Barricade"},{"not_picked":["Searing Blow","Battle Trance"],"picked":"Shrug It Off"},{"not_picked":["Iron Wave","Heavy Blade"],"picked":"Body Slam"},{"not_picked":["Disarm","Evolve"],"picked":"Headbutt"},{"not_picked":["Double Tap","Bludgeon"],"picked":"Offering"},{"not_picked":["Infernal Blade","Thunderclap"],"picked":"Shrug It Off"},{"not_picked":["Body Slam","Disarm"],"picked":"Headbutt"}],"player_experience":392928,"potions_floor_usage":[25,29,29,50,50],"damage_taken":[{"damage":6.0,"enemies":"Cultist","floor":1.0,"turns":3.0},{"damage":10.0,"enemies":"Small Slimes","floor":3.0,"turns":3.0},{"damage":46.0,"enemies":"Lagavulin","floor":7.0,"turns":7.0},{"damage":2.0,"enemies":"Jaw Worm","floor":8.0,"turns":3.0},{"damage":3.0,"enemies":"2 Fungi Beasts","floor":10.0,"turns":3.0},{"damage":2.0,"enemies":"The Mushroom Lair","floor":11.0,"turns":4.0},{"damage":2.0,"enemies":"Blue Slaver","floor":13.0,"turns":3.0},{"damage":47,"enemies":"Hexaghost","floor":16,"turns":12},{"damage":6,"enemies":"Shell Parasite","floor":18,"turns":6},{"damage":0,"enemies":"Chosen","floor":25,"turns":4},{"damage":18,"enemies":"Gremlin Leader","floor":29,"turns":4},{"damage":0,"enemies":"Automaton","floor":33,"turns":9},{"damage":4,"enemies":"Orb Walker","floor":35,"turns":3},{"damage":4,"enemies":"3 Darklings","floor":39,"turns":4},{"damage":44,"enemies":"4 Shapes","floor":41,"turns":5},{"damage":4,"enemies":"Sphere and 2 Shapes","floor":46,"turns":5},{"damage":7,"enemies":"2 Orb Walkers","floor":47,"turns":5},{"damage":4,"enemies":"Donu and Deca","floor":50,"turns":11}],"event_choices":[{"event_name":"Liars Game","player_choice":"disagreed","floor":2.0,"damage_taken":0.0},{"event_name":"World of Goop","player_choice":"Gather Gold","floor":4.0,"damage_taken":0.0},{"event_name":"Mushrooms","player_choice":"Fought Mushrooms","floor":11.0,"damage_taken":0.0},{"event_name":"Golden Shrine","player_choice":"Pray","floor":14.0,"damage_taken":0.0},{"event_name":"Back to Basics","player_choice":"Elegance","floor":20,"damage_taken":0},{"event_name":"Beggar","player_choice":"Ignored","floor":21,"damage_taken":0},{"event_name":"Vampires","player_choice":"Ignored","floor":22,"damage_taken":0},{"event_name":"Duplicator","player_choice":"One dupe","floor":36,"damage_taken":0},{"event_name":"The Lab","player_choice":"Got Potions","floor":37,"damage_taken":0},{"event_name":"Tomb of Lord Red Mask","player_choice":"Ignored","floor":44,"damage_taken":0}],"boss_relics":[{"not_picked":["White Beast Statue","Question Card"],"picked":"Velvet Choker"},{"not_picked":["Philosopher\u0027s Stone","Orrery"],"picked":"Mark of Pain"}],"potions_floor_spawned":[7,8,11,13,16,25,47],"seed_played":"-2613223648600834541","ascension_level":11,"is_trial":false}