{"gold_per_floor":[148,148,148,166,181,181,181,181,205,224,95,134,8,8,8,8],"floor_reached":16,"playtime":532,"items_purged":["Strike_G","Strike_G"],"score":103,"play_id":"1120560c-5ab4-4618-af7c-b1fe96934fd6","local_time":"20190110142629","is_ascension_mode":true,"campfire_choices":[{"data":"Prepared","floor":6.0,"key":"SMITH"},{"data":"Neutralize","floor":8.0,"key":"SMITH"},{"floor":15,"key":"RECALL"}],"neow_cost":"NONE","seed_source_timestamp":300941601973937,"circlet_count":0,"master_deck":["Defend_G","Defend_G","Defend_G","Defend_G","Defend_G","Strike_G","Strike_G","Strike_G","Survivor","Neutralize+1","Flying Knee","Prepared+1","Deflect","Backflip","Slice"],"special_seed":0,"relics":["Ring of the Snake","Tiny Chest","Bag of Marbles","Meat on the Bone","Golden Idol","Dream Catcher","Boot"],"potions_floor_usage":[16,16],"damage_taken":[{"damage":0.0,"enemies":"Jaw Worm","floor":1.0,"turns":6.0},{"damage":0.0,"enemies":"Cultist","floor":4.0,"turns":3.0},{"damage":0.0,"enemies":"Small Slimes","floor":5.0,"turns":2.0},{"damage":6.0,"enemies":"3 Louse","floor":10.0,"turns":3.0},{"damage":36.0,"enemies":"Lagavulin","floor":12.0,"turns":10.0},{"damage":35,"enemies":"The Guardian","floor":16,"turns":11}],"seed_played":"-4115929739132074482","potions_obtained":[{"floor":4.0,"key":"SneckoOil"},{"floor":10.0,"key":"GamblersBrew"},{"floor":12.0,"key":"Fire Potion"}],"is_trial":false,"path_per_floor":["M","?","T","M","M","R","?","R","T","M","$","E","$","?","R","B"],"character_chosen":"THE_SILENT","items_purchased":["Backflip","Slice"],"campfire_rested":0,"item_purchase_floors":[11,13],"current_hp_per_floor":[70,58,58,58,58,58,41,41,41,47,47,23,23,23,23,0],"gold":8,"neow_bonus":"RANDOM_COMMON_RELIC","is_prod":false,"is_daily":false,"chose_seed":false,"campfire_upgraded":2,"win_rate":0,"timestamp":1547126789,"path_taken":["M","?","?","M","?","R","?","R","T","M","$","E","$","?","R","BOSS"],"build_version":"2019-01-03v4","purchased_purges":2,"victory":false,"max_hp_per_floor":[70,70,70,70,70,70,70,70,70,70,70,70,70,70,70,70],"card_choices":[{"not_picked":["Deadly Poison","Dagger Throw"],"picked":"Flying Knee","floor":1.0},{"not_picked":["Leg Sweep","Quick Slash"],"picked":"Prepared","floor":4.0},{"not_picked":["Flying Knee","Malaise","Terror"],"picked":"SKIP","floor":5.0},{"not_picked":["Escape Plan","Concentrate"],"picked":"Deflect","floor":10.0},{"not_picked":["Bouncing Flask","PiercingWail","Blade Dance"],"picked":"SKIP","floor":12.0}],"player_experience":673913,"relics_obtained":[{"floor":3.0,"key":"Meat on the Bone"},{"floor":9.0,"key":"Dream Catcher"},{"floor":12.0,"key":"Boot"}],"event_choices":[{"damage_healed":0.0,"max_hp_gain":0.0,"max_hp_loss":0.0,"gold_gain":0.0,"event_name":"Scrap Ooze","player_choice":"Success","floor":2.0,"gold_loss":0.0,"damage_taken":12.0,"relics_obtained":["Bag of Marbles"]},{"damage_healed":0.0,"max_hp_gain":0.0,"max_hp_loss":0.0,"gold_gain":0.0,"event_name":"Golden Idol","player_choice":"Take Damage","floor":7.0,"gold_loss":0.0,"damage_taken":17.0,"relics_obtained":["Golden Idol"]},{"damage_healed":0,"gold_gain":0,"player_choice":"Ignored","damage_taken":0,"max_hp_gain":0,"max_hp_loss":0,"event_name":"Shining Light","floor":14,"gold_loss":0}],"is_beta":false,"boss_relics":[],"items_purged_floors":[11,13],"is_endless":false,"potions_floor_spawned":[4,10,12],"killed_by":"The Guardian","ascension_level":1}