{"gold_per_floor":[114,129,142,160,174,174,190,190,259,74,101,121,121,140,140,214,214,214,214,214],"floor_reached":20,"playtime":2252,"items_purged":[],"score":333,"play_id":"0a04073d-bdbe-4294-a37e-6674637515ce","local_time":"20190722180256","is_ascension_mode":true,"campfire_choices":[{"data":"Predator","floor":6,"key":"SMITH"},{"data":"Leg Sweep","floor":8,"key":"SMITH"},{"floor":13,"key":"REST"},{"data":"Apotheosis","floor":15,"key":"SMITH"}],"neow_cost":"NONE","seed_source_timestamp":249034579819900,"circlet_count":0,"master_deck":["AscendersBane","Strike_G","Strike_G","Strike_G","Strike_G","Strike_G","Defend_G","Defend_G","Defend_G","Defend_G","Defend_G","Survivor","Neutralize","Wraith Form v2","Cloak And Dagger","Cloak And Dagger","Predator+1","Dodge and Roll","Deflect","Leg Sweep+1","Apotheosis+1","Terror","PiercingWail","Acrobatics","Glass Knife","Predator"],"relics":["Ring of the Snake","Pantograph","The Specimen","Ectoplasm"],"potions_floor_usage":[4,11,16,19],"damage_taken":[{"damage":6,"enemies":"Cultist","floor":1,"turns":6},{"damage":5,"enemies":"Small Slimes","floor":2,"turns":5},{"damage":0,"enemies":"2 Louse","floor":3,"turns":2},{"damage":8,"enemies":"Large Slime","floor":4,"turns":8},{"damage":4,"enemies":"Red Slaver","floor":5,"turns":5},{"damage":0,"enemies":"Blue Slaver","floor":7,"turns":5},{"damage":5,"enemies":"3 Sentries","floor":11,"turns":9},{"damage":11,"enemies":"Lots of Slimes","floor":12,"turns":5},{"damage":3,"enemies":"Looter","floor":14,"turns":3},{"damage":57,"enemies":"Hexaghost","floor":16,"turns":19},{"damage":9,"enemies":"Shell Parasite","floor":18,"turns":7},{"damage":0,"enemies":"Spheric Guardian","floor":19,"turns":5},{"damage":57,"enemies":"Chosen and Byrds","floor":20,"turns":10}],"seed_played":"967014350127426893","potions_obtained":[{"floor":3,"key":"Swift Potion"},{"floor":4,"key":"Block Potion"},{"floor":7,"key":"Energy Potion"},{"floor":11,"key":"SpeedPotion"},{"floor":16,"key":"Swift Potion"}],"is_trial":false,"path_per_floor":["M","M","M","M","M","R","M","R","T","$","E","M","R","M","R","B",null,"M","M","M"],"character_chosen":"THE_SILENT","items_purchased":["Apotheosis"],"campfire_rested":1,"item_purchase_floors":[10],"current_hp_per_floor":[53,48,48,40,36,36,36,36,36,36,31,20,39,36,36,4,51,42,42,0],"gold":214,"neow_bonus":"ONE_RANDOM_RARE_CARD","is_prod":false,"is_daily":false,"chose_seed":false,"campfire_upgraded":3,"win_rate":0,"timestamp":1563811376,"path_taken":["M","?","M","M","M","R","M","R","T","$","E","M","R","M","R","BOSS","M","M","M"],"build_version":"2019-07-17","purchased_purges":0,"victory":false,"max_hp_per_floor":[66,66,66,66,66,66,66,66,66,66,66,66,66,66,66,66,66,66,66,66],"card_choices":[{"not_picked":["Prepared","Acrobatics"],"picked":"Cloak And Dagger","floor":1},{"not_picked":["Distraction","Flying Knee"],"picked":"Cloak And Dagger","floor":2},{"not_picked":["Poisoned Stab","Well Laid Plans"],"picked":"Predator","floor":3},{"not_picked":["Outmaneuver","Endless Agony"],"picked":"Dodge and Roll","floor":4},{"not_picked":["Blade Dance","Bouncing Flask"],"picked":"Deflect","floor":5},{"not_picked":["Underhanded Strike","Grand Finale"],"picked":"Leg Sweep","floor":7},{"not_picked":["Acrobatics","Leg Sweep"],"picked":"Terror","floor":11},{"not_picked":["Reflex","Accuracy"],"picked":"PiercingWail","floor":12},{"not_picked":["PiercingWail","Concentrate"],"picked":"Acrobatics","floor":14},{"not_picked":["Tools of the Trade","Grand Finale"],"picked":"Glass Knife","floor":16},{"not_picked":["Bane+1","Cloak And Dagger"],"picked":"Predator","floor":18},{"not_picked":["PiercingWail","Outmaneuver","Dagger Throw"],"picked":"SKIP","floor":19}],"player_experience":878934,"relics_obtained":[{"floor":9,"key":"Pantograph"},{"floor":11,"key":"The Specimen"}],"event_choices":[],"is_beta":false,"boss_relics":[{"not_picked":["Runic Dome","Velvet Choker"],"picked":"Ectoplasm"}],"items_purged_floors":[],"is_endless":false,"potions_floor_spawned":[3,4,7,11,16,18],"killed_by":"Chosen and Byrds","ascension_level":17}