{"gold_per_floor":[115,125,137,147,165,165,179,196,220,281,37,70,70,70,70,172,172,191,207,306,325,22,22],"floor_reached":23,"playtime":800,"items_purged":["Strike_B"],"score":245,"play_id":"c79d1280-88f4-4042-ac4e-577acad57c12","local_time":"20190730213908","is_ascension_mode":false,"campfire_choices":[{"data":"Beam Cell","floor":6,"key":"SMITH"},{"floor":13,"key":"REST"},{"floor":15,"key":"DIG"}],"neow_cost":"NONE","seed_source_timestamp":1652989031367854,"circlet_count":0,"master_deck":["Strike_B","Strike_B","Strike_B","Defend_B","Defend_B","Defend_B","Defend_B","Zap+1","Dualcast","Gash","Beam Cell+1","Sweeping Beam","Capacitor","Go for the Eyes","Beam Cell","Melter","Melter","Master of Strategy","Electrodynamics","Hyperbeam","Storm","Go for the Eyes","Go for the Eyes"],"relics":["Cracked Core","Regal Pillow","Shovel","Strawberry","Smiling Mask","Black Star","PrismaticShard"],"potions_floor_usage":[10,10,12,12,23],"damage_taken":[{"damage":1,"enemies":"Jaw Worm","floor":1,"turns":3},{"damage":2,"enemies":"Small Slimes","floor":2,"turns":3},{"damage":0,"enemies":"2 Louse","floor":3,"turns":2},{"damage":8,"enemies":"Exordium Wildlife","floor":4,"turns":3},{"damage":5,"enemies":"Looter","floor":5,"turns":3},{"damage":20,"enemies":"Exordium Thugs","floor":7,"turns":4},{"damage":9,"enemies":"Red Slaver","floor":8,"turns":2},{"damage":18,"enemies":"Lagavulin Event","floor":10,"turns":4},{"damage":8,"enemies":"3 Sentries","floor":12,"turns":5},{"damage":0,"enemies":"Slime Boss","floor":16,"turns":6},{"damage":22,"enemies":"2 Thieves","floor":18,"turns":3},{"damage":10,"enemies":"Chosen","floor":19,"turns":3},{"damage":25,"enemies":"Shelled Parasite and Fungi","floor":21,"turns":5},{"damage":30,"enemies":"Book of Stabbing","floor":23,"turns":3}],"seed_played":"591798741140623413","potions_obtained":[{"floor":3,"key":"FocusPotion"},{"floor":4,"key":"PowerPotion"},{"floor":8,"key":"Swift Potion"},{"floor":10,"key":"SpeedPotion"},{"floor":16,"key":"FocusPotion"}],"is_trial":false,"path_per_floor":["M","M","M","M","M","R","M","M","T","?","$","E","R","$","R","B",null,"M","M","?","M","$","E"],"character_chosen":"DEFECT","items_purchased":["Melter","Master of Strategy","Go for the Eyes","PrismaticShard"],"campfire_rested":1,"item_purchase_floors":[11,11,22,22],"current_hp_per_floor":[74,72,72,64,59,59,39,30,30,12,12,11,50,50,50,50,82,60,50,50,25,25,0],"gold":22,"neow_bonus":"UPGRADE_CARD","is_prod":false,"is_daily":false,"chose_seed":false,"campfire_upgraded":1,"win_rate":0,"timestamp":1564537148,"path_taken":["M","M","M","M","M","R","M","M","T","?","$","E","R","$","R","BOSS","M","M","?","M","$","E"],"build_version":"2019-07-17","purchased_purges":1,"victory":false,"max_hp_per_floor":[75,75,75,75,75,75,75,75,75,75,75,82,82,82,82,82,82,82,82,82,82,82,82],"card_choices":[{"not_picked":["White Noise","Steam"],"picked":"Gash","floor":1},{"not_picked":["Stack","Leap"],"picked":"Beam Cell","floor":2},{"not_picked":["Steam","Storm"],"picked":"Sweeping Beam","floor":3},{"not_picked":["Genetic Algorithm","Cold Snap","Hologram"],"picked":"SKIP","floor":4},{"not_picked":["Sweeping Beam","White Noise"],"picked":"Capacitor","floor":5},{"not_picked":["Rebound","Amplify"],"picked":"Go for the Eyes","floor":7},{"not_picked":["Blizzard","Reprogram"],"picked":"Beam Cell","floor":8},{"not_picked":["Force Field","Self Repair"],"picked":"Melter","floor":10},{"not_picked":["Skim","Cold Snap"],"picked":"Electrodynamics","floor":12},{"not_picked":["Amplify","Meteor Strike"],"picked":"Hyperbeam","floor":16},{"not_picked":["Ball Lightning+1","Glacier"],"picked":"Storm","floor":18},{"not_picked":["Doom and Gloom","Rebound+1"],"picked":"Go for the Eyes","floor":19},{"not_picked":["Force Field","Leap","Stack"],"picked":"SKIP","floor":21}],"player_experience":242592,"relics_obtained":[{"floor":9,"key":"Regal Pillow"},{"floor":10,"key":"Shovel"},{"floor":12,"key":"Strawberry"},{"floor":15,"key":"Smiling Mask"}],"event_choices":[{"damage_healed":0,"gold_gain":0,"player_choice":"Searched \u00271\u0027 times","damage_taken":0,"max_hp_gain":0,"max_hp_loss":0,"event_name":"Dead Adventurer","floor":10,"gold_loss":0},{"damage_healed":0,"gold_gain":99,"player_choice":"Stole From Cult","damage_taken":0,"max_hp_gain":0,"max_hp_loss":0,"event_name":"Nest","floor":20,"gold_loss":0}],"is_beta":false,"boss_relics":[{"not_picked":["Inserter","Eternal Feather"],"picked":"Black Star"}],"items_purged_floors":[22],"is_endless":false,"potions_floor_spawned":[3,4,8,10,16],"killed_by":"Book of Stabbing","ascension_level":0}