{"gold_per_floor":[116,116,136,153,153,153,177,177,203,229,242,252,252,268,268,268],"floor_reached":16,"playtime":474,"items_purged":[],"score":167,"play_id":"e904cb67-4449-4e1b-9eac-8a58056fb4a7","local_time":"20190630202002","is_ascension_mode":true,"campfire_choices":[{"data":"Limit Break","floor":6,"key":"SMITH"},{"data":"Flex","floor":8,"key":"SMITH"},{"data":"Flex","floor":15,"key":"SMITH"}],"neow_cost":"NONE","seed_source_timestamp":1479217582408816,"circlet_count":0,"master_deck":["Strike_R","Strike_R","Strike_R","Strike_R","Strike_R","Defend_R","Defend_R","Defend_R","Defend_R","Bash","Anger+1","Cleave","Limit Break+1","Flex+1","Inflame","Anger","Flex+1"],"relics":["Burning Blood","NeowsBlessing","Odd Mushroom","Dream Catcher","Darkstone Periapt"],"potions_floor_usage":[16,16,16],"damage_taken":[{"damage":0,"enemies":"2 Louse","floor":1,"turns":1},{"damage":0,"enemies":"Cultist","floor":3,"turns":1},{"damage":0,"enemies":"Jaw Worm","floor":4,"turns":1},{"damage":26,"enemies":"The Mushroom Lair","floor":7,"turns":4},{"damage":17,"enemies":"Gremlin Nob","floor":10,"turns":4},{"damage":17,"enemies":"3 Louse","floor":11,"turns":3},{"damage":12,"enemies":"2 Fungi Beasts","floor":12,"turns":2},{"damage":21,"enemies":"Large Slime","floor":14,"turns":4}],"seed_played":"3847932565133721523","potions_obtained":[{"floor":1,"key":"FearPotion"},{"floor":3,"key":"Swift Potion"},{"floor":4,"key":"FearPotion"},{"floor":10,"key":"EssenceOfSteel"}],"is_trial":false,"path_per_floor":["M","?","M","M","?","R","?","R","T","E","M","M","$","M","R","B"],"character_chosen":"IRONCLAD","items_purchased":[],"campfire_rested":0,"item_purchase_floors":[],"current_hp_per_floor":[80,80,80,80,85,85,65,65,65,54,43,37,37,22,22,0],"gold":268,"neow_bonus":"THREE_ENEMY_KILL","is_prod":false,"is_daily":false,"chose_seed":false,"campfire_upgraded":3,"win_rate":0,"timestamp":1561940402,"path_taken":["M","?","?","M","?","R","?","R","T","E","M","M","$","M","R","BOSS"],"build_version":"2019-01-23","purchased_purges":0,"victory":false,"max_hp_per_floor":[80,80,80,80,85,85,85,85,85,85,85,85,85,85,85,85],"card_choices":[{"not_picked":["Shockwave","Corruption"],"picked":"Anger","floor":1},{"not_picked":["Twin Strike","Fire Breathing"],"picked":"Cleave","floor":3},{"not_picked":["Armaments","Shrug It Off"],"picked":"Limit Break","floor":4},{"not_picked":["Headbutt","Perfected Strike"],"picked":"Flex","floor":7},{"not_picked":["Juggernaut","Sever Soul"],"picked":"Inflame","floor":10},{"not_picked":["Headbutt","Sever Soul","Shockwave"],"picked":"SKIP","floor":11},{"not_picked":["Havoc","Searing Blow"],"picked":"Anger","floor":12},{"not_picked":["Burning Pact","Reckless Charge"],"picked":"Flex","floor":14}],"player_experience":84445,"relics_obtained":[{"floor":7,"key":"Odd Mushroom"},{"floor":9,"key":"Dream Catcher"},{"floor":10,"key":"Darkstone Periapt"}],"event_choices":[{"damage_healed":0,"gold_gain":0,"player_choice":"Upgraded","damage_taken":0,"max_hp_gain":0,"max_hp_loss":0,"event_name":"Upgrade Shrine","floor":2,"gold_loss":0,"cards_upgraded":["Anger"]},{"damage_healed":0,"gold_gain":0,"player_choice":"Donut","damage_taken":0,"max_hp_gain":5,"max_hp_loss":0,"event_name":"Big Fish","floor":5,"gold_loss":0},{"damage_healed":0,"gold_gain":0,"player_choice":"Fought Mushrooms","damage_taken":0,"max_hp_gain":0,"max_hp_loss":0,"event_name":"Mushrooms","floor":7,"gold_loss":0}],"is_beta":false,"boss_relics":[],"items_purged_floors":[],"is_endless":false,"potions_floor_spawned":[1,3,4,10],"killed_by":"The Guardian","ascension_level":2}