{"path_per_floor":["M","M","M","M","M","R","M","R","T","R","E","?","?","M","R","B",null,"M","M","$","?","T","R","$","E","T"],"character_chosen":"THE_SILENT","items_purchased":["Bottled Tornado"],"gold_per_floor":[17,29,42,62,81,81,101,101,101,101,132,132,132,143,143,241,271,281,297,50,50,50,50,50,82,82],"floor_reached":27,"campfire_rested":0,"playtime":1268,"current_hp_per_floor":[75,75,71,58,52,52,42,42,42,42,35,35,35,34,34,15,70,59,48,48,76,76,76,76,5,5],"items_purged":[],"gold":82,"score":385,"play_id":"8975c139-dff9-4820-8f09-2bddb15833d3","local_time":"20180317014803","is_prod":false,"is_daily":false,"is_ascension_mode":true,"campfire_upgraded":5,"timestamp":1521247683,"path_taken":["M","M","?","M","M","R","M","R","T","R","E","?","?","M","R","BOSS","M","M","?","?","?","R","$","E","T","M"],"build_version":"2018-03-15v2","purchased_purges":0,"victory":false,"master_deck":["Defend_G+1","Defend_G","Defend_G","Defend_G","Defend_G","Strike_G","Strike_G","Strike_G","Strike_G","Strike_G","Survivor","Neutralize","Heel Hook","Backflip","Cloak And Dagger+1","Noxious Fumes+1","Prepared+1","Storm of Steel+1","Die Die Die","Acrobatics+1","Acrobatics+1"],"max_hp_per_floor":[84,84,84,84,84,84,84,84,84,84,84,81,81,81,81,81,86,86,86,86,86,86,86,86,86,86],"relics":["Ring of the Snake","Mango","Blood Vial","Toolbox","Spirit Poop","Tiny House","Bottled Tornado","Ginger","Bottled Flame","Ice Cream"],"card_choices":[{"not_picked":["Deflect","Quick Slash"],"picked":"Heel Hook"},{"not_picked":["Poisoned Stab","Distraction"],"picked":"Backflip"},{"not_picked":["Distraction","Flying Knee"],"picked":"Cloak And Dagger"},{"not_picked":["Deadly Poison","Deflect"],"picked":"Noxious Fumes"},{"not_picked":["Setup","Skewer"],"picked":"Prepared"},{"not_picked":["Slice","PiercingWail"],"picked":"Storm of Steel"},{"not_picked":["Storm of Steel","Tactician"],"picked":"Die Die Die"},{"not_picked":["Bane","Sucker Punch"],"picked":"Acrobatics"},{"not_picked":["Prepared","Outmaneuver"],"picked":"Acrobatics"}],"player_experience":397237,"potions_floor_usage":[19,19,25,27],"damage_taken":[{"damage":2.0,"enemies":"Cultist","floor":1.0,"turns":4.0},{"damage":0.0,"enemies":"Small Slimes","floor":2.0,"turns":3.0},{"damage":4.0,"enemies":"2 Louse","floor":3.0,"turns":3.0},{"damage":13.0,"enemies":"Red Slaver","floor":4.0,"turns":7.0},{"damage":6.0,"enemies":"Blue Slaver","floor":5.0,"turns":5.0},{"damage":10.0,"enemies":"Lots of Slimes","floor":7.0,"turns":4.0},{"damage":9.0,"enemies":"3 Sentries","floor":11.0,"turns":6.0},{"damage":3.0,"enemies":"Looter","floor":14.0,"turns":3.0},{"damage":25.0,"enemies":"The Guardian","floor":16.0,"turns":13.0},{"damage":13.0,"enemies":"Spheric Guardian","floor":18.0,"turns":6.0},{"damage":13,"enemies":"Chosen","floor":19,"turns":6},{"damage":73,"enemies":"Book of Stabbing","floor":25,"turns":7},{"damage":8,"enemies":"Snake Plant","floor":27,"turns":3}],"event_choices":[{"event_name":"Bonfire Elementals","player_choice":"CURSE","floor":12.0,"damage_taken":0.0},{"event_name":"The Lab","player_choice":"Got Potions","floor":13.0,"damage_taken":0.0},{"event_name":"The Library","player_choice":"Heal","floor":21,"damage_taken":0}],"boss_relics":[],"potions_floor_spawned":[1,5,7,14,16,18,25],"seed_played":"-2137121760162103886","killed_by":"Snake Plant","ascension_level":11,"is_trial":false}