{"gold_per_floor":[15,15,30,30,55,55,86,100,100,25,41,41,17,35,35,166,166,182,198,198,108,126,126,146,146,215,215,231,18,79,95,95,95],"floor_reached":33,"playtime":1331,"items_purged":["Eviscerate","Strike_G"],"score":282,"play_id":"2b1633a7-b37b-4b5b-911c-8dc90a7490fe","local_time":"20190109121249","is_ascension_mode":true,"campfire_choices":[{"data":"Malaise","floor":6.0,"key":"SMITH"},{"data":"Noxious Fumes","floor":12.0,"key":"SMITH"},{"floor":15.0,"key":"REST"},{"floor":23.0,"key":"REST"},{"data":"Noxious Fumes","floor":25,"key":"SMITH"},{"floor":27,"key":"REST"},{"data":"Prepared","floor":32,"key":"SMITH"}],"neow_cost":"NO_GOLD","seed_source_timestamp":225231761378965,"circlet_count":0,"master_deck":["Defend_G","Defend_G","Defend_G","Strike_G","Survivor","Neutralize+1","Malaise+1","Quick Slash","Poisoned Stab","Backflip","Noxious Fumes+1","Flying Knee+1","Cloak And Dagger","Acrobatics","Dagger Spray","Corpse Explosion","Deflect","Backflip+1","Noxious Fumes+1","Blur","Well Laid Plans","Acrobatics","Prepared+1"],"special_seed":0,"relics":["Ring of the Snake","Golden Idol","Vajra","Matryoshka","Empty Cage","Bronze Scales","Bottled Tornado","Tiny Chest"],"potions_floor_usage":[33,33],"damage_taken":[{"damage":4.0,"enemies":"Small Slimes","floor":1.0,"turns":6.0},{"damage":0.0,"enemies":"Jaw Worm","floor":3.0,"turns":3.0},{"damage":0.0,"enemies":"Cultist","floor":5.0,"turns":3.0},{"damage":26.0,"enemies":"3 Sentries","floor":7.0,"turns":11.0},{"damage":3.0,"enemies":"Gremlin Gang","floor":8.0,"turns":5.0},{"damage":0.0,"enemies":"Looter","floor":11.0,"turns":4.0},{"damage":1.0,"enemies":"2 Fungi Beasts","floor":14.0,"turns":3.0},{"damage":2.0,"enemies":"The Guardian","floor":16.0,"turns":10.0},{"damage":8.0,"enemies":"2 Thieves","floor":18.0,"turns":4.0},{"damage":12.0,"enemies":"Spheric Guardian","floor":19.0,"turns":5.0},{"damage":18.0,"enemies":"Cultist and Chosen","floor":22.0,"turns":5.0},{"damage":15,"enemies":"3 Cultists","floor":24,"turns":3},{"damage":3,"enemies":"Snake Plant","floor":28,"turns":4},{"damage":15,"enemies":"Book of Stabbing","floor":30,"turns":6},{"damage":7,"enemies":"Snecko","floor":31,"turns":6},{"damage":57,"enemies":"Automaton","floor":33,"turns":6}],"seed_played":"-6478074292622094062","potions_obtained":[{"floor":3.0,"key":"SteroidPotion"},{"floor":7.0,"key":"GamblersBrew"},{"floor":8.0,"key":"Fruit Juice"},{"floor":11.0,"key":"SpeedPotion"},{"floor":19.0,"key":"Poison Potion"},{"floor":30,"key":"Regen Potion"}],"is_trial":false,"path_per_floor":["M","?","M","?","M","R","E","M","T","$","M","R","$","M","R","B",null,"M","M","?","?","M","R","M","R","T","R","M","$","E","M","R","B"],"character_chosen":"THE_SILENT","items_purchased":["Acrobatics","Well Laid Plans","Acrobatics"],"campfire_rested":3,"item_purchase_floors":[13,29,29],"current_hp_per_floor":[66,49,49,49,49,49,23,25,25,25,25,25,25,24,46,44,75,67,55,55,55,37,59,44,44,44,66,63,63,48,41,41,0],"gold":95,"neow_bonus":"TRANSFORM_TWO_CARDS","is_prod":false,"is_daily":false,"chose_seed":false,"campfire_upgraded":4,"win_rate":0,"timestamp":1547032369,"path_taken":["M","?","M","?","M","R","E","?","T","$","M","R","$","?","R","BOSS","M","M","?","?","M","R","M","R","T","R","M","$","E","M","R","BOSS"],"build_version":"2019-01-03v4","purchased_purges":2,"victory":false,"max_hp_per_floor":[70,70,70,70,70,70,70,75,75,75,75,75,75,75,75,75,75,75,75,75,75,75,75,75,75,75,75,75,75,75,75,75,75],"card_choices":[{"not_picked":["PiercingWail","Dash"],"picked":"Quick Slash","floor":1.0},{"not_picked":["Underhanded Strike","Flying Knee"],"picked":"Poisoned Stab","floor":3.0},{"not_picked":["Caltrops","Underhanded Strike"],"picked":"Backflip","floor":5.0},{"not_picked":["Tactician","Dash"],"picked":"Noxious Fumes","floor":7.0},{"not_picked":["Poisoned Stab","Blade Dance"],"picked":"Flying Knee","floor":8.0},{"not_picked":["Grand Finale","Infinite Blades"],"picked":"Cloak And Dagger","floor":11.0},{"not_picked":["Poisoned Stab","Crippling Poison"],"picked":"Dagger Spray","floor":14.0},{"not_picked":["Envenom","Wraith Form v2"],"picked":"Corpse Explosion","floor":16.0},{"not_picked":["Backflip","All Out Attack+1"],"picked":"Deflect","floor":18.0},{"not_picked":["Calculated Gamble","Escape Plan+1"],"picked":"Backflip+1","floor":19.0},{"not_picked":["Flying Knee","Flechettes+1","Backflip+1"],"picked":"SKIP","floor":22.0},{"not_picked":["Infinite Blades","Catalyst"],"picked":"Noxious Fumes","floor":24},{"not_picked":["Outmaneuver","Backflip+1"],"picked":"Blur","floor":28},{"not_picked":["Flying Knee","Doppelganger"],"picked":"Prepared","floor":30},{"not_picked":["Blade Dance+1","Calculated Gamble","Infinite Blades"],"picked":"SKIP","floor":31}],"player_experience":639233,"relics_obtained":[{"floor":7.0,"key":"Vajra"},{"floor":9.0,"key":"Matryoshka"},{"floor":26,"key":"Bronze Scales"},{"floor":26,"key":"Bottled Tornado"},{"floor":30,"key":"Tiny Chest"}],"event_choices":[{"damage_healed":0.0,"max_hp_gain":0.0,"max_hp_loss":0.0,"gold_gain":0.0,"event_name":"Golden Idol","player_choice":"Take Damage","floor":2.0,"gold_loss":0.0,"damage_taken":17.0,"relics_obtained":["Golden Idol"]},{"damage_healed":0.0,"max_hp_gain":0.0,"max_hp_loss":0.0,"gold_gain":0.0,"event_name":"Upgrade Shrine","player_choice":"Upgraded","floor":4.0,"gold_loss":0.0,"damage_taken":0.0,"cards_upgraded":["Neutralize"]},{"damage_healed":0.0,"max_hp_gain":0.0,"max_hp_loss":0.0,"gold_gain":0.0,"event_name":"Vampires","player_choice":"Ignored","floor":20.0,"gold_loss":0.0,"damage_taken":0.0},{"cards_removed":["Strike_G"],"damage_healed":0.0,"max_hp_gain":0.0,"max_hp_loss":0.0,"gold_gain":0.0,"event_name":"Designer","player_choice":"Upgrade and Remove","floor":21.0,"gold_loss":90.0,"damage_taken":0.0,"cards_upgraded":["Flying Knee"]}],"is_beta":false,"boss_relics":[{"not_picked":["Runic Pyramid","Black Star"],"picked":"Empty Cage"}],"items_purged_floors":[10,29],"is_endless":false,"potions_floor_spawned":[3,7,8,11,19,30],"killed_by":"Automaton","ascension_level":1}