{"gold_per_floor":[111,126,140,156,30,30,40,68,114,114,114],"floor_reached":11,"playtime":538,"items_purged":["Strike_G"],"score":150,"play_id":"ad6c2dda-373c-4302-a19d-43415486fb8e","local_time":"20190728135823","is_ascension_mode":true,"campfire_choices":[{"data":"Blade Dance","floor":6,"key":"SMITH"}],"neow_cost":"NONE","seed_source_timestamp":551901714523426,"circlet_count":0,"master_deck":["AscendersBane","Strike_G","Strike_G","Strike_G","Strike_G","Defend_G","Defend_G","Defend_G","Defend_G","Defend_G","Survivor","Neutralize","Blade Dance+1","PiercingWail","Accuracy","Finisher","Backflip","Deflect","Burst+1"],"special_seed":0,"relics":["Ring of the Snake","Incense Burner","PreservedInsect"],"potions_floor_usage":[4,8,11],"damage_taken":[{"damage":1.0,"enemies":"Cultist","floor":1.0,"turns":4.0},{"damage":5.0,"enemies":"Small Slimes","floor":2.0,"turns":5.0},{"damage":6,"enemies":"Jaw Worm","floor":3,"turns":7},{"damage":0,"enemies":"3 Louse","floor":4,"turns":1},{"damage":14,"enemies":"Large Slime","floor":7,"turns":6},{"damage":21,"enemies":"3 Sentries","floor":8,"turns":10},{"damage":41,"enemies":"Gremlin Gang","floor":11,"turns":3}],"seed_played":"-6621122287274177306","potions_obtained":[{"floor":2.0,"key":"Explosive Potion"},{"floor":7,"key":"Swift Potion"},{"floor":8,"key":"FearPotion"}],"is_trial":false,"path_per_floor":["M","M","M","M","$","R","M","E","T","?","M"],"character_chosen":"THE_SILENT","items_purchased":["Backflip"],"campfire_rested":0,"item_purchase_floors":[5],"current_hp_per_floor":[64,59,53,53,53,53,39,18,18,18,0],"gold":114,"neow_bonus":"TEN_PERCENT_HP_BONUS","is_prod":false,"is_daily":false,"chose_seed":false,"campfire_upgraded":1,"win_rate":0,"timestamp":1564289903,"path_taken":["M","M","M","?","$","R","M","E","T","?","?"],"build_version":"2019-07-17","purchased_purges":1,"victory":false,"max_hp_per_floor":[72,72,72,72,72,72,72,72,72,72,72],"card_choices":[{"not_picked":["Outmaneuver","Acrobatics"],"picked":"Blade Dance","floor":1.0},{"not_picked":["Catalyst","Slice"],"picked":"PiercingWail","floor":2.0},{"not_picked":["Underhanded Strike","Blade Dance"],"picked":"Accuracy","floor":3},{"not_picked":["Underhanded Strike","Dash"],"picked":"Finisher","floor":4},{"not_picked":["Slice","Setup"],"picked":"Deflect","floor":7},{"not_picked":["Dash","Sucker Punch"],"picked":"Burst","floor":8}],"player_experience":1039971,"relics_obtained":[{"floor":8,"key":"Incense Burner"},{"floor":9,"key":"PreservedInsect"}],"event_choices":[{"damage_healed":0,"gold_gain":0,"player_choice":"Upgraded","damage_taken":0,"max_hp_gain":0,"max_hp_loss":0,"event_name":"Upgrade Shrine","floor":10,"gold_loss":0,"cards_upgraded":["Burst"]}],"is_beta":false,"boss_relics":[],"items_purged_floors":[5],"is_endless":false,"potions_floor_spawned":[2,7,8],"killed_by":"Gremlin Gang","ascension_level":20}