{"gold_per_floor":[213,228,228,228,36,36,67,67,67,87,100,112,112,112,112,210,210,220,236,9,26,36,36,36,54,79,79,99,99,99,119,119,216,216,227,277,277,294,71,71,86,118,118,18,18,18,33,43,43,43],"floor_reached":51,"playtime":2151,"items_purged":["Bash","Defend_R"],"score":704,"play_id":"cc3dedb3-48a8-433d-8639-5e563712ccdd","local_time":"20190711233531","is_ascension_mode":false,"campfire_choices":[{"data":"Flex","floor":6,"key":"SMITH"},{"data":"Flex","floor":8,"key":"SMITH"},{"data":"Rage","floor":13,"key":"SMITH"},{"data":"Battle Trance","floor":15,"key":"SMITH"},{"data":"Flex","floor":23,"key":"SMITH"},{"data":"Double Tap","floor":27,"key":"SMITH"},{"data":"Rage","floor":29,"key":"SMITH"},{"data":"Bite","floor":32,"key":"SMITH"},{"data":"Limit Break","floor":40,"key":"SMITH"},{"data":"Bite","floor":45,"key":"SMITH"},{"data":"Pummel","floor":49,"key":"SMITH"}],"neow_cost":"NONE","seed_source_timestamp":16992389804955,"circlet_count":0,"master_deck":["Defend_R+1","Defend_R","Defend_R","Flex+1","Rage+1","Flex+1","Battle Trance+1","Double Tap+1","Flex+1","Twin Strike","Rampage","Thunderclap+1","Rage+1","Bite+1","Bite+1","Bite","Bite","Bite","Cleave","Limit Break+1","Thunderclap+1","Pommel Strike+1","Pummel+1"],"relics":["Burning Blood","Omamori","Mango","Sozu","Vajra","Lantern","Coffee Dripper","StoneCalendar","Pen Nib","Orichalcum","Sundial"],"potions_floor_usage":[11,16,16,38],"damage_taken":[{"damage":1,"enemies":"Jaw Worm","floor":1,"turns":6},{"damage":0,"enemies":"2 Louse","floor":2,"turns":3},{"damage":23,"enemies":"Lagavulin","floor":7,"turns":6},{"damage":0,"enemies":"Cultist","floor":10,"turns":3},{"damage":2,"enemies":"Red Slaver","floor":11,"turns":5},{"damage":5,"enemies":"2 Fungi Beasts","floor":12,"turns":3},{"damage":21,"enemies":"Slime Boss","floor":16,"turns":10},{"damage":5,"enemies":"2 Thieves","floor":18,"turns":4},{"damage":0,"enemies":"Chosen","floor":19,"turns":3},{"damage":14,"enemies":"Snake Plant","floor":21,"turns":3},{"damage":2,"enemies":"Cultist and Chosen","floor":22,"turns":4},{"damage":20,"enemies":"Sentry and Sphere","floor":25,"turns":4},{"damage":0,"enemies":"Centurion and Healer","floor":28,"turns":3},{"damage":19,"enemies":"Chosen and Byrds","floor":31,"turns":5},{"damage":54,"enemies":"Automaton","floor":33,"turns":11},{"damage":0,"enemies":"3 Shapes","floor":35,"turns":2},{"damage":28,"enemies":"2 Orb Walkers","floor":36,"turns":4},{"damage":0,"enemies":"3 Darklings","floor":38,"turns":2},{"damage":39,"enemies":"Sphere and 2 Shapes","floor":41,"turns":3},{"damage":7,"enemies":"Giant Head","floor":42,"turns":6},{"damage":19,"enemies":"4 Shapes","floor":47,"turns":4},{"damage":19,"enemies":"Maw","floor":48,"turns":3},{"damage":48,"enemies":"Donu and Deca","floor":50,"turns":6}],"seed_played":"-2239810218744647648","potions_obtained":[{"floor":7,"key":"Swift Potion"},{"floor":10,"key":"Block Potion"},{"floor":11,"key":"PowerPotion"},{"floor":14,"key":"SteroidPotion"},{"floor":14,"key":"Energy Potion"}],"is_trial":false,"path_per_floor":["M","M","?","?","$","R","E","R","T","M","M","M","R","?","R","B",null,"M","M","$","M","M","R","$","M","T","R","M","R","?","M","R","B",null,"M","?","?","M","$","R","M","E","T","$","R","$","M","M","R","B",null],"character_chosen":"IRONCLAD","items_purchased":["Flex","Omamori","Vajra","Rampage","Pen Nib"],"campfire_rested":0,"item_purchase_floors":[5,5,20,20,39],"current_hp_per_floor":[80,80,73,57,57,57,54,54,54,60,64,65,65,65,65,50,94,94,94,94,86,90,90,90,76,76,76,82,82,65,64,64,40,65,65,53,53,65,65,65,39,59,59,59,59,59,58,52,52,29],"gold":43,"neow_bonus":"HUNDRED_GOLD","is_prod":false,"is_daily":false,"chose_seed":false,"campfire_upgraded":11,"win_rate":0,"timestamp":1562902531,"path_taken":["M","M","?","?","$","R","E","R","T","M","M","M","R","?","R","BOSS","M","?","?","M","?","R","$","M","T","R","M","R","?","M","R","BOSS","M","?","?","M","$","R","M","E","T","$","R","?","M","M","R","BOSS"],"build_version":"2019-07-05","purchased_purges":2,"victory":true,"max_hp_per_floor":[80,80,80,80,80,80,94,94,94,94,94,94,94,94,94,94,94,94,94,94,94,94,94,94,94,94,94,94,94,65,65,65,65,65,65,65,65,65,65,65,65,65,65,65,65,65,65,65,65,65],"card_choices":[{"not_picked":["Sword Boomerang","Shrug It Off"],"picked":"Flex","floor":1},{"not_picked":["Burning Pact","Clash"],"picked":"Rage","floor":2},{"not_picked":["Clothesline","Metallicize","Anger"],"picked":"SKIP","floor":7},{"not_picked":["Armaments","Wild Strike","Headbutt"],"picked":"SKIP","floor":10},{"not_picked":["Corruption","Havoc","Uppercut"],"picked":"SKIP","floor":11},{"not_picked":["Exhume","Sword Boomerang"],"picked":"Battle Trance","floor":12},{"not_picked":["Reaper","Fiend Fire"],"picked":"Double Tap","floor":16},{"not_picked":["Heavy Blade","Bloodletting"],"picked":"Flex","floor":18},{"not_picked":["Evolve","Corruption"],"picked":"Twin Strike","floor":19},{"not_picked":["Sever Soul","Power Through"],"picked":"Thunderclap+1","floor":21},{"not_picked":["Thunderclap","Ghostly Armor"],"picked":"Rage","floor":22},{"not_picked":["Evolve","Heavy Blade","Clothesline"],"picked":"SKIP","floor":25},{"not_picked":["Iron Wave","Clothesline+1","Pommel Strike"],"picked":"SKIP","floor":28},{"not_picked":["Wild Strike","Headbutt"],"picked":"Cleave","floor":31},{"not_picked":["Dark Embrace","Reaper"],"picked":"Limit Break","floor":33},{"not_picked":["Heavy Blade+1","Shrug It Off"],"picked":"Thunderclap+1","floor":35},{"not_picked":["Warcry","Sword Boomerang"],"picked":"Pommel Strike+1","floor":38},{"not_picked":["True Grit+1","Havoc","Ghostly Armor"],"picked":"SKIP","floor":41},{"not_picked":["Headbutt+1","True Grit+1","Thunderclap"],"picked":"SKIP","floor":42},{"not_picked":["Heavy Blade","Rage+1"],"picked":"Pummel","floor":47},{"not_picked":["Juggernaut","Clash","Uppercut"],"picked":"SKIP","floor":48}],"player_experience":136933,"relics_obtained":[{"floor":7,"key":"Mango"},{"floor":26,"key":"Lantern"},{"floor":36,"key":"StoneCalendar"},{"floor":42,"key":"Orichalcum"},{"floor":43,"key":"Sundial"}],"event_choices":[{"cards_removed":["Strike_R"],"damage_healed":0,"gold_gain":0,"player_choice":"Card Removal","damage_taken":7,"max_hp_gain":0,"max_hp_loss":0,"event_name":"Golden Wing","floor":3,"gold_loss":0},{"damage_healed":0,"gold_gain":0,"player_choice":"Entered Light","damage_taken":16,"max_hp_gain":0,"max_hp_loss":0,"event_name":"Shining Light","floor":4,"gold_loss":0,"cards_upgraded":["Defend_R","Strike_R"]},{"damage_healed":0,"gold_gain":0,"player_choice":"Got Potions","damage_taken":0,"max_hp_gain":0,"max_hp_loss":0,"event_name":"Lab","floor":14,"gold_loss":0},{"damage_healed":0,"gold_gain":0,"player_choice":"Became a vampire","damage_taken":0,"max_hp_gain":0,"max_hp_loss":29,"event_name":"Vampires","floor":30,"gold_loss":0,"cards_obtained":["Bite","Bite","Bite","Bite","Bite"]},{"damage_healed":0,"gold_gain":0,"player_choice":"Fight","damage_taken":0,"max_hp_gain":0,"max_hp_loss":0,"event_name":"Mysterious Sphere","floor":36,"gold_loss":0},{"damage_healed":0,"gold_gain":0,"player_choice":"Ignored","damage_taken":0,"max_hp_gain":0,"max_hp_loss":0,"event_name":"Tomb of Lord Red Mask","floor":37,"gold_loss":0}],"is_beta":false,"boss_relics":[{"not_picked":["Orrery","Runic Pyramid"],"picked":"Sozu"},{"not_picked":["Pandora\u0027s Box","Tiny House"],"picked":"Coffee Dripper"}],"items_purged_floors":[39,44],"is_endless":false,"potions_floor_spawned":[7,10,11,18,21,33,35,38,42,47],"ascension_level":0}