{"path_per_floor":["M","M","?","M","?","R","E","R","T","R","E","$","R","?","R","B",null,"M","M","M","$"],"character_chosen":"THE_SILENT","items_purchased":["Backflip","Trip"],"gold_per_floor":[118,137,137,149,99,99,126,126,126,126,154,33,33,33,33,138,138,148,166,186,94],"floor_reached":22,"campfire_rested":1,"playtime":1500,"current_hp_per_floor":[63,56,49,49,49,49,26,26,26,26,12,12,30,30,30,15,51,41,37,18,18],"items_purged":["Defend_G"],"gold":94,"score":278,"play_id":"9db7ede5-26d9-404e-8c8d-0da431465455","is_prod":false,"is_daily":false,"is_ascension_mode":true,"campfire_upgraded":0,"path_taken":["M","M","?","?","?","R","E","R","T","R","E","$","R","?","R","BOSS","M","M","M","$","M"],"build_version":"2018-02-15-PROD1","purchased_purges":2,"victory":false,"master_deck":["Defend_G","Defend_G","Strike_G","Strike_G","Survivor","Neutralize","Dagger Throw","Cloak And Dagger+1","Die Die Die","Backflip","Envenom","Distraction+1","Heel Hook+1","Eviscerate+1","Corpse Explosion","Trip"],"max_hp_per_floor":[63,63,63,63,63,63,63,63,63,63,63,63,63,63,63,63,63,63,63,63,63],"relics":["Ring of the Snake","Shovel","Dream Catcher","Bottled Lightning","Bottled Flame","Thread and Needle","Du-Vu Doll","Girya","Astrolabe"],"card_choices":[{"not_picked":["Backflip","Quick Slash"],"picked":"Dagger Throw"},{"not_picked":["Dagger Throw","Sucker Punch"],"picked":"Cloak And Dagger"},{"not_picked":["Backflip","Underhanded Strike"],"picked":"Die Die Die"},{"not_picked":["Corpse Explosion","Adrenaline"],"picked":"Envenom"},{"not_picked":["Endless Agony","Deadly Poison"],"picked":"Corpse Explosion"}],"player_experience":338579,"potions_floor_usage":[7,11],"damage_taken":[{"damage":0.0,"enemies":"Small Slimes","floor":1.0,"turns":3.0},{"damage":7.0,"enemies":"2 Louse","floor":2.0,"turns":4.0},{"damage":0.0,"enemies":"Cultist","floor":4.0,"turns":3.0},{"damage":23,"enemies":"3 Sentries","floor":7,"turns":10},{"damage":14,"enemies":"Gremlin Nob","floor":11,"turns":5},{"damage":15,"enemies":"The Guardian","floor":16,"turns":19},{"damage":10,"enemies":"Spheric Guardian","floor":18,"turns":4},{"damage":4,"enemies":"Chosen","floor":19,"turns":6},{"damage":19,"enemies":"3 Cultists","floor":20,"turns":6},{"damage":22,"enemies":"Snake Plant","floor":22,"turns":3}],"event_choices":[{"event_name":"Golden Wing","player_choice":"Card Removal","floor":3.0,"damage_taken":0.0},{"event_name":"The Cleric","player_choice":"Card Removal","floor":5.0,"damage_taken":0.0},{"event_name":"Living Wall","player_choice":"Grow","floor":14,"damage_taken":0}],"boss_relics":[{"not_picked":["Lizard Tail","Eternal Feather"],"picked":"Astrolabe"}],"potions_floor_spawned":[4,7,20],"seed_played":"-3128777642626780735","killed_by":"Snake Plant","ascension_level":9,"is_trial":false}