{"gold_per_floor":[118,118,118,14,29,29,29,47,73,73,88,88,111,124,124,213,213,237,237,257,117,117],"floor_reached":22,"playtime":828,"items_purged":["Strike_G","Strike_G"],"score":352,"play_id":"2bf4f430-b704-4ebf-8311-e8bacd24b48d","local_time":"20190714162608","is_ascension_mode":true,"campfire_choices":[{"data":"Cloak And Dagger","floor":6.0,"key":"SMITH"},{"data":"Neutralize","floor":10.0,"key":"SMITH"},{"data":"Prepared","floor":12.0,"key":"SMITH"},{"data":"Choke","floor":15.0,"key":"SMITH"}],"neow_cost":"TEN_PERCENT_HP_LOSS","seed_source_timestamp":482370868079986,"circlet_count":0,"master_deck":["AscendersBane","Strike_G","Defend_G","Defend_G","Defend_G","Defend_G","Survivor","Neutralize+1","After Image","Footwork","Backflip","Cloak And Dagger+1","Prepared+1","Choke+1","Blade Dance","Blur","Adrenaline","Dagger Spray","Footwork"],"special_seed":0,"relics":["Ring of the Snake","Pear","Golden Idol","Vajra","WristBlade"],"potions_floor_usage":[16],"damage_taken":[{"damage":0.0,"enemies":"Jaw Worm","floor":1.0,"turns":5.0},{"damage":6.0,"enemies":"Small Slimes","floor":5.0,"turns":7.0},{"damage":0.0,"enemies":"2 Louse","floor":8.0,"turns":4.0},{"damage":5.0,"enemies":"2 Fungi Beasts","floor":11.0,"turns":4.0},{"damage":6.0,"enemies":"Large Slime","floor":13.0,"turns":7.0},{"damage":8.0,"enemies":"3 Louse","floor":14.0,"turns":5.0},{"damage":6,"enemies":"The Guardian","floor":16,"turns":18},{"damage":20,"enemies":"Chosen","floor":18,"turns":6},{"damage":13,"enemies":"2 Thieves","floor":20,"turns":3},{"damage":21,"enemies":"Snake Plant","floor":22,"turns":4}],"seed_played":"5909508387049526062","potions_obtained":[{"floor":8.0,"key":"Strength Potion"},{"floor":13.0,"key":"GamblersBrew"},{"floor":16,"key":"Dexterity Potion"}],"is_trial":false,"path_per_floor":["M","?","?","$","M","R","?","M","T","R","M","R","M","M","R","B",null,"M","?","M","$","M"],"character_chosen":"THE_SILENT","items_purchased":["Backflip","Footwork"],"campfire_rested":0,"item_purchase_floors":[4,21],"current_hp_per_floor":[59,58,58,58,52,52,52,52,52,52,47,47,41,33,33,27,54,34,34,21,21,0],"gold":117,"neow_bonus":"THREE_RARE_CARDS","is_prod":false,"is_daily":false,"chose_seed":false,"campfire_upgraded":4,"win_rate":0,"timestamp":1563089168,"path_taken":["M","?","?","$","M","R","?","M","T","R","M","R","M","M","R","BOSS","M","?","M","$","M"],"build_version":"2019-07-05","purchased_purges":2,"victory":false,"max_hp_per_floor":[60,70,63,63,63,63,63,63,63,63,63,63,63,63,63,63,63,63,63,63,63,63],"card_choices":[{"not_picked":["Wraith Form v2","Malaise"],"picked":"After Image","floor":0.0},{"not_picked":["Outmaneuver","All Out Attack"],"picked":"Footwork","floor":1.0},{"not_picked":["Leg Sweep","Underhanded Strike"],"picked":"Cloak And Dagger","floor":5.0},{"not_picked":["Underhanded Strike","Riddle With Holes","Bane"],"picked":"SKIP","floor":8.0},{"not_picked":["Distraction","Acrobatics"],"picked":"Prepared","floor":11.0},{"not_picked":["All Out Attack","Slice","Dagger Throw"],"picked":"SKIP","floor":13.0},{"not_picked":["All Out Attack","Flechettes"],"picked":"Choke","floor":14.0},{"not_picked":["Prepared","Bane"],"picked":"Blade Dance","floor":18},{"not_picked":["Poisoned Stab+1","Envenom"],"picked":"Dagger Spray","floor":20}],"player_experience":990755,"relics_obtained":[{"floor":9.0,"key":"Vajra"}],"event_choices":[{"damage_healed":0.0,"max_hp_gain":0.0,"max_hp_loss":0.0,"gold_gain":0.0,"event_name":"Scrap Ooze","player_choice":"Success","floor":2.0,"gold_loss":0.0,"damage_taken":11.0,"relics_obtained":["Pear"]},{"damage_healed":0.0,"max_hp_gain":0.0,"max_hp_loss":7.0,"gold_gain":0.0,"event_name":"Golden Idol","player_choice":"Lose Max HP","floor":3.0,"gold_loss":0.0,"damage_taken":0.0,"relics_obtained":["Golden Idol"]},{"cards_removed":["Defend_G"],"damage_healed":0.0,"max_hp_gain":0.0,"max_hp_loss":0.0,"gold_gain":0.0,"event_name":"Living Wall","player_choice":"Forget","floor":7.0,"gold_loss":0.0,"damage_taken":0.0},{"damage_healed":0,"gold_gain":0,"cards_transformed":["Strike_G","Strike_G"],"player_choice":"Became Test Subject","damage_taken":0,"max_hp_gain":0,"max_hp_loss":0,"event_name":"Drug Dealer","floor":19,"gold_loss":0,"cards_obtained":["Blur","Adrenaline"]}],"is_beta":false,"boss_relics":[{"not_picked":["Philosopher\u0027s Stone","Calling Bell"],"picked":"WristBlade"}],"items_purged_floors":[4,21],"is_endless":false,"potions_floor_spawned":[8,13,16],"killed_by":"Snake Plant","ascension_level":20}