{"gold_per_floor":[119,132,144,144,91,91,119,129,129,129,141,141,157,72,72,72],"floor_reached":16,"playtime":618,"items_purged":[],"score":194,"play_id":"341da9c9-63e0-4f2d-930b-917600a979ab","local_time":"20190725145732","is_ascension_mode":true,"campfire_choices":[{"data":"Noxious Fumes","floor":6,"key":"SMITH"},{"floor":10,"key":"REST"},{"data":"Crippling Poison","floor":12,"key":"SMITH"},{"floor":15,"key":"REST"}],"neow_cost":"NONE","seed_source_timestamp":12938517947000,"circlet_count":0,"master_deck":["AscendersBane","Strike_G","Strike_G","Strike_G","Strike_G","Defend_G","Defend_G","Defend_G","Defend_G","Defend_G","Survivor","Neutralize","Flying Knee","Dagger Spray","Noxious Fumes+1","Bane","Tactician","Crippling Poison+1","All Out Attack","Dagger Throw","Backstab"],"relics":["Ring of the Snake","NeowsBlessing","Art of War","Blue Candle"],"potions_floor_usage":[7,16,16],"damage_taken":[{"damage":0,"enemies":"Jaw Worm","floor":1,"turns":1},{"damage":0,"enemies":"Cultist","floor":2,"turns":1},{"damage":0,"enemies":"Small Slimes","floor":3,"turns":1},{"damage":34,"enemies":"Gremlin Nob","floor":7,"turns":5},{"damage":10,"enemies":"Exordium Thugs","floor":8,"turns":4},{"damage":11,"enemies":"3 Louse","floor":11,"turns":2},{"damage":10,"enemies":"Blue Slaver","floor":13,"turns":5},{"damage":38,"enemies":"Slime Boss","floor":16,"turns":7}],"seed_played":"-1851449973483518958","potions_obtained":[{"floor":3,"key":"Weak Potion"},{"floor":7,"key":"Dexterity Potion"},{"floor":11,"key":"SkillPotion"}],"is_trial":false,"path_per_floor":["M","M","M","?","$","R","E","M","T","R","M","R","M","$","R","B"],"character_chosen":"THE_SILENT","items_purchased":["Bane","Backstab"],"campfire_rested":2,"item_purchase_floors":[5,14],"current_hp_per_floor":[59,59,59,59,59,59,25,15,15,34,23,23,13,13,32,0],"gold":72,"neow_bonus":"THREE_ENEMY_KILL","is_prod":false,"is_daily":false,"chose_seed":false,"campfire_upgraded":2,"win_rate":0,"timestamp":1564059452,"path_taken":["M","M","M","?","?","R","E","M","T","R","?","R","M","$","R","BOSS"],"build_version":"2019-07-17","purchased_purges":0,"victory":false,"max_hp_per_floor":[66,66,66,66,66,66,66,66,66,66,66,66,66,66,66,66],"card_choices":[{"not_picked":["Tactician","Prepared"],"picked":"Flying Knee","floor":1},{"not_picked":["Deflect","Quick Slash"],"picked":"Dagger Spray","floor":2},{"not_picked":["Dagger Spray","Quick Slash"],"picked":"Noxious Fumes","floor":3},{"not_picked":["Dagger Spray","Grand Finale"],"picked":"Tactician","floor":7},{"not_picked":["Deadly Poison","PiercingWail"],"picked":"Crippling Poison","floor":8},{"not_picked":["Prepared","Deadly Poison"],"picked":"All Out Attack","floor":11},{"not_picked":["Acrobatics","Deflect"],"picked":"Dagger Throw","floor":13}],"player_experience":895482,"relics_obtained":[{"floor":7,"key":"Art of War"},{"floor":9,"key":"Blue Candle"}],"event_choices":[{"cards_removed":["Strike_G"],"damage_healed":0,"gold_gain":0,"player_choice":"Offered Basic","damage_taken":0,"max_hp_gain":0,"max_hp_loss":0,"event_name":"Bonfire Elementals","floor":4,"gold_loss":0}],"is_beta":false,"boss_relics":[],"items_purged_floors":[],"is_endless":false,"potions_floor_spawned":[3,7,11,13],"killed_by":"Slime Boss","ascension_level":18}