{"gold_per_floor":[114,114,127,127,47,47,77,77,77,77,91,122,122,133,133,211,261,272,187,59,109,124,124,137,137,160,53,65,82,82,100,100,172,172,191,191,203,103,103,103,123,140,140,140,150,150,163,175,175,175],"floor_reached":51,"playtime":3506,"items_purged":["Strike_G","Strike_G"],"score":1530,"play_id":"be6211df-5583-4724-8b36-e62cf2765422","local_time":"20190223235033","is_ascension_mode":true,"campfire_choices":[{"data":"Neutralize","floor":6.0,"key":"SMITH"},{"data":"Noxious Fumes","floor":8.0,"key":"SMITH"},{"data":"Dagger Spray","floor":10.0,"key":"SMITH"},{"floor":13.0,"key":"REST"},{"data":"Acrobatics","floor":15.0,"key":"SMITH"},{"data":"Deflect","floor":23.0,"key":"SMITH"},{"data":"Acrobatics","floor":25.0,"key":"SMITH"},{"data":"Tactician","floor":32.0,"key":"SMITH"},{"data":"Panacea","floor":40.0,"key":"SMITH"},{"data":"Prepared","floor":44.0,"key":"SMITH"},{"data":"Blur","floor":46.0,"key":"SMITH"},{"floor":49.0,"key":"REST"}],"neow_cost":"NONE","seed_source_timestamp":1422850398210206,"circlet_count":0,"master_deck":["AscendersBane","Defend_G","Defend_G","Defend_G","Defend_G","Defend_G","Strike_G","Strike_G","Survivor","Neutralize+1","Cloak And Dagger","Noxious Fumes+1","Noxious Fumes+1","PiercingWail","Well Laid Plans+1","Blur+1","Acrobatics+1","Corpse Explosion+1","Deflect+1","Backflip","Escape Plan","Acrobatics+1","Panacea+1","Flechettes","Tactician+1","A Thousand Cuts+1","Prepared+1","Deflect"],"special_seed":0,"relics":["Ring of the Snake","NeowsBlessing","Frozen Egg 2","Ice Cream","Sundial","Anchor","Tiny House","Oddly Smooth Stone","Orichalcum","Sozu","Mango"],"potions_floor_usage":[50],"damage_taken":[{"damage":0.0,"enemies":"Small Slimes","floor":1.0,"turns":1.0},{"damage":0.0,"enemies":"Cultist","floor":3.0,"turns":1.0},{"damage":0.0,"enemies":"Lagavulin","floor":7.0,"turns":2.0},{"damage":0.0,"enemies":"2 Louse","floor":11.0,"turns":2.0},{"damage":37.0,"enemies":"Gremlin Nob","floor":12.0,"turns":5.0},{"damage":2.0,"enemies":"Blue Slaver","floor":14.0,"turns":5.0},{"damage":0.0,"enemies":"The Guardian","floor":16.0,"turns":10.0},{"damage":6.0,"enemies":"3 Byrds","floor":18.0,"turns":3.0},{"damage":14.0,"enemies":"2 Thieves","floor":22.0,"turns":4.0},{"damage":3.0,"enemies":"Centurion and Healer","floor":24.0,"turns":5.0},{"damage":27.0,"enemies":"Sentry and Sphere","floor":28.0,"turns":8.0},{"damage":7.0,"enemies":"Shelled Parasite and Fungi","floor":29.0,"turns":5.0},{"damage":5.0,"enemies":"Centurion and Healer","floor":31.0,"turns":4.0},{"damage":0.0,"enemies":"Champ","floor":33.0,"turns":12.0},{"damage":2.0,"enemies":"3 Darklings","floor":35.0,"turns":3.0},{"damage":0.0,"enemies":"3 Shapes","floor":37.0,"turns":4.0},{"damage":11.0,"enemies":"Maw","floor":41.0,"turns":9.0},{"damage":2.0,"enemies":"3 Darklings","floor":42.0,"turns":5.0},{"damage":0.0,"enemies":"4 Shapes","floor":45.0,"turns":4.0},{"damage":0.0,"enemies":"Writhing Mass","floor":47.0,"turns":6.0},{"damage":26.0,"enemies":"Jaw Worm Horde","floor":48.0,"turns":3.0},{"damage":31,"enemies":"Awakened One","floor":50,"turns":18}],"seed_played":"4095824894648686572","potions_obtained":[{"floor":1.0,"key":"Dexterity Potion"},{"floor":11.0,"key":"Swift Potion"},{"floor":14.0,"key":"Regen Potion"},{"floor":17.0,"key":"Ancient Potion"},{"floor":28.0,"key":"Block Potion"},{"floor":29.0,"key":"Energy Potion"},{"floor":33.0,"key":"SpeedPotion"}],"is_trial":false,"path_per_floor":["M","?","M","?","$","R","E","R","T","R","M","E","R","M","R","B",null,"M","?","$","?","M","R","M","R","T","$","M","M","?","M","R","B",null,"M","?","M","$","?","R","M","M","T","R","M","R","M","M","R","B",null],"character_chosen":"THE_SILENT","items_purchased":["Noxious Fumes+1","Backflip","Panacea"],"campfire_rested":2,"item_purchase_floors":[5,20,27],"current_hp_per_floor":[59,59,59,48,48,48,48,48,48,48,48,11,30,28,28,28,62,56,56,56,56,42,42,39,39,39,39,12,5,19,14,14,14,57,55,55,55,55,55,55,44,42,56,56,56,56,56,30,55,24],"gold":175,"neow_bonus":"THREE_ENEMY_KILL","is_prod":false,"is_daily":false,"chose_seed":false,"campfire_upgraded":10,"win_rate":0,"timestamp":1550962233,"path_taken":["M","?","?","?","$","R","E","R","T","R","M","E","R","M","R","BOSS","M","?","$","?","M","R","M","R","T","$","M","?","?","M","R","BOSS","M","?","M","$","?","R","M","M","T","R","M","R","M","M","R","BOSS"],"build_version":"2019-01-23","purchased_purges":2,"victory":true,"max_hp_per_floor":[66,66,66,66,66,66,66,66,66,66,66,66,66,66,66,66,71,71,71,71,71,71,71,71,71,71,71,71,71,71,71,71,71,71,71,71,71,71,71,71,71,71,85,85,85,85,85,85,85,85],"card_choices":[{"not_picked":["Tactician","All Out Attack"],"picked":"Cloak And Dagger","floor":1.0},{"not_picked":["Prepared","Sucker Punch","Noxious Fumes"],"picked":"SKIP","floor":3.0},{"not_picked":["Prepared","Sucker Punch"],"picked":"Noxious Fumes","floor":3.0},{"not_picked":["Blade Dance","PiercingWail","Wraith Form v2+1"],"picked":"SKIP","floor":7.0},{"not_picked":["Blade Dance","Wraith Form v2+1"],"picked":"PiercingWail","floor":7.0},{"not_picked":["Masterful Stab","Prepared"],"picked":"Well Laid Plans+1","floor":11.0},{"not_picked":["Accuracy+1","Endless Agony"],"picked":"Blur","floor":12.0},{"not_picked":["Dagger Throw","Predator"],"picked":"Acrobatics","floor":14.0},{"not_picked":["Wraith Form v2+1","Venomology"],"picked":"Corpse Explosion","floor":16.0},{"not_picked":["Reflex","Blade Dance"],"picked":"Deflect","floor":17.0},{"not_picked":["Terror","Deflect","Quick Slash"],"picked":"SKIP","floor":18.0},{"not_picked":["Riddle With Holes","Deadly Poison"],"picked":"Escape Plan","floor":22.0},{"not_picked":["Accuracy+1","PiercingWail"],"picked":"Acrobatics","floor":24.0},{"not_picked":["Outmaneuver","Accuracy+1"],"picked":"Flechettes","floor":28.0},{"not_picked":["Dagger Spray","Skewer","Bane+1"],"picked":"SKIP","floor":29.0},{"not_picked":["Backflip","Slice"],"picked":"Tactician","floor":31.0},{"not_picked":["Burst","Night Terror"],"picked":"A Thousand Cuts+1","floor":33.0},{"not_picked":["Dagger Spray+1","Choke","Bane+1"],"picked":"SKIP","floor":35.0},{"not_picked":["Quick Slash","Infinite Blades+1","Crippling Poison+1"],"picked":"SKIP","floor":37.0},{"not_picked":["Finisher+1","Blur+1"],"picked":"Prepared","floor":41.0},{"not_picked":["Dash","Cloak And Dagger","Infinite Blades+1"],"picked":"SKIP","floor":42.0},{"not_picked":["Outmaneuver","Heel Hook","Bane"],"picked":"SKIP","floor":45.0},{"not_picked":["Dagger Spray","Skewer"],"picked":"Deflect","floor":47.0},{"not_picked":["Deadly Poison","Infinite Blades+1","Poisoned Stab"],"picked":"SKIP","floor":48.0}],"player_experience":883063,"relics_obtained":[{"floor":7.0,"key":"Ice Cream"},{"floor":9.0,"key":"Sundial"},{"floor":12.0,"key":"Anchor"},{"floor":26.0,"key":"Orichalcum"},{"floor":43.0,"key":"Mango"}],"event_choices":[{"damage_healed":0.0,"max_hp_gain":0.0,"max_hp_loss":0.0,"gold_gain":0.0,"cards_transformed":["Strike_G"],"event_name":"Transmorgrifier","player_choice":"Transformed","floor":2.0,"gold_loss":0.0,"damage_taken":0.0,"cards_obtained":["Dagger Spray"]},{"damage_healed":0.0,"max_hp_gain":0.0,"max_hp_loss":0.0,"gold_gain":0.0,"event_name":"Scrap Ooze","player_choice":"Success","floor":4.0,"gold_loss":0.0,"damage_taken":11.0,"relics_obtained":["Frozen Egg 2"]},{"damage_healed":0.0,"max_hp_gain":0.0,"max_hp_loss":0.0,"gold_gain":0.0,"event_name":"Addict","player_choice":"Obtained Relic","floor":19.0,"gold_loss":85.0,"damage_taken":0.0,"relics_obtained":["Oddly Smooth Stone"]},{"damage_healed":0.0,"max_hp_gain":0.0,"max_hp_loss":0.0,"gold_gain":50.0,"event_name":"Golden Shrine","player_choice":"Pray","floor":21.0,"gold_loss":0.0,"damage_taken":0.0},{"damage_healed":14.0,"max_hp_gain":0.0,"max_hp_loss":0.0,"gold_gain":0.0,"event_name":"The Library","player_choice":"Heal","floor":30.0,"gold_loss":0.0,"damage_taken":0.0},{"cards_removed":["Dagger Spray"],"damage_healed":0.0,"max_hp_gain":0.0,"max_hp_loss":0.0,"gold_gain":0.0,"event_name":"Falling","player_choice":"Removed Attack","floor":36.0,"gold_loss":0.0,"damage_taken":0.0},{"damage_healed":0.0,"max_hp_gain":0.0,"max_hp_loss":0.0,"gold_gain":0.0,"event_name":"Lab","player_choice":"Got Potions","floor":39.0,"gold_loss":0.0,"damage_taken":0.0}],"is_beta":false,"boss_relics":[{"not_picked":["WristBlade","Runic Pyramid"],"picked":"Tiny House"},{"not_picked":["White Beast Statue","Snecko Eye"],"picked":"Sozu"}],"items_purged_floors":[20,38],"is_endless":false,"potions_floor_spawned":[1,11,14,24,28,29,33,35,41,42,47],"ascension_level":19}