{"gold_per_floor":[114,189,209,384,2,2,15,31,31,31,49,49,84,8,8,104,104,115,214,214,225,237,237],"floor_reached":23,"playtime":620,"items_purged":["Doubt"],"score":191,"play_id":"6290cc4b-36bd-4fa5-84dd-5d96e666c63f","local_time":"20190319215427","is_ascension_mode":false,"campfire_choices":[{"floor":6,"key":"RECALL"},{"data":"Corruption","floor":10,"key":"SMITH"},{"data":"Armaments","floor":15,"key":"SMITH"}],"neow_cost":"NONE","seed_source_timestamp":476992190652356,"circlet_count":0,"master_deck":["Strike_R","Strike_R","Strike_R","Strike_R","Strike_R+1","Defend_R","Defend_R","Defend_R","Defend_R","Bash","Thunderclap","Dropkick","Corruption+1","Headbutt+1","Armaments+1","Spot Weakness","Demon Form","Cleave","Dropkick","Fire Breathing+1"],"relics":["Burning Blood","NeowsBlessing","Champion Belt","Gremlin Horn","Lizard Tail"],"potions_floor_usage":[13,16,16,22,22],"damage_taken":[{"damage":0,"enemies":"2 Louse","floor":1,"turns":1},{"damage":0,"enemies":"Cultist","floor":3,"turns":1},{"damage":0,"enemies":"Jaw Worm","floor":7,"turns":1},{"damage":6,"enemies":"Blue Slaver","floor":8,"turns":3},{"damage":3,"enemies":"Large Slime","floor":11,"turns":4},{"damage":19,"enemies":"Gremlin Nob","floor":13,"turns":4},{"damage":36,"enemies":"The Guardian","floor":16,"turns":8},{"damage":20,"enemies":"3 Byrds","floor":18,"turns":5},{"damage":30,"enemies":"2 Thieves","floor":21,"turns":4},{"damage":40,"enemies":"Snake Plant","floor":22,"turns":5},{"damage":63,"enemies":"Book of Stabbing","floor":23,"turns":5}],"seed_played":"2435306414155962776","potions_obtained":[{"floor":1,"key":"Poison Potion"},{"floor":8,"key":"EssenceOfSteel"},{"floor":13,"key":"Block Potion"},{"floor":16,"key":"Weak Potion"},{"floor":18,"key":"BloodPotion"}],"is_trial":false,"path_per_floor":["M","?","M","?","$","R","M","M","T","R","M","?","E","$","R","B",null,"M","?","?","M","M","E"],"character_chosen":"IRONCLAD","items_purchased":["Champion Belt","Spot Weakness"],"campfire_rested":0,"item_purchase_floors":[5,14],"current_hp_per_floor":[80,72,78,78,78,78,80,80,80,80,80,64,51,51,51,21,80,66,66,66,42,16,0],"gold":237,"neow_bonus":"THREE_ENEMY_KILL","is_prod":false,"is_daily":false,"chose_seed":false,"campfire_upgraded":2,"win_rate":0,"timestamp":1553050467,"path_taken":["M","?","?","?","$","R","M","M","T","R","M","?","E","$","R","BOSS","M","?","?","M","M","E"],"build_version":"2019-01-23","purchased_purges":1,"victory":false,"max_hp_per_floor":[80,80,80,80,80,80,80,80,80,80,80,80,80,80,80,80,80,80,80,80,80,80,80],"card_choices":[{"not_picked":["Fire Breathing","Havoc"],"picked":"Thunderclap","floor":1},{"not_picked":["Power Through","Clothesline"],"picked":"Dropkick","floor":3},{"not_picked":["Warcry","Fiend Fire"],"picked":"Corruption","floor":7},{"not_picked":["Blood for Blood","Clothesline"],"picked":"Headbutt","floor":8},{"not_picked":["Clothesline","Metallicize","Headbutt"],"picked":"SKIP","floor":11},{"not_picked":["Clothesline","Berserk"],"picked":"Armaments","floor":13},{"not_picked":["Exhume","Juggernaut"],"picked":"Demon Form","floor":16},{"not_picked":["Wild Strike","Anger"],"picked":"Cleave","floor":18},{"not_picked":["Flex+1","Headbutt"],"picked":"Dropkick","floor":21},{"not_picked":["Heavy Blade","Sever Soul"],"picked":"Fire Breathing+1","floor":22}],"player_experience":740809,"relics_obtained":[{"floor":13,"key":"Gremlin Horn"}],"event_choices":[{"damage_healed":0,"gold_gain":75,"player_choice":"Touch","damage_taken":8,"max_hp_gain":0,"max_hp_loss":0,"event_name":"FaceTrader","floor":2,"gold_loss":0},{"damage_healed":0,"gold_gain":175,"player_choice":"AGREE","damage_taken":0,"max_hp_gain":0,"max_hp_loss":0,"event_name":"Liars Game","floor":4,"gold_loss":0,"cards_obtained":["Doubt"]},{"damage_healed":0,"gold_gain":0,"player_choice":"Entered Light","damage_taken":16,"max_hp_gain":0,"max_hp_loss":0,"event_name":"Shining Light","floor":12,"gold_loss":0,"cards_upgraded":["Headbutt","Strike_R"]},{"damage_healed":0,"gold_gain":99,"player_choice":"Stole From Cult","damage_taken":0,"max_hp_gain":0,"max_hp_loss":0,"event_name":"Nest","floor":19,"gold_loss":0},{"damage_healed":0,"gold_gain":0,"player_choice":"Ignored","damage_taken":0,"max_hp_gain":0,"max_hp_loss":0,"event_name":"NoteForYourself","floor":20,"gold_loss":0}],"is_beta":false,"boss_relics":[{"not_picked":["Snecko Eye","Black Blood"],"picked":"Lizard Tail"}],"items_purged_floors":[5],"is_endless":false,"potions_floor_spawned":[1,8,13,16,18],"killed_by":"Book of Stabbing","ascension_level":0}