{"path_per_floor":["M","M","?","$","M","R","E","R","T","R","M","M","?","?","R","B",null,"M","?","$","M","?","R","E","R","T","M","M","R","M","M","R"],"character_chosen":"DEFECT","items_purchased":["Frozen Egg 2","Coolheaded"],"gold_per_floor":[111,129,129,54,71,71,102,102,102,102,113,130,185,185,185,290,290,300,300,15,31,31,31,66,66,66,84,102,102,120,133,133,133],"floor_reached":33,"campfire_rested":2,"playtime":1122,"item_purchase_floors":[],"current_hp_per_floor":[68,65,65,65,58,58,23,23,23,45,45,45,18,18,18,17,61,63,63,63,57,57,57,38,38,38,33,16,38,37,32,32,0],"items_purged":["Strike_B"],"gold":133,"score":401,"play_id":"d253c350-3e02-4408-8c16-b090010e82a9","local_time":"20180523092236","is_prod":false,"is_daily":false,"chose_seed":false,"is_ascension_mode":true,"campfire_upgraded":6,"timestamp":1527060156,"campfire_choices":[{"data":"Go for the Eyes","floor":6.0,"key":"SMITH"},{"data":"Coolheaded","floor":8.0,"key":"SMITH"},{"floor":10.0,"key":"REST"},{"data":"Beam Cell","floor":15.0,"key":"SMITH"},{"data":"Coolheaded","floor":23.0,"key":"SMITH"},{"data":"Barrage","floor":25,"key":"SMITH"},{"floor":29,"key":"REST"},{"data":"Dualcast","floor":32,"key":"SMITH"}],"path_taken":["M","M","?","$","M","R","E","R","T","R","M","M","?","?","R","BOSS","M","?","$","M","?","R","E","R","T","M","M","R","M","M","R","BOSS"],"build_version":"2018-05-21v2","seed_source_timestamp":282702577288936,"purchased_purges":1,"victory":false,"master_deck":["Strike_B","Defend_B","Defend_B","Defend_B","Defend_B","Zap+1","Dualcast+1","AscendersBane","Go for the Eyes+1","Barrage+1","Steam","Coolheaded+1","Beam Cell+1","Melter","Redo+1","Coolheaded+1","Loop+1","Capacitor+1","BootSequence+1","Barrage"],"max_hp_per_floor":[75,75,75,75,75,75,75,75,75,75,75,75,75,75,75,75,75,75,75,75,75,75,75,75,75,75,75,75,75,75,75,75,75],"relics":["Cracked Core","Bronze Scales","Mercury Hourglass","Blood Vial","Black Star","Frozen Egg 2","DataDisk","Pen Nib","Mummified Hand"],"card_choices":[{"not_picked":["Stack","Leap"],"picked":"Go for the Eyes","floor":1.0},{"not_picked":["White Noise","Turbo"],"picked":"Barrage","floor":2.0},{"not_picked":["Axe Kick","Aggregate"],"picked":"Steam","floor":5.0},{"not_picked":["Barrage","Leap"],"picked":"Coolheaded","floor":7.0},{"not_picked":["Tempest","Leap","Capacitor"],"picked":"SKIP","floor":11.0},{"not_picked":["Echo Form","Recycle"],"picked":"Beam Cell","floor":12.0},{"not_picked":["Capacitor","Streamline"],"picked":"Melter","floor":13.0},{"not_picked":["Capacitor","Stack"],"picked":"Redo+1","floor":18.0},{"not_picked":["Streamline","Core Surge"],"picked":"Loop+1","floor":21.0},{"not_picked":["Cold Snap","Beam Cell"],"picked":"Capacitor+1","floor":24},{"not_picked":["Fusion","Lockon","Turbo"],"picked":"SKIP","floor":27},{"not_picked":["Go for the Eyes","Cold Snap"],"picked":"BootSequence+1","floor":28},{"not_picked":["Reprogram","Hello World+1","Self Repair+1"],"picked":"SKIP","floor":30},{"not_picked":["Go for the Eyes","Force Field"],"picked":"Barrage","floor":31}],"player_experience":707104,"potions_floor_usage":[24,24,24,28,33],"damage_taken":[{"damage":0.0,"enemies":"Small Slimes","floor":1.0,"turns":3.0},{"damage":3.0,"enemies":"2 Louse","floor":2.0,"turns":2.0},{"damage":7.0,"enemies":"Jaw Worm","floor":5.0,"turns":2.0},{"damage":35.0,"enemies":"Lagavulin","floor":7.0,"turns":8.0},{"damage":0.0,"enemies":"Blue Slaver","floor":11.0,"turns":2.0},{"damage":0.0,"enemies":"Large Slime","floor":12.0,"turns":5.0},{"damage":27.0,"enemies":"Gremlin Nob","floor":13.0,"turns":5.0},{"damage":3.0,"enemies":"Hexaghost","floor":16.0,"turns":8.0},{"damage":0.0,"enemies":"3 Byrds","floor":18.0,"turns":2.0},{"damage":8.0,"enemies":"Chosen","floor":21.0,"turns":4.0},{"damage":21,"enemies":"Slavers","floor":24,"turns":5},{"damage":7,"enemies":"Snecko","floor":27,"turns":3},{"damage":19,"enemies":"Centurion and Healer","floor":28,"turns":4},{"damage":3,"enemies":"Cultist and Chosen","floor":30,"turns":7},{"damage":7,"enemies":"Snecko","floor":31,"turns":5},{"damage":41,"enemies":"Champ","floor":33,"turns":8}],"relics_obtained":[{"floor":7.0,"key":"Bronze Scales"},{"floor":9.0,"key":"Mercury Hourglass"},{"floor":13.0,"key":"Blood Vial"},{"floor":24,"key":"DataDisk"},{"floor":24,"key":"Pen Nib"},{"floor":26,"key":"Mummified Hand"}],"event_choices":[{"event_name":"Living Wall","player_choice":"Forget","floor":3.0,"damage_taken":0.0},{"event_name":"Dead Adventurer","player_choice":"Searched \u00271\u0027 times","floor":13.0,"damage_taken":0.0},{"event_name":"Scrap Ooze","player_choice":"unsuccessful","floor":14.0,"damage_taken":0.0},{"event_name":"Cursed Tome","player_choice":"Ignored","floor":19.0,"damage_taken":0.0},{"event_name":"Back to Basics","player_choice":"Elegance","floor":22.0,"damage_taken":0.0}],"boss_relics":[],"items_purged_floors":[],"potions_floor_spawned":[2,5,12,13,18,27,30,31],"seed_played":"-6097142596619792606","killed_by":"Champ","ascension_level":10,"potions_obtained":[{"floor":2.0,"key":"Weak Potion"},{"floor":5.0,"key":"SpeedPotion"},{"floor":12.0,"key":"SkillPotion"},{"floor":13.0,"key":"AttackPotion"},{"floor":18.0,"key":"SkillPotion"},{"floor":27,"key":"AttackPotion"},{"floor":30,"key":"Poison Potion"},{"floor":31,"key":"Ancient Potion"}],"is_trial":false}