{"gold_per_floor":[112,125,28,39,57,86,86,64,64,83,102,27,44,64,64,64],"floor_reached":16,"playtime":721,"items_purged":["Strike_R"],"score":106,"play_id":"9dafae71-2fc9-4711-8db3-01f57f014ce2","local_time":"20190413174848","is_ascension_mode":false,"campfire_choices":[{"floor":7,"key":"REST"},{"floor":15,"key":"RECALL"}],"neow_cost":"TEN_PERCENT_HP_LOSS","seed_source_timestamp":253487707809446,"circlet_count":0,"master_deck":["Strike_R","Strike_R","Strike_R","Strike_R","Defend_R","Defend_R","Defend_R","Defend_R","Bash","Flex","Anger","Heavy Blade","Searing Blow","Burning Pact","Flex","Bludgeon","Inflame","Heavy Blade","Fire Breathing"],"relics":["Burning Blood","Magic Flower","Gremlin Horn"],"potions_floor_usage":[16,16,16],"damage_taken":[{"damage":5,"enemies":"Cultist","floor":1,"turns":4},{"damage":15,"enemies":"Jaw Worm","floor":2,"turns":4},{"damage":0,"enemies":"2 Louse","floor":4,"turns":2},{"damage":15,"enemies":"Looter","floor":5,"turns":3},{"damage":49,"enemies":"Lagavulin","floor":6,"turns":6},{"damage":0,"enemies":"Lots of Slimes","floor":10,"turns":2},{"damage":4,"enemies":"Blue Slaver","floor":11,"turns":3},{"damage":1,"enemies":"2 Fungi Beasts","floor":13,"turns":2},{"damage":20,"enemies":"Gremlin Gang","floor":14,"turns":3},{"damage":64,"enemies":"The Guardian","floor":16,"turns":7}],"seed_played":"8101514117866022900","potions_obtained":[{"floor":2,"key":"Dexterity Potion"},{"floor":6,"key":"EssenceOfSteel"},{"floor":10,"key":"Dexterity Potion"},{"floor":13,"key":"Swift Potion"}],"is_trial":false,"path_per_floor":["M","M","$","M","M","E","R","$","T","M","M","$","M","M","R","B"],"character_chosen":"IRONCLAD","items_purchased":["Heavy Blade","Flex","Inflame"],"campfire_rested":1,"item_purchase_floors":[3,8,12],"current_hp_per_floor":[72,66,66,72,66,26,47,47,47,56,61,61,69,58,58,0],"gold":64,"neow_bonus":"ONE_RARE_RELIC","is_prod":false,"is_daily":false,"chose_seed":false,"campfire_upgraded":0,"win_rate":0,"timestamp":1555195728,"path_taken":["M","M","?","?","M","E","R","$","T","M","M","$","M","M","R","BOSS"],"build_version":"2019-01-23","purchased_purges":1,"victory":false,"max_hp_per_floor":[72,72,72,72,72,72,72,72,72,72,72,72,72,72,72,72],"card_choices":[{"not_picked":["Battle Trance","Iron Wave"],"picked":"Flex","floor":1},{"not_picked":["Wild Strike","Body Slam"],"picked":"Anger","floor":2},{"not_picked":["Armaments","Rage"],"picked":"Searing Blow","floor":4},{"not_picked":["Reckless Charge","Headbutt","Clothesline"],"picked":"SKIP","floor":5},{"not_picked":["Ghostly Armor","Battle Trance"],"picked":"Burning Pact","floor":6},{"not_picked":["Havoc","Searing Blow"],"picked":"Bludgeon","floor":10},{"not_picked":["Anger","Shrug It Off","Fire Breathing"],"picked":"SKIP","floor":11},{"not_picked":["Iron Wave","Twin Strike"],"picked":"Heavy Blade","floor":13},{"not_picked":["Shrug It Off","Perfected Strike"],"picked":"Fire Breathing","floor":14}],"player_experience":756284,"relics_obtained":[{"floor":6,"key":"Gremlin Horn"}],"event_choices":[],"is_beta":false,"boss_relics":[],"items_purged_floors":[3],"is_endless":false,"potions_floor_spawned":[2,6,10,13],"killed_by":"The Guardian","ascension_level":0}