{"gold_per_floor":[111,123,123,45,57,57,67,67,144,144,154,154,167,167,167,167],"floor_reached":16,"playtime":412,"items_purged":[],"score":179,"play_id":"68c60433-9020-4f22-99dd-e42e043ad493","local_time":"20190222230725","is_ascension_mode":true,"campfire_choices":[{"data":"Zap","floor":6.0,"key":"SMITH"},{"data":"Coolheaded","floor":8.0,"key":"SMITH"},{"floor":15,"key":"REST"}],"neow_cost":"NONE","seed_source_timestamp":1355074289675161,"circlet_count":0,"master_deck":["AscendersBane","Strike_B","Strike_B","Strike_B","Defend_B","Defend_B","Defend_B","Defend_B","Zap+1","Dualcast","Barrage","Coolheaded+1","Glacier","Ball Lightning","Consume","Pain"],"special_seed":0,"relics":["Cracked Core","NeowsBlessing","Bottled Lightning","Potion Belt","WarpedTongs"],"potions_floor_usage":[],"damage_taken":[{"damage":0.0,"enemies":"Small Slimes","floor":1.0,"turns":1.0},{"damage":0.0,"enemies":"Jaw Worm","floor":2.0,"turns":1.0},{"damage":0.0,"enemies":"Cultist","floor":5.0,"turns":1.0},{"damage":13.0,"enemies":"Exordium Thugs","floor":7.0,"turns":3.0},{"damage":17.0,"enemies":"Large Slime","floor":11.0,"turns":5.0},{"damage":13,"enemies":"Lots of Slimes","floor":13,"turns":5},{"damage":49,"enemies":"Hexaghost","floor":16,"turns":9}],"seed_played":"1976104903547732174","potions_obtained":[{"floor":5.0,"key":"SkillPotion"},{"floor":7.0,"key":"AttackPotion"}],"is_trial":false,"path_per_floor":["M","M","?","$","M","R","M","R","T","?","M","T","M","?","R","B"],"character_chosen":"DEFECT","items_purchased":["Glacier"],"campfire_rested":1,"item_purchase_floors":[4],"current_hp_per_floor":[64,64,69,69,69,69,56,56,56,56,39,39,26,26,48,0],"gold":167,"neow_bonus":"THREE_ENEMY_KILL","is_prod":false,"is_daily":false,"chose_seed":false,"campfire_upgraded":2,"win_rate":0,"timestamp":1550873245,"path_taken":["M","M","?","$","M","R","M","R","T","?","?","?","M","?","R","BOSS"],"build_version":"2019-01-23","purchased_purges":0,"victory":false,"max_hp_per_floor":[71,71,76,76,76,76,76,76,76,76,76,76,76,76,76,76],"card_choices":[{"not_picked":["Cold Snap","Auto Shields"],"picked":"Barrage","floor":1.0},{"not_picked":["Streamline","Barrage"],"picked":"Coolheaded","floor":2.0},{"not_picked":["Skim","Hologram"],"picked":"Ball Lightning","floor":5.0},{"not_picked":["Go for the Eyes","Beam Cell","Thunder Strike"],"picked":"SKIP","floor":7.0},{"not_picked":["Sweeping Beam","Sunder","Leap"],"picked":"SKIP","floor":11.0},{"not_picked":["Sweeping Beam","Chill","Recycle"],"picked":"SKIP","floor":13}],"player_experience":869373,"relics_obtained":[{"floor":9.0,"key":"Bottled Lightning"},{"floor":12.0,"key":"Potion Belt"}],"event_choices":[{"damage_healed":0.0,"max_hp_gain":5.0,"max_hp_loss":0.0,"gold_gain":0.0,"event_name":"Big Fish","player_choice":"Donut","floor":3.0,"gold_loss":0.0,"damage_taken":0.0},{"damage_healed":0.0,"max_hp_gain":0.0,"max_hp_loss":0.0,"gold_gain":0.0,"cards_transformed":["Strike_B"],"event_name":"Transmorgrifier","player_choice":"Transformed","floor":10.0,"gold_loss":0.0,"damage_taken":0.0,"cards_obtained":["Consume"]},{"damage_healed":0,"gold_gain":0,"player_choice":"Rummage","damage_taken":0,"relics_obtained":["WarpedTongs"],"max_hp_gain":0,"max_hp_loss":0,"event_name":"Accursed Blacksmith","floor":14,"gold_loss":0,"cards_obtained":["Pain"]}],"is_beta":false,"boss_relics":[],"items_purged_floors":[],"is_endless":false,"potions_floor_spawned":[5,7],"killed_by":"Hexaghost","ascension_level":19}