{"gold_per_floor":[12,12,12,12,29,29,48,48,72,97,97,112,62,72,72,72],"floor_reached":16,"playtime":380,"items_purged":[],"score":165,"play_id":"5b1fa36d-fa5b-4dfe-b08c-8b497b46d59a","local_time":"20190716205714","is_ascension_mode":true,"campfire_choices":[{"data":"Sunder","floor":6,"key":"SMITH"},{"floor":8,"key":"RECALL"},{"floor":15,"key":"REST"}],"neow_cost":"NO_GOLD","seed_source_timestamp":441284890703599,"circlet_count":0,"master_deck":["Strike_B","Strike_B+1","Defend_B","Defend_B","Defend_B","Defend_B","Zap","Dualcast","Sunder+1","Ball Lightning+1","Lockon","Self Repair"],"relics":["Cracked Core","The Courier","Centennial Puzzle","Potion Belt"],"potions_floor_usage":[10,16],"damage_taken":[{"damage":1,"enemies":"Cultist","floor":1,"turns":3},{"damage":2,"enemies":"Jaw Worm","floor":5,"turns":3},{"damage":0,"enemies":"2 Louse","floor":7,"turns":2},{"damage":27,"enemies":"3 Sentries","floor":10,"turns":5},{"damage":13,"enemies":"Blue Slaver","floor":12,"turns":2},{"damage":7,"enemies":"Exordium Wildlife","floor":14,"turns":2}],"seed_played":"9102274734328664241","potions_obtained":[{"floor":7,"key":"Energy Potion"},{"floor":12,"key":"Poison Potion"}],"is_trial":false,"path_per_floor":["M","$","?","T","M","R","M","R","T","E","?","M","?","M","R","B"],"character_chosen":"DEFECT","items_purchased":[],"campfire_rested":1,"item_purchase_floors":[],"current_hp_per_floor":[88,88,88,88,86,86,86,86,86,59,41,28,28,21,47,0],"gold":72,"neow_bonus":"TWENTY_PERCENT_HP_BONUS","is_prod":false,"is_daily":false,"chose_seed":false,"campfire_upgraded":1,"win_rate":0,"timestamp":1563325034,"path_taken":["M","?","?","?","?","R","M","R","T","E","?","M","?","M","R","BOSS"],"build_version":"2019-07-05","purchased_purges":0,"victory":false,"max_hp_per_floor":[89,89,89,89,89,89,89,89,89,89,89,89,89,89,89,89],"card_choices":[{"not_picked":["Streamline","Sweeping Beam"],"picked":"Sunder","floor":1},{"not_picked":["Genetic Algorithm","Stack","Lockon"],"picked":"SKIP","floor":5},{"not_picked":["Steam","Turbo"],"picked":"Ball Lightning","floor":7},{"not_picked":["Darkness","Conserve Battery","Cold Snap"],"picked":"SKIP","floor":10},{"not_picked":["Skim","Sweeping Beam"],"picked":"Lockon","floor":12},{"not_picked":["FTL","Hologram"],"picked":"Self Repair","floor":14}],"player_experience":175673,"relics_obtained":[{"floor":4,"key":"The Courier"},{"floor":9,"key":"Centennial Puzzle"},{"floor":10,"key":"Potion Belt"}],"event_choices":[{"cards_removed":["Strike_B"],"damage_healed":0,"gold_gain":0,"player_choice":"Forget","damage_taken":0,"max_hp_gain":0,"max_hp_loss":0,"event_name":"Living Wall","floor":3,"gold_loss":0},{"damage_healed":0,"gold_gain":0,"player_choice":"Entered Light","damage_taken":18,"max_hp_gain":0,"max_hp_loss":0,"event_name":"Shining Light","floor":11,"gold_loss":0,"cards_upgraded":["Strike_B","Ball Lightning"]},{"cards_removed":["Strike_B"],"damage_healed":0,"gold_gain":0,"player_choice":"Card Removal","damage_taken":0,"max_hp_gain":0,"max_hp_loss":0,"event_name":"The Cleric","floor":13,"gold_loss":50}],"is_beta":false,"boss_relics":[],"items_purged_floors":[],"is_endless":false,"potions_floor_spawned":[7,12],"killed_by":"The Guardian","ascension_level":2}