{"gold_per_floor":[109,184,144,2,16,116,116,43,43,43,60,79,112,126,126,126],"floor_reached":16,"playtime":801,"items_purged":[],"score":130,"play_id":"046d0bd0-c0dd-4c9f-bde6-a36336b91cd0","local_time":"20190630135432","is_ascension_mode":true,"campfire_choices":[{"floor":7,"key":"RECALL"},{"data":"Adrenaline","floor":10,"key":"SMITH"},{"data":"Noxious Fumes","floor":15,"key":"SMITH"}],"neow_cost":"CURSE","seed_source_timestamp":1455760995658169,"circlet_count":0,"master_deck":["Defend_G","Defend_G","Defend_G","Defend_G","Defend_G","Strike_G","Strike_G","Strike_G","Strike_G","Strike_G","Survivor","Neutralize","Pain","Wraith Form v2","Quick Slash","Adrenaline+1","Noxious Fumes+1","Quick Slash+1","Masterful Stab+1"],"relics":["Ring of the Snake","Molten Egg 2","Mango"],"potions_floor_usage":[13,13,13,13,16,16,16],"damage_taken":[{"damage":1,"enemies":"2 Louse","floor":1,"turns":4},{"damage":7,"enemies":"Small Slimes","floor":5,"turns":5},{"damage":3,"enemies":"Cultist","floor":11,"turns":3},{"damage":19,"enemies":"Exordium Wildlife","floor":12,"turns":5},{"damage":25,"enemies":"Lagavulin","floor":13,"turns":8},{"damage":9,"enemies":"Exordium Thugs","floor":14,"turns":5},{"damage":25,"enemies":"Hexaghost","floor":16,"turns":9}],"seed_played":"-3854895605777820530","potions_obtained":[{"floor":3,"key":"Dexterity Potion"},{"floor":3,"key":"Poison Potion"},{"floor":3,"key":"EntropicBrew"},{"floor":14,"key":"Fire Potion"}],"is_trial":false,"path_per_floor":["M","?","?","$","M","?","R","$","T","R","M","M","E","M","R","B"],"character_chosen":"THE_SILENT","items_purchased":["Wraith Form v2","Adrenaline"],"campfire_rested":0,"item_purchase_floors":[4,8],"current_hp_per_floor":[83,72,72,72,65,65,65,65,65,65,62,43,32,23,23,0],"gold":126,"neow_bonus":"TWENTY_PERCENT_HP_BONUS","is_prod":false,"is_daily":false,"chose_seed":false,"campfire_upgraded":2,"win_rate":0,"timestamp":1561917272,"path_taken":["M","?","?","$","?","?","R","?","T","R","M","M","E","M","R","BOSS"],"build_version":"2019-01-23","purchased_purges":0,"victory":false,"max_hp_per_floor":[84,84,84,84,84,84,84,84,84,84,84,84,98,98,98,98],"card_choices":[{"not_picked":["Acrobatics","PiercingWail","Poisoned Stab"],"picked":"SKIP","floor":1},{"not_picked":["Expertise","Outmaneuver"],"picked":"Quick Slash","floor":5},{"not_picked":["Prepared","Acrobatics"],"picked":"Noxious Fumes","floor":11},{"not_picked":["PiercingWail","Night Terror"],"picked":"Quick Slash+1","floor":12},{"not_picked":["Acrobatics","Crippling Poison","Dagger Throw+1"],"picked":"SKIP","floor":13},{"not_picked":["Sucker Punch+1","Outmaneuver"],"picked":"Masterful Stab+1","floor":14}],"player_experience":62059,"relics_obtained":[{"floor":9,"key":"Molten Egg 2"},{"floor":13,"key":"Mango"}],"event_choices":[{"damage_healed":0,"gold_gain":75,"player_choice":"Gather Gold","damage_taken":11,"max_hp_gain":0,"max_hp_loss":0,"event_name":"World of Goop","floor":2,"gold_loss":0},{"damage_healed":0,"gold_gain":0,"player_choice":"Bought 3 Potions","damage_taken":0,"max_hp_gain":0,"max_hp_loss":0,"event_name":"The Woman in Blue","floor":3,"gold_loss":0},{"damage_healed":0,"gold_gain":100,"player_choice":"Gold","damage_taken":0,"max_hp_gain":0,"max_hp_loss":0,"event_name":"Wheel of Change","floor":6,"gold_loss":0}],"is_beta":false,"boss_relics":[],"items_purged_floors":[],"is_endless":false,"potions_floor_spawned":[11,14],"killed_by":"Hexaghost","ascension_level":1}