{"gold_per_floor":[109,124,124,124,49,82,82,115,115,115,60,74,39,39,39,114,114,128,128,142,142],"floor_reached":21,"playtime":576,"items_purged":["Defend_B"],"score":420,"play_id":"7040fa6e-b414-4645-8560-9548f678b844","local_time":"20190225194921","is_ascension_mode":true,"campfire_choices":[{"data":"Zap","floor":7,"key":"SMITH"},{"data":"Defragment","floor":10,"key":"SMITH"},{"data":"Coolheaded","floor":15,"key":"SMITH"}],"neow_cost":"NONE","seed_source_timestamp":1519782931330860,"circlet_count":0,"master_deck":["AscendersBane","Strike_B","Defend_B","Defend_B","Zap+1","Dualcast","Defragment+1","Static Discharge","Leap","Conserve Battery","Coolheaded+1","Machine Learning","Self Repair"],"relics":["Cracked Core","NeowsBlessing","Gremlin Horn","Sundial","Kunai","Empty Cage"],"potions_floor_usage":[8],"damage_taken":[{"damage":0,"enemies":"Small Slimes","floor":1,"turns":1},{"damage":0,"enemies":"2 Louse","floor":2,"turns":1},{"damage":0,"enemies":"Gremlin Nob","floor":6,"turns":1},{"damage":30,"enemies":"3 Sentries","floor":8,"turns":6},{"damage":2,"enemies":"Jaw Worm","floor":12,"turns":3},{"damage":19,"enemies":"The Guardian","floor":16,"turns":12},{"damage":3,"enemies":"Spheric Guardian","floor":18,"turns":6},{"damage":18,"enemies":"Shell Parasite","floor":20,"turns":5},{"damage":33,"enemies":"Centurion and Healer","floor":21,"turns":3}],"seed_played":"-3573656161325456137","potions_obtained":[{"floor":6,"key":"Block Potion"},{"floor":16,"key":"Poison Potion"},{"floor":20,"key":"AttackPotion"}],"is_trial":false,"path_per_floor":["M","M","?","?","$","E","R","E","T","R","$","M","?","$","R","B",null,"M","?","M","M"],"character_chosen":"DEFECT","items_purchased":["Conserve Battery"],"campfire_rested":0,"item_purchase_floors":[11],"current_hp_per_floor":[64,64,64,57,57,57,57,27,27,27,27,25,42,42,42,23,59,56,36,25,0],"gold":142,"neow_bonus":"THREE_ENEMY_KILL","is_prod":false,"is_daily":false,"chose_seed":false,"campfire_upgraded":3,"win_rate":0,"timestamp":1551120561,"path_taken":["M","M","?","?","$","E","R","E","T","R","$","M","?","$","R","BOSS","M","?","M","M"],"build_version":"2019-01-23","purchased_purges":1,"victory":false,"max_hp_per_floor":[71,71,71,71,71,71,71,71,71,71,71,71,71,71,71,71,71,71,76,76,76],"card_choices":[{"not_picked":["Stack","Reprogram","Cold Snap"],"picked":"SKIP","floor":1},{"not_picked":["Compile Driver","Blizzard"],"picked":"Defragment","floor":2},{"not_picked":["Stack","Loop"],"picked":"Static Discharge","floor":6},{"not_picked":["Amplify","Aggregate"],"picked":"Leap","floor":8},{"not_picked":["Undo","Recycle"],"picked":"Coolheaded","floor":12},{"not_picked":["Creative AI","Buffer"],"picked":"Machine Learning","floor":16},{"not_picked":["Rebound","Gash"],"picked":"Self Repair","floor":18},{"not_picked":["Skim+1","Storm","Go for the Eyes"],"picked":"SKIP","floor":20}],"player_experience":899841,"relics_obtained":[{"floor":6,"key":"Gremlin Horn"},{"floor":8,"key":"Sundial"},{"floor":9,"key":"Kunai"}],"event_choices":[{"cards_removed":["Strike_B"],"damage_healed":0,"gold_gain":0,"player_choice":"Forget","damage_taken":0,"max_hp_gain":0,"max_hp_loss":0,"event_name":"Living Wall","floor":3,"gold_loss":0},{"cards_removed":["Strike_B"],"damage_healed":0,"gold_gain":0,"player_choice":"Card Removal","damage_taken":7,"max_hp_gain":0,"max_hp_loss":0,"event_name":"Golden Wing","floor":4,"gold_loss":0},{"damage_healed":17,"gold_gain":0,"player_choice":"Healed","damage_taken":0,"max_hp_gain":0,"max_hp_loss":0,"event_name":"The Cleric","floor":13,"gold_loss":35},{"damage_healed":0,"gold_gain":0,"player_choice":"Shed Blood","damage_taken":25,"max_hp_gain":5,"max_hp_loss":0,"event_name":"Forgotten Altar","floor":19,"gold_loss":0}],"is_beta":false,"boss_relics":[{"not_picked":["Runic Pyramid","White Beast Statue"],"picked":"Empty Cage"}],"items_purged_floors":[5],"is_endless":false,"potions_floor_spawned":[6,16,20],"killed_by":"Centurion and Healer","ascension_level":20}