{"gold_per_floor":[115,65,140,15,15,47,47,65,90,17,37,51,83,98,98,98],"floor_reached":16,"playtime":490,"items_purged":["Strike_G"],"score":142,"play_id":"426082ed-27c5-4882-8427-0efa31534f88","local_time":"20190109233707","is_ascension_mode":true,"campfire_choices":[{"data":"Neutralize","floor":7,"key":"SMITH"},{"data":"Blade Dance","floor":15,"key":"SMITH"}],"neow_cost":"NONE","seed_source_timestamp":267207127601853,"circlet_count":0,"master_deck":["Defend_G","Defend_G","Defend_G+1","Defend_G","Strike_G","Strike_G","Strike_G","Strike_G","Survivor","Neutralize+1","Backflip","Deflect+1","Dagger Throw","Infinite Blades","Slice","Blade Dance+1","PiercingWail","Backflip"],"relics":["Ring of the Snake","NeowsBlessing","War Paint","Pen Nib"],"potions_floor_usage":[],"damage_taken":[{"damage":0,"enemies":"2 Louse","floor":1,"turns":1},{"damage":0,"enemies":"3 Sentries","floor":6,"turns":2},{"damage":0,"enemies":"Cultist","floor":8,"turns":1},{"damage":0,"enemies":"Jaw Worm","floor":11,"turns":3},{"damage":8,"enemies":"Large Slime","floor":12,"turns":7},{"damage":24,"enemies":"Lagavulin","floor":13,"turns":9},{"damage":0,"enemies":"Lots of Slimes","floor":14,"turns":5},{"damage":30,"enemies":"Slime Boss","floor":16,"turns":3}],"seed_played":"-1781743036067357049","potions_obtained":[{"floor":11,"key":"GamblersBrew"},{"floor":13,"key":"AttackPotion"}],"is_trial":false,"path_per_floor":["M","?","?","$","?","E","R","M","T","$","M","M","E","M","R","B"],"character_chosen":"THE_SILENT","items_purchased":["Deflect","Infinite Blades"],"campfire_rested":0,"item_purchase_floors":[4,10],"current_hp_per_floor":[70,70,59,59,59,59,59,59,59,59,59,51,27,27,27,0],"gold":98,"neow_bonus":"THREE_ENEMY_KILL","is_prod":false,"is_daily":false,"chose_seed":false,"campfire_upgraded":2,"win_rate":0,"timestamp":1547073427,"path_taken":["M","?","?","$","?","E","R","M","T","$","M","M","E","M","R","BOSS"],"build_version":"2019-01-03v4","purchased_purges":1,"victory":false,"max_hp_per_floor":[70,70,70,70,70,70,70,70,70,70,70,70,70,70,70,70],"card_choices":[{"not_picked":["Prepared","Concentrate"],"picked":"Backflip","floor":1},{"not_picked":["Acrobatics","Concentrate"],"picked":"Dagger Throw","floor":6},{"not_picked":["Prepared","Finisher","Deadly Poison"],"picked":"SKIP","floor":8},{"not_picked":["Underhanded Strike","Escape Plan"],"picked":"Slice","floor":11},{"not_picked":["Acrobatics","Sucker Punch"],"picked":"Blade Dance","floor":12},{"not_picked":["Poisoned Stab","Sucker Punch"],"picked":"PiercingWail","floor":13},{"not_picked":["Bane","Outmaneuver"],"picked":"Backflip","floor":14}],"player_experience":659448,"relics_obtained":[{"floor":6,"key":"War Paint"},{"floor":13,"key":"Pen Nib"}],"event_choices":[{"cards_removed":["Defend_G"],"damage_healed":0,"gold_gain":0,"player_choice":"Card Removal","damage_taken":0,"max_hp_gain":0,"max_hp_loss":0,"event_name":"The Cleric","floor":2,"gold_loss":50},{"damage_healed":0,"gold_gain":75,"player_choice":"Gather Gold","damage_taken":11,"max_hp_gain":0,"max_hp_loss":0,"event_name":"World of Goop","floor":3,"gold_loss":0},{"damage_healed":0,"gold_gain":0,"player_choice":"Ignored","damage_taken":0,"max_hp_gain":0,"max_hp_loss":0,"event_name":"Liars Game","floor":5,"gold_loss":0}],"is_beta":false,"boss_relics":[],"items_purged_floors":[4],"is_endless":false,"potions_floor_spawned":[11,13],"killed_by":"Slime Boss","ascension_level":1}