{"gold_per_floor":[114,126,138,138,138,103,31,54,107,147,147,147,178,197,197,316,316,340,365,365,365,365,403,403,104,152,152,173,24,45,59,59,190,190,203,217,217,241,53,53,67,102,126,142,142,42,42,58,58,58],"floor_reached":51,"playtime":1428,"items_purged":["Shame","Strike_B+1"],"score":740,"play_id":"76ce7b6c-46c8-4d73-a687-16b23508574e","local_time":"20190716180508","is_ascension_mode":true,"campfire_choices":[{"data":"Electrodynamics","floor":11,"key":"SMITH"},{"data":"Lockon","floor":15,"key":"SMITH"},{"data":"Static Discharge","floor":24,"key":"SMITH"},{"floor":32,"key":"RECALL"},{"data":"Biased Cognition","floor":40,"key":"SMITH"},{"floor":47,"key":"REST"},{"floor":49,"key":"REST"}],"neow_cost":"NONE","seed_source_timestamp":429901795618427,"circlet_count":0,"master_deck":["Strike_B+1","Strike_B+1","Strike_B+1","Defend_B+1","Defend_B+1","Defend_B+1","Defend_B+1","Defragment","Lockon+1","Electrodynamics+1","Thunder Strike","BootSequence+1","Echo Form","Static Discharge+1","Static Discharge","Electrodynamics+1","Ball Lightning","Biased Cognition+1","Tempest+1","Melter+1","Lockon","Chaos+1"],"relics":["Cracked Core","NeowsBlessing","Golden Idol","Centennial Puzzle","Whetstone","Oddly Smooth Stone","Philosopher\u0027s Stone","Dream Catcher","Cables","Blood Vial","Happy Flower","War Paint","Empty Cage","Art of War","Lantern","Letter Opener","Regal Pillow"],"potions_floor_usage":[16,33,44,48,50],"damage_taken":[{"damage":0,"enemies":"2 Louse","floor":1,"turns":1},{"damage":0,"enemies":"Small Slimes","floor":2,"turns":1},{"damage":0,"enemies":"Jaw Worm","floor":3,"turns":1},{"damage":2,"enemies":"Blue Slaver","floor":8,"turns":4},{"damage":28,"enemies":"Lagavulin","floor":10,"turns":7},{"damage":14,"enemies":"Gremlin Nob","floor":13,"turns":3},{"damage":3,"enemies":"3 Louse","floor":14,"turns":2},{"damage":15,"enemies":"Hexaghost","floor":16,"turns":8},{"damage":0,"enemies":"Spheric Guardian","floor":18,"turns":3},{"damage":2,"enemies":"Chosen","floor":19,"turns":4},{"damage":7,"enemies":"Book of Stabbing","floor":23,"turns":3},{"damage":12,"enemies":"Snake Plant","floor":28,"turns":3},{"damage":7,"enemies":"Snecko","floor":30,"turns":3},{"damage":11,"enemies":"Cultist and Chosen","floor":31,"turns":3},{"damage":38,"enemies":"Champ","floor":33,"turns":6},{"damage":21,"enemies":"3 Darklings","floor":35,"turns":2},{"damage":0,"enemies":"3 Shapes","floor":36,"turns":2},{"damage":29,"enemies":"Maw","floor":38,"turns":5},{"damage":2,"enemies":"Sphere and 2 Shapes","floor":41,"turns":3},{"damage":14,"enemies":"Reptomancer","floor":42,"turns":3},{"damage":16,"enemies":"4 Shapes","floor":44,"turns":3},{"damage":15,"enemies":"Spire Growth","floor":48,"turns":3},{"damage":42,"enemies":"Donu and Deca","floor":50,"turns":4}],"seed_played":"3843489313174841815","potions_obtained":[{"floor":3,"key":"Swift Potion"},{"floor":16,"key":"Explosive Potion"},{"floor":19,"key":"Energy Potion"},{"floor":33,"key":"FearPotion"},{"floor":38,"key":"Strength Potion"},{"floor":44,"key":"Block Potion"}],"is_trial":false,"path_per_floor":["M","M","M","?","?","?","$","M","T","E","R","?","E","M","R","B",null,"M","M","?","?","?","E","R","$","T","?","M","$","M","M","R","B",null,"M","M","?","M","$","R","M","E","T","M","?","$","R","M","R","B",null],"character_chosen":"DEFECT","items_purchased":["Defragment","Static Discharge","Blood Vial","War Paint","Lantern","Lockon"],"campfire_rested":2,"item_purchase_floors":[7,25,25,29,39,39],"current_hp_per_floor":[75,75,75,60,60,75,75,73,73,45,45,38,24,21,21,6,75,75,73,73,73,73,66,66,66,66,66,56,56,51,42,42,6,75,54,56,56,29,29,29,29,17,17,3,3,3,39,26,62,22],"gold":58,"neow_bonus":"THREE_ENEMY_KILL","is_prod":false,"is_daily":false,"chose_seed":false,"campfire_upgraded":4,"win_rate":0,"timestamp":1563314708,"path_taken":["M","M","M","?","?","?","$","M","T","E","R","?","E","?","R","BOSS","M","M","?","?","?","E","R","$","T","?","M","$","?","M","R","BOSS","M","M","?","M","$","R","?","E","T","M","?","$","R","M","R","BOSS"],"build_version":"2019-07-05","purchased_purges":2,"victory":true,"max_hp_per_floor":[75,75,75,75,75,75,75,75,75,75,75,75,75,75,75,75,75,75,75,75,75,75,75,75,75,75,75,75,75,75,75,75,75,75,75,75,75,75,75,75,75,75,75,75,71,71,71,71,71,71],"card_choices":[{"not_picked":["Beam Cell","Conserve Battery","Go for the Eyes"],"picked":"SKIP","floor":1},{"not_picked":["Heatsinks","Stack","Compile Driver"],"picked":"SKIP","floor":2},{"not_picked":["Turbo","Steam","Streamline"],"picked":"SKIP","floor":3},{"not_picked":["Conserve Battery","Compile Driver"],"picked":"Lockon","floor":8},{"not_picked":["Rebound","Reinforced Body"],"picked":"Electrodynamics","floor":10},{"not_picked":["Cold Snap","Streamline"],"picked":"Thunder Strike","floor":13},{"not_picked":["Compile Driver","Streamline"],"picked":"BootSequence","floor":14},{"not_picked":["Hyperbeam","Machine Learning"],"picked":"Echo Form","floor":16},{"not_picked":["Genetic Algorithm","Sweeping Beam","Stack"],"picked":"SKIP","floor":18},{"not_picked":["Aggregate","Sweeping Beam","Stack"],"picked":"SKIP","floor":19},{"not_picked":["Scrape","Consume"],"picked":"Static Discharge","floor":23},{"not_picked":["Cold Snap+1","Hologram","Go for the Eyes"],"picked":"SKIP","floor":28},{"not_picked":["Chill","Glacier","Barrage"],"picked":"SKIP","floor":30},{"not_picked":["Cold Snap","Chill+1"],"picked":"Ball Lightning","floor":31},{"not_picked":["Electrodynamics","Creative AI"],"picked":"Biased Cognition","floor":33},{"not_picked":["Skim+1","Go for the Eyes+1"],"picked":"Tempest+1","floor":35},{"not_picked":["Streamline","Fusion","Reprogram+1"],"picked":"SKIP","floor":36},{"not_picked":["Go for the Eyes","Cold Snap+1"],"picked":"Melter+1","floor":38},{"not_picked":["Fusion+1","Glacier","Hologram"],"picked":"SKIP","floor":41},{"not_picked":["Hologram","Steam Power"],"picked":"Chaos+1","floor":42},{"not_picked":["Redo+1","Stack+1","Fusion+1"],"picked":"SKIP","floor":44},{"not_picked":["Coolheaded","Fusion+1","Redo"],"picked":"SKIP","floor":48}],"player_experience":165583,"relics_obtained":[{"floor":9,"key":"Centennial Puzzle"},{"floor":10,"key":"Whetstone"},{"floor":13,"key":"Oddly Smooth Stone"},{"floor":23,"key":"Cables"},{"floor":26,"key":"Happy Flower"},{"floor":42,"key":"Letter Opener"},{"floor":43,"key":"Regal Pillow"}],"event_choices":[{"damage_healed":0,"gold_gain":0,"player_choice":"Entered Light","damage_taken":15,"max_hp_gain":0,"max_hp_loss":0,"event_name":"Shining Light","floor":4,"gold_loss":0,"cards_upgraded":["Defend_B","Defend_B"]},{"damage_healed":0,"gold_gain":0,"player_choice":"Take Wound","damage_taken":0,"relics_obtained":["Golden Idol"],"max_hp_gain":0,"max_hp_loss":0,"event_name":"Golden Idol","floor":5,"gold_loss":0,"cards_obtained":["Injury"]},{"damage_healed":18,"gold_gain":0,"player_choice":"Healed","damage_taken":0,"max_hp_gain":0,"max_hp_loss":0,"event_name":"The Cleric","floor":6,"gold_loss":35},{"cards_removed":["Injury"],"damage_healed":0,"gold_gain":0,"player_choice":"Card Removal","damage_taken":7,"max_hp_gain":0,"max_hp_loss":0,"event_name":"Golden Wing","floor":12,"gold_loss":0},{"damage_healed":0,"gold_gain":0,"player_choice":"Ignored","damage_taken":0,"max_hp_gain":0,"max_hp_loss":0,"event_name":"Ghosts","floor":20,"gold_loss":0},{"damage_healed":0,"gold_gain":0,"player_choice":"Stole Relic","damage_taken":0,"relics_obtained":["Dream Catcher"],"max_hp_gain":0,"max_hp_loss":0,"event_name":"Addict","floor":21,"gold_loss":0,"cards_obtained":["Shame"]},{"damage_healed":0,"gold_gain":0,"player_choice":"Simplicity","damage_taken":0,"max_hp_gain":0,"max_hp_loss":0,"event_name":"Back to Basics","floor":22,"gold_loss":0,"cards_upgraded":["Strike_B","Strike_B","Defend_B","Defend_B"]},{"damage_healed":0,"gold_gain":0,"player_choice":"Copied","damage_taken":0,"max_hp_gain":0,"max_hp_loss":0,"event_name":"Duplicator","floor":27,"gold_loss":0,"cards_obtained":["Electrodynamics"]},{"damage_healed":0,"gold_gain":0,"player_choice":"Gave Potion","damage_taken":0,"relics_obtained":["Art of War"],"max_hp_gain":0,"max_hp_loss":0,"event_name":"WeMeetAgain","floor":37,"gold_loss":0},{"damage_healed":0,"gold_gain":0,"player_choice":"Max HP","damage_taken":0,"max_hp_gain":0,"max_hp_loss":4,"event_name":"Winding Halls","floor":45,"gold_loss":0}],"is_beta":false,"boss_relics":[{"not_picked":["Orrery","Busted Crown"],"picked":"Philosopher\u0027s Stone"},{"not_picked":["Black Star","Eternal Feather"],"picked":"Empty Cage"}],"items_purged_floors":[25,46],"is_endless":false,"potions_floor_spawned":[3,16,19,33,38,44],"ascension_level":1}