{"gold_per_floor":[115,130,130,55,70,70,97,108,134,134,153,181,199,99,99,175,175,185,202,77,91,111,111,125,125,125,143,143,143,162,173,173,247,247,267,285,385,79,79,79,96,112,112,112,112,124,124,124,124,124],"floor_reached":51,"playtime":3005,"items_purged":["Pain","Strike_R","Strike_R"],"score":1110,"play_id":"cccace10-9c9b-41b5-8ff4-6b10f12c4683","local_time":"20190727014242","is_ascension_mode":true,"campfire_choices":[{"data":"Whirlwind","floor":6.0,"key":"SMITH"},{"data":"Bash","floor":10.0,"key":"SMITH"},{"floor":15.0,"key":"REST"},{"floor":23.0,"key":"REST"},{"data":"Limit Break","floor":25.0,"key":"SMITH"},{"floor":28.0,"key":"REST"},{"floor":32.0,"key":"REST"},{"data":"Shockwave","floor":40.0,"key":"SMITH"},{"floor":45.0,"key":"REST"},{"floor":49.0,"key":"REST"}],"neow_cost":"NONE","seed_source_timestamp":795562000424677,"circlet_count":0,"master_deck":["AscendersBane","Strike_R","Strike_R","Defend_R","Defend_R","Defend_R","Bash+1","Whirlwind+1","Armaments","Shrug It Off","Entrench+1","Inflame","Flex","Shrug It Off","Headbutt","Limit Break+1","Heavy Blade","Shockwave+1","Offering","Shrug It Off","True Grit","Fiend Fire","True Grit+1","Writhe","Bloodletting","Warcry+1"],"special_seed":0,"relics":["Burning Blood","NeowsBlessing","WarpedTongs","Vajra","War Paint","Potion Belt","Cursed Key","Incense Burner","Empty Cage","Ice Cream","Gambling Chip"],"potions_floor_usage":[50],"damage_taken":[{"damage":0.0,"enemies":"Jaw Worm","floor":1.0,"turns":1.0},{"damage":0.0,"enemies":"Cultist","floor":2.0,"turns":1.0},{"damage":0.0,"enemies":"Small Slimes","floor":5.0,"turns":1.0},{"damage":34.0,"enemies":"Gremlin Nob","floor":7.0,"turns":5.0},{"damage":10.0,"enemies":"Exordium Wildlife","floor":8.0,"turns":5.0},{"damage":6.0,"enemies":"Looter","floor":11.0,"turns":3.0},{"damage":11.0,"enemies":"Lagavulin","floor":12.0,"turns":5.0},{"damage":0.0,"enemies":"Large Slime","floor":13.0,"turns":4.0},{"damage":33.0,"enemies":"The Guardian","floor":16.0,"turns":11.0},{"damage":27.0,"enemies":"Spheric Guardian","floor":18.0,"turns":5.0},{"damage":12.0,"enemies":"2 Thieves","floor":19.0,"turns":3.0},{"damage":6.0,"enemies":"3 Cultists","floor":21.0,"turns":3.0},{"damage":19.0,"enemies":"Shelled Parasite and Fungi","floor":22.0,"turns":4.0},{"damage":18.0,"enemies":"Snake Plant","floor":24.0,"turns":4.0},{"damage":15.0,"enemies":"Centurion and Healer","floor":27.0,"turns":6.0},{"damage":0.0,"enemies":"3 Cultists","floor":30.0,"turns":3.0},{"damage":11.0,"enemies":"Snecko","floor":31.0,"turns":5.0},{"damage":42.0,"enemies":"Collector","floor":33.0,"turns":7.0},{"damage":13.0,"enemies":"3 Shapes","floor":35.0,"turns":6.0},{"damage":18.0,"enemies":"3 Darklings","floor":36.0,"turns":2.0},{"damage":2.0,"enemies":"Mind Bloom Boss Battle","floor":37.0,"turns":6.0},{"damage":32.0,"enemies":"Spire Growth","floor":41.0,"turns":4.0},{"damage":22.0,"enemies":"Jaw Worm Horde","floor":42.0,"turns":4.0},{"damage":25.0,"enemies":"Writhing Mass","floor":46.0,"turns":7.0},{"damage":47,"enemies":"Donu and Deca","floor":50,"turns":8}],"seed_played":"1047066473859822492","potions_obtained":[{"floor":2.0,"key":"Explosive Potion"},{"floor":11.0,"key":"SteroidPotion"},{"floor":13.0,"key":"Poison Potion"},{"floor":19.0,"key":"SpeedPotion"},{"floor":22.0,"key":"Ancient Potion"},{"floor":31.0,"key":"Block Potion"},{"floor":41.0,"key":"SpeedPotion"},{"floor":42.0,"key":"SteroidPotion"}],"is_trial":false,"path_per_floor":["M","M","?","$","M","R","E","M","T","R","M","E","M","$","R","B",null,"M","M","$","M","M","R","M","R","T","M","R","$","M","M","R","B",null,"M","M","?","$","?","R","M","M","T","?","R","M","?","?","R","B",null],"character_chosen":"IRONCLAD","items_purchased":["Gambling Chip"],"campfire_rested":6,"item_purchase_floors":[38],"current_hp_per_floor":[74,75,75,75,75,75,47,43,43,43,43,38,44,44,66,39,66,45,39,39,39,26,48,36,36,36,27,49,49,55,50,72,36,65,58,46,50,50,69,69,43,27,27,27,49,30,30,30,52,11],"gold":124,"neow_bonus":"THREE_ENEMY_KILL","is_prod":false,"is_daily":false,"chose_seed":false,"campfire_upgraded":4,"win_rate":0,"timestamp":1564216962,"path_taken":["M","M","?","$","M","R","E","?","T","R","M","E","M","$","R","BOSS","M","M","$","M","M","R","M","R","T","M","R","$","M","M","R","BOSS","M","M","?","$","?","R","M","M","T","?","R","?","?","?","R","BOSS"],"build_version":"2019-07-18","purchased_purges":3,"victory":true,"max_hp_per_floor":[75,75,75,75,75,75,75,75,75,75,75,75,75,75,75,75,75,75,75,75,75,75,75,75,75,75,75,75,75,75,75,75,75,75,75,75,75,75,75,75,75,75,75,75,75,75,75,75,75,75],"card_choices":[{"not_picked":["Wild Strike","Iron Wave"],"picked":"Whirlwind","floor":1.0},{"not_picked":["Fire Breathing","Clash"],"picked":"Armaments","floor":2.0},{"not_picked":["Pommel Strike","Feel No Pain"],"picked":"Shrug It Off","floor":5.0},{"not_picked":["Clash","Infernal Blade"],"picked":"Entrench","floor":7.0},{"not_picked":["Disarm","Entrench"],"picked":"Inflame","floor":8.0},{"not_picked":["Clothesline","Immolate"],"picked":"Flex","floor":11.0},{"not_picked":["Wild Strike","Carnage"],"picked":"Shrug It Off","floor":12.0},{"not_picked":["Wild Strike","Warcry"],"picked":"Headbutt","floor":13.0},{"not_picked":["Exhume","Fiend Fire"],"picked":"Limit Break","floor":16.0},{"not_picked":["Power Through","Havoc"],"picked":"Heavy Blade","floor":18.0},{"not_picked":["Flame Barrier","Shrug It Off"],"picked":"Shockwave","floor":19.0},{"not_picked":["Clothesline","Headbutt"],"picked":"Offering","floor":21.0},{"not_picked":["Clash","Inflame"],"picked":"Shrug It Off","floor":22.0},{"not_picked":["Warcry","Sword Boomerang+1"],"picked":"True Grit","floor":24.0},{"not_picked":["Warcry","Twin Strike+1","Wild Strike"],"picked":"SKIP","floor":27.0},{"not_picked":["Twin Strike","Sentinel+1","Clothesline"],"picked":"SKIP","floor":30.0},{"not_picked":["Twin Strike","Brutality","Cleave"],"picked":"SKIP","floor":31.0},{"not_picked":["Exhume","Demon Form"],"picked":"Fiend Fire","floor":33.0},{"not_picked":["Pommel Strike","Armaments"],"picked":"True Grit+1","floor":35.0},{"not_picked":["Rage","Pommel Strike+1","Immolate"],"picked":"SKIP","floor":36.0},{"not_picked":["Iron Wave","Pommel Strike+1"],"picked":"Bloodletting","floor":41.0},{"not_picked":["Heavy Blade","Armaments"],"picked":"Warcry+1","floor":42.0},{"not_picked":["Fire Breathing","Flex","Searing Blow+1"],"picked":"SKIP","floor":46.0}],"player_experience":214456,"relics_obtained":[{"floor":7.0,"key":"Vajra"},{"floor":9.0,"key":"War Paint"},{"floor":12.0,"key":"Potion Belt"},{"floor":26.0,"key":"Incense Burner"},{"floor":37.0,"key":"Ice Cream"}],"event_choices":[{"damage_healed":0.0,"max_hp_gain":0.0,"max_hp_loss":0.0,"gold_gain":0.0,"event_name":"Accursed Blacksmith","player_choice":"Rummage","floor":3.0,"gold_loss":0.0,"damage_taken":0.0,"relics_obtained":["WarpedTongs"],"cards_obtained":["Pain"]},{"damage_healed":0.0,"max_hp_gain":0.0,"max_hp_loss":0.0,"gold_gain":0.0,"event_name":"MindBloom","player_choice":"Fight","floor":37.0,"gold_loss":0.0,"damage_taken":0.0},{"damage_healed":19.0,"max_hp_gain":0.0,"max_hp_loss":0.0,"gold_gain":0.0,"event_name":"Winding Halls","player_choice":"Writhe","floor":39.0,"gold_loss":0.0,"damage_taken":0.0,"cards_obtained":["Writhe"]},{"cards_removed":["Defend_R"],"damage_healed":0.0,"max_hp_gain":0.0,"max_hp_loss":0.0,"gold_gain":0.0,"event_name":"Falling","player_choice":"Removed Skill","floor":44.0,"gold_loss":0.0,"damage_taken":0.0},{"damage_healed":0.0,"max_hp_gain":0.0,"max_hp_loss":0.0,"gold_gain":0.0,"event_name":"Mysterious Sphere","player_choice":"Ignored","floor":47.0,"gold_loss":0.0,"damage_taken":0.0},{"damage_healed":0.0,"max_hp_gain":0.0,"max_hp_loss":0.0,"gold_gain":0.0,"event_name":"SensoryStone","player_choice":"Memory 1","floor":48.0,"gold_loss":0.0,"damage_taken":0.0}],"is_beta":true,"boss_relics":[{"not_picked":["Calling Bell","Coffee Dripper"],"picked":"Cursed Key"},{"not_picked":["Runic Pyramid","Runic Dome"],"picked":"Empty Cage"}],"items_purged_floors":[4,14,20],"is_endless":false,"potions_floor_spawned":[2,11,13,19,22,31,41,42],"ascension_level":14}