{"gold_per_floor":[109,109,109,126,143,143,43,43,70,70,87,87,87,120,120,196,196,166,166,66,66,80,80],"floor_reached":23,"playtime":926,"items_purged":["Strike_B","Strike_B"],"score":374,"play_id":"4508d680-abd9-4c83-945f-29fa6d627d21","local_time":"20190303102758","is_ascension_mode":true,"campfire_choices":[{"data":"Zap","floor":6,"key":"SMITH"},{"data":"Dualcast","floor":8,"key":"SMITH"},{"data":"Skim","floor":13,"key":"SMITH"},{"data":"FTL","floor":15,"key":"SMITH"}],"neow_cost":"CURSE","seed_source_timestamp":174643410126525,"circlet_count":0,"master_deck":["AscendersBane","Strike_B","Strike_B","Defend_B","Defend_B","Defend_B","Defend_B","Zap+1","Dualcast+1","Parasite","FTL+1","Glacier","Compile Driver","Skim+1","Conserve Battery","Seek","Writhe","Recycle"],"special_seed":0,"relics":["FrozenCore","Du-Vu Doll","Vajra","Blood Vial","Orichalcum","Anchor"],"potions_floor_usage":[16],"damage_taken":[{"damage":2,"enemies":"Cultist","floor":1,"turns":4},{"damage":0,"enemies":"Small Slimes","floor":4,"turns":2},{"damage":7,"enemies":"Jaw Worm","floor":5,"turns":2},{"damage":13,"enemies":"3 Louse","floor":11,"turns":3},{"damage":6,"enemies":"Lagavulin","floor":14,"turns":6},{"damage":4,"enemies":"The Guardian","floor":16,"turns":11},{"damage":14,"enemies":"2 Thieves","floor":18,"turns":4},{"damage":12,"enemies":"Chosen","floor":22,"turns":6},{"damage":45,"enemies":"Book of Stabbing","floor":23,"turns":5}],"seed_played":"-7144662529233666470","potions_obtained":[{"floor":11,"key":"Explosive Potion"},{"floor":16,"key":"Block Potion"},{"floor":18,"key":"FocusPotion"}],"is_trial":false,"path_per_floor":["M","?","?","M","M","R","$","R","T","?","M","?","R","E","R","B",null,"M","?","$","?","M","E"],"character_chosen":"DEFECT","items_purchased":["Compile Driver"],"campfire_rested":0,"item_purchase_floors":[7],"current_hp_per_floor":[62,67,62,62,55,55,55,55,55,55,44,44,44,40,40,38,67,55,48,48,48,38,0],"gold":80,"neow_bonus":"ONE_RARE_RELIC","is_prod":false,"is_daily":false,"chose_seed":false,"campfire_upgraded":4,"win_rate":0,"timestamp":1551605278,"path_taken":["M","?","?","M","M","R","?","R","T","?","?","?","R","E","R","BOSS","M","?","?","?","M","E"],"build_version":"2019-01-23","purchased_purges":2,"victory":false,"max_hp_per_floor":[71,76,76,76,76,76,76,76,76,76,76,76,76,76,76,76,76,76,76,76,76,76,76],"card_choices":[{"not_picked":["Go for the Eyes","Doom and Gloom","Loop"],"picked":"SKIP","floor":1},{"not_picked":["Heatsinks","Turbo"],"picked":"FTL","floor":4},{"not_picked":["Chill","Leap"],"picked":"Glacier","floor":5},{"not_picked":["Reinforced Body","Turbo"],"picked":"Skim","floor":11},{"not_picked":["Sweeping Beam","Barrage"],"picked":"Conserve Battery","floor":14},{"not_picked":["Rainbow","Multi-Cast"],"picked":"Seek","floor":16},{"not_picked":["Go for the Eyes","Gash","Beam Cell"],"picked":"SKIP","floor":18},{"not_picked":["Sweeping Beam","Conserve Battery"],"picked":"Recycle","floor":22}],"player_experience":927066,"relics_obtained":[{"floor":9,"key":"Blood Vial"},{"floor":14,"key":"Orichalcum"}],"event_choices":[{"damage_healed":0,"gold_gain":0,"player_choice":"Donut","damage_taken":0,"max_hp_gain":5,"max_hp_loss":0,"event_name":"Big Fish","floor":2,"gold_loss":0},{"damage_healed":0,"gold_gain":0,"player_choice":"Success","damage_taken":5,"relics_obtained":["Vajra"],"max_hp_gain":0,"max_hp_loss":0,"event_name":"Scrap Ooze","floor":3,"gold_loss":0},{"damage_healed":0,"gold_gain":0,"player_choice":"Ignored","damage_taken":0,"max_hp_gain":0,"max_hp_loss":0,"event_name":"Shining Light","floor":10,"gold_loss":0},{"damage_healed":0,"gold_gain":0,"player_choice":"Ignored","damage_taken":0,"max_hp_gain":0,"max_hp_loss":0,"event_name":"Liars Game","floor":12,"gold_loss":0},{"damage_healed":0,"gold_gain":0,"player_choice":"","damage_taken":7,"max_hp_gain":0,"max_hp_loss":0,"event_name":"Knowing Skull","floor":19,"potions_obtained":[],"gold_loss":0,"cards_obtained":[]},{"damage_healed":0,"gold_gain":0,"player_choice":"Opened","damage_taken":0,"relics_obtained":["Anchor"],"max_hp_gain":0,"max_hp_loss":0,"event_name":"The Mausoleum","floor":21,"gold_loss":0,"cards_obtained":["Writhe"]}],"is_beta":false,"boss_relics":[{"not_picked":["Coffee Dripper","Lizard Tail"],"picked":"FrozenCore"}],"items_purged_floors":[7,20],"is_endless":false,"potions_floor_spawned":[11,16,18],"killed_by":"Book of Stabbing","ascension_level":20}