{"gold_per_floor":[119,52,52,52,63,63,93,105,105,105,105,120,133,208,208,303,303,315,193,118,134,134,134,134,162,162,162,174,193,193,193,193,193],"floor_reached":33,"playtime":2125,"items_purged":["Strike_R"],"score":302,"play_id":"ab3bd84f-ed00-454c-9341-4b6da6f33823","local_time":"20190724001353","is_ascension_mode":true,"campfire_choices":[{"data":"Searing Blow","floor":6.0,"key":"SMITH"},{"data":"Searing Blow+1","floor":11.0,"key":"SMITH"},{"data":"Searing Blow+2","floor":15.0,"key":"SMITH"},{"data":"Searing Blow+3","floor":23.0,"key":"SMITH"},{"data":"Searing Blow+4","floor":27.0,"key":"SMITH"},{"data":"Searing Blow+5","floor":30.0,"key":"SMITH"},{"data":"Searing Blow+6","floor":32.0,"key":"SMITH"}],"neow_cost":"NONE","seed_source_timestamp":1114151422287100,"circlet_count":0,"master_deck":["Strike_R","Strike_R","Defend_R","Defend_R","Defend_R","Defend_R","Bash","Thunderclap","Searing Blow+7","True Grit","Impervious","True Grit","Shrug It Off","Pain","Metallicize"],"special_seed":0,"relics":["Burning Blood","NeowsBlessing","Magic Flower","Thread and Needle","Sozu","Nilry\u0027s Codex","WarpedTongs","Dodecahedron","Blue Candle"],"potions_floor_usage":[],"damage_taken":[{"damage":0.0,"enemies":"2 Louse","floor":1.0,"turns":1.0},{"damage":0.0,"enemies":"Cultist","floor":5.0,"turns":1.0},{"damage":0.0,"enemies":"3 Sentries","floor":7.0,"turns":2.0},{"damage":5.0,"enemies":"Small Slimes","floor":8.0,"turns":3.0},{"damage":14.0,"enemies":"Gremlin Gang","floor":12.0,"turns":4.0},{"damage":1.0,"enemies":"Looter","floor":13.0,"turns":2.0},{"damage":65.0,"enemies":"Hexaghost","floor":16.0,"turns":10.0},{"damage":25.0,"enemies":"Shell Parasite","floor":18.0,"turns":6.0},{"damage":6.0,"enemies":"Spheric Guardian","floor":21.0,"turns":5.0},{"damage":23.0,"enemies":"Gremlin Leader","floor":25.0,"turns":6.0},{"damage":10.0,"enemies":"3 Cultists","floor":28.0,"turns":5.0},{"damage":2.0,"enemies":"Snecko","floor":29.0,"turns":5.0},{"damage":70,"enemies":"Collector","floor":33,"turns":6}],"seed_played":"4324018280909272505","potions_obtained":[{"floor":1.0,"key":"PowerPotion"},{"floor":8.0,"key":"AttackPotion"},{"floor":12.0,"key":"AttackPotion"}],"is_trial":false,"path_per_floor":["M","$","?","$","M","R","E","M","T","?","R","M","M","?","R","B",null,"M","$","?","M","?","R","?","E","T","R","M","M","R","?","R","B"],"character_chosen":"IRONCLAD","items_purchased":["Searing Blow","Shrug It Off"],"campfire_rested":0,"item_purchase_floors":[2,19],"current_hp_per_floor":[80,80,80,80,80,80,80,80,80,80,80,75,80,69,69,13,80,64,64,64,67,51,51,51,37,37,37,36,43,43,69,69,0],"gold":193,"neow_bonus":"THREE_ENEMY_KILL","is_prod":false,"is_daily":false,"chose_seed":false,"campfire_upgraded":7,"win_rate":0,"timestamp":1563952433,"path_taken":["M","$","?","$","M","R","E","?","T","?","R","?","M","?","R","BOSS","M","$","?","M","?","R","?","E","T","R","M","?","R","?","R","BOSS"],"build_version":"2019-07-18","purchased_purges":1,"victory":false,"max_hp_per_floor":[80,80,80,80,80,80,80,80,80,80,80,80,80,80,80,80,80,80,80,80,80,80,80,80,80,80,80,80,80,80,80,80,80],"card_choices":[{"not_picked":["Reckless Charge","Perfected Strike"],"picked":"Thunderclap","floor":1.0},{"not_picked":["True Grit","Twin Strike","Anger"],"picked":"SKIP","floor":5.0},{"not_picked":["Twin Strike","Anger"],"picked":"True Grit","floor":5.0},{"not_picked":["Iron Wave","Sentinel","Cleave"],"picked":"SKIP","floor":7.0},{"not_picked":["Searing Blow","Twin Strike","Iron Wave"],"picked":"SKIP","floor":8.0},{"not_picked":["Clash","Warcry","Havoc"],"picked":"SKIP","floor":12.0},{"not_picked":["Clothesline","Fire Breathing","Inflame"],"picked":"SKIP","floor":13.0},{"not_picked":["Immolate","Exhume"],"picked":"Impervious","floor":16.0},{"not_picked":["Sword Boomerang","Pommel Strike"],"picked":"True Grit","floor":18.0},{"not_picked":["Wild Strike","Sentinel","Sword Boomerang"],"picked":"SKIP","floor":21.0},{"not_picked":["Perfected Strike","Flame Barrier"],"picked":"Metallicize","floor":25.0},{"not_picked":["Intimidate","True Grit","Sword Boomerang"],"picked":"SKIP","floor":28.0},{"not_picked":["Limit Break","Rampage","Combust"],"picked":"SKIP","floor":29.0}],"player_experience":159918,"relics_obtained":[{"floor":7.0,"key":"Magic Flower"},{"floor":9.0,"key":"Thread and Needle"},{"floor":22.0,"key":"Nilry\u0027s Codex"},{"floor":25.0,"key":"Dodecahedron"},{"floor":26.0,"key":"Blue Candle"}],"event_choices":[{"damage_healed":0.0,"max_hp_gain":0.0,"max_hp_loss":0.0,"gold_gain":0.0,"event_name":"NoteForYourself","player_choice":"Ignored","floor":3.0,"gold_loss":0.0,"damage_taken":0.0},{"cards_removed":["Strike_R"],"damage_healed":0.0,"max_hp_gain":0.0,"max_hp_loss":0.0,"gold_gain":0.0,"event_name":"Bonfire Elementals","player_choice":"Offered Basic","floor":10.0,"gold_loss":0.0,"damage_taken":0.0},{"damage_healed":0.0,"max_hp_gain":0.0,"max_hp_loss":0.0,"gold_gain":75.0,"event_name":"World of Goop","player_choice":"Gather Gold","floor":14.0,"gold_loss":0.0,"damage_taken":11.0},{"cards_removed":["Strike_R"],"damage_healed":0.0,"max_hp_gain":0.0,"max_hp_loss":0.0,"gold_gain":0.0,"event_name":"Beggar","player_choice":"Gave Gold","floor":20.0,"gold_loss":75.0,"damage_taken":0.0},{"damage_healed":0.0,"max_hp_gain":0.0,"max_hp_loss":0.0,"gold_gain":0.0,"event_name":"Cursed Tome","player_choice":"Obtained Book","floor":22.0,"gold_loss":0.0,"damage_taken":16.0},{"damage_healed":0.0,"max_hp_gain":0.0,"max_hp_loss":0.0,"gold_gain":0.0,"event_name":"Accursed Blacksmith","player_choice":"Rummage","floor":24.0,"gold_loss":0.0,"damage_taken":0.0,"relics_obtained":["WarpedTongs"],"cards_obtained":["Pain"]},{"damage_healed":26.0,"max_hp_gain":0.0,"max_hp_loss":0.0,"gold_gain":0.0,"event_name":"The Library","player_choice":"Heal","floor":31.0,"gold_loss":0.0,"damage_taken":0.0}],"is_beta":true,"boss_relics":[{"not_picked":["Philosopher\u0027s Stone","Busted Crown"],"picked":"Sozu"}],"items_purged_floors":[19],"is_endless":false,"potions_floor_spawned":[1,8,12,21,29],"killed_by":"Collector","ascension_level":1}