{"gold_per_floor":[114,189,114,114,114,114,131,162,162,162,178,178,78,78,78,156,156,175,50,100,111,128,153,169,181,181,181,26,26,26,58,58,58],"floor_reached":33,"playtime":1170,"items_purged":["Strike_B","Strike_B","Defend_B"],"score":492,"play_id":"776eb480-7a7a-4fa2-98f9-1a5fba4e5f07","local_time":"20190112172811","is_ascension_mode":true,"campfire_choices":[{"data":"Darkness","floor":6.0,"key":"SMITH"},{"data":"Zap","floor":10.0,"key":"SMITH"},{"data":"Dualcast","floor":12.0,"key":"SMITH"},{"data":"Seek","floor":15.0,"key":"SMITH"},{"floor":27,"key":"REST"},{"data":"Redo","floor":29,"key":"SMITH"},{"data":"Creative AI","floor":32,"key":"SMITH"}],"neow_cost":"NONE","seed_source_timestamp":459504571634372,"circlet_count":0,"master_deck":["AscendersBane","Defend_B","Defend_B","Zap+1","Dualcast+1","Darkness+1","Cold Snap","Seek+1","Rainbow","Undo+1","Melter+1","Reboot+1","Redo+1","Steam","Creative AI+1"],"special_seed":0,"relics":["Cracked Core","Blood Vial","Unceasing Top","Shuriken","Mango","Astrolabe","The Courier","Medical Kit","Shovel"],"potions_floor_usage":[23,31,31],"damage_taken":[{"damage":0.0,"enemies":"Small Slimes","floor":1.0,"turns":3.0},{"damage":1.0,"enemies":"Jaw Worm","floor":7.0,"turns":5.0},{"damage":38.0,"enemies":"Gremlin Nob","floor":8.0,"turns":5.0},{"damage":5.0,"enemies":"2 Louse","floor":11.0,"turns":3.0},{"damage":25.0,"enemies":"Hexaghost","floor":16.0,"turns":9.0},{"damage":18.0,"enemies":"2 Thieves","floor":18.0,"turns":4.0},{"damage":4,"enemies":"Shell Parasite","floor":21,"turns":4},{"damage":7,"enemies":"Snake Plant","floor":22,"turns":3},{"damage":21,"enemies":"Gremlin Leader","floor":23,"turns":5},{"damage":17,"enemies":"Centurion and Healer","floor":24,"turns":5},{"damage":0,"enemies":"Snecko","floor":25,"turns":5},{"damage":24,"enemies":"Slavers","floor":31,"turns":5},{"damage":21,"enemies":"Champ","floor":33,"turns":6}],"seed_played":"8848819893651947087","potions_obtained":[{"floor":7.0,"key":"LiquidBronze"},{"floor":8.0,"key":"Energy Potion"},{"floor":16.0,"key":"SteroidPotion"},{"floor":23,"key":"LiquidBronze"},{"floor":24,"key":"Swift Potion"},{"floor":31,"key":"Poison Potion"}],"is_trial":false,"path_per_floor":["M","?","$","?","?","R","M","E","T","R","M","R","$","T","R","B",null,"M","$","?","M","M","E","M","M","T","R","$","R","?","E","R","B"],"character_chosen":"DEFECT","items_purchased":["Medical Kit"],"campfire_rested":1,"item_purchase_floors":[28],"current_hp_per_floor":[66,55,55,55,55,55,56,20,20,20,17,17,17,31,31,8,66,50,50,50,48,43,24,9,11,11,36,36,36,36,14,14,0],"gold":58,"neow_bonus":"RANDOM_COMMON_RELIC","is_prod":false,"is_daily":false,"chose_seed":false,"campfire_upgraded":6,"win_rate":0,"timestamp":1547310491,"path_taken":["M","?","$","?","?","R","M","E","T","R","M","R","$","?","R","BOSS","M","$","?","M","?","E","M","?","T","R","$","R","?","E","R","BOSS"],"build_version":"2019-01-10","purchased_purges":3,"victory":false,"max_hp_per_floor":[71,71,71,71,71,71,71,71,71,71,71,71,71,85,85,85,85,85,85,85,85,85,85,85,85,85,85,85,85,85,85,85,85],"card_choices":[{"not_picked":["Stack","Barrage"],"picked":"Darkness","floor":1.0},{"not_picked":["Storm","Beam Cell"],"picked":"Cold Snap","floor":7.0},{"not_picked":["Doom and Gloom","Go for the Eyes"],"picked":"Seek","floor":8.0},{"not_picked":["Undo","Go for the Eyes","Barrage"],"picked":"SKIP","floor":11.0},{"not_picked":["Biased Cognition","Hyperbeam"],"picked":"Rainbow","floor":16.0},{"not_picked":["Barrage","Cold Snap","Hologram"],"picked":"SKIP","floor":18},{"not_picked":["Rebound","Sunder","Streamline"],"picked":"SKIP","floor":21},{"not_picked":["Consume","Steam Power"],"picked":"Redo","floor":22},{"not_picked":["Stack","FTL"],"picked":"Steam","floor":23},{"not_picked":["Beam Cell","Stack","Sweeping Beam"],"picked":"SKIP","floor":24},{"not_picked":["Rip and Tear","Sweeping Beam","Reprogram"],"picked":"SKIP","floor":25},{"not_picked":["Creative AI","Sweeping Beam","Leap"],"picked":"SKIP","floor":31},{"not_picked":["Sweeping Beam","Leap"],"picked":"Creative AI","floor":31}],"player_experience":708882,"relics_obtained":[{"floor":8.0,"key":"Unceasing Top"},{"floor":9.0,"key":"Shuriken"},{"floor":14.0,"key":"Mango"},{"floor":23,"key":"The Courier"},{"floor":31,"key":"Shovel"}],"event_choices":[{"damage_healed":0.0,"max_hp_gain":0.0,"max_hp_loss":0.0,"gold_gain":75.0,"event_name":"World of Goop","player_choice":"Gather Gold","floor":2.0,"gold_loss":0.0,"damage_taken":11.0},{"damage_healed":0.0,"max_hp_gain":0.0,"max_hp_loss":0.0,"gold_gain":0.0,"event_name":"Shining Light","player_choice":"Ignored","floor":4.0,"gold_loss":0.0,"damage_taken":0.0},{"damage_healed":0.0,"max_hp_gain":0.0,"max_hp_loss":0.0,"gold_gain":0.0,"event_name":"Golden Idol","player_choice":"Ignored","floor":5.0,"gold_loss":0.0,"damage_taken":0.0},{"damage_healed":0,"gold_gain":50,"player_choice":"Pray","damage_taken":0,"max_hp_gain":0,"max_hp_loss":0,"event_name":"Golden Shrine","floor":20,"gold_loss":0},{"damage_healed":0,"gold_gain":0,"player_choice":"Ignored","damage_taken":0,"max_hp_gain":0,"max_hp_loss":0,"event_name":"Ghosts","floor":30,"gold_loss":0}],"is_beta":false,"boss_relics":[{"not_picked":["Inserter","Orrery"],"picked":"Astrolabe"}],"items_purged_floors":[3,13,19],"is_endless":false,"potions_floor_spawned":[7,8,16,21,23,24,31],"killed_by":"Champ","ascension_level":15}