{"gold_per_floor":[111,36,36,53,53,53,80,95,95,95,125,125,38,38,38,113,113,124,49,49],"floor_reached":20,"playtime":564,"items_purged":["Strike_B"],"score":311,"play_id":"46668f15-ce6e-4d62-9296-e88d7983d67b","local_time":"20190213091302","is_ascension_mode":true,"campfire_choices":[{"data":"Zap","floor":6.0,"key":"SMITH"},{"data":"Coolheaded","floor":10.0,"key":"SMITH"},{"data":"Dualcast","floor":12.0,"key":"SMITH"},{"data":"Defragment","floor":15.0,"key":"SMITH"}],"neow_cost":"TEN_PERCENT_HP_LOSS","seed_source_timestamp":781439568218419,"circlet_count":0,"master_deck":["AscendersBane","Strike_B","Strike_B","Defend_B","Defend_B","Defend_B","Defend_B","Zap+1","Dualcast+1","Coolheaded+1","Streamline","Ball Lightning","Gash","Defragment+1","Compile Driver"],"special_seed":0,"relics":["Cracked Core","Prayer Wheel","Shuriken","Darkstone Periapt","Inserter"],"potions_floor_usage":[20,20],"damage_taken":[{"damage":3.0,"enemies":"2 Louse","floor":1.0,"turns":4.0},{"damage":2.0,"enemies":"Jaw Worm","floor":4.0,"turns":3.0},{"damage":26.0,"enemies":"3 Sentries","floor":7.0,"turns":9.0},{"damage":1.0,"enemies":"Cultist","floor":8.0,"turns":3.0},{"damage":25,"enemies":"Slime Boss","floor":16,"turns":10},{"damage":52,"enemies":"2 Thieves","floor":18,"turns":4},{"damage":16,"enemies":"Shell Parasite","floor":20,"turns":1}],"seed_played":"-290743349319606952","potions_obtained":[{"floor":8.0,"key":"Regen Potion"},{"floor":16,"key":"FairyPotion"},{"floor":18,"key":"Regen Potion"}],"is_trial":false,"path_per_floor":["M","?","?","M","?","R","E","M","T","R","?","R","$","?","R","B",null,"M","$","M"],"character_chosen":"DEFECT","items_purchased":["Defragment"],"campfire_rested":0,"item_purchase_floors":[13],"current_hp_per_floor":[61,61,64,62,62,62,36,35,35,35,35,35,35,40,40,15,56,4,4,0],"gold":49,"neow_bonus":"ONE_RARE_RELIC","is_prod":false,"is_daily":false,"chose_seed":false,"campfire_upgraded":4,"win_rate":0,"timestamp":1550045582,"path_taken":["M","?","?","?","?","R","E","M","T","R","?","R","?","?","R","BOSS","M","$","M"],"build_version":"2019-01-23","purchased_purges":1,"victory":false,"max_hp_per_floor":[64,64,64,64,64,64,64,64,64,64,64,64,64,69,69,69,69,69,69,69],"card_choices":[{"not_picked":["Rebound","Gash"],"picked":"Coolheaded","floor":1.0},{"not_picked":["Leap","Rebound","Go for the Eyes"],"picked":"SKIP","floor":1.0},{"not_picked":["Sweeping Beam","Redo"],"picked":"Streamline","floor":4.0},{"not_picked":["Fusion","Storm","Hologram"],"picked":"SKIP","floor":4.0},{"not_picked":["Cold Snap","Chaos"],"picked":"Ball Lightning","floor":7.0},{"not_picked":["Aggregate","Turbo"],"picked":"Gash","floor":8.0},{"not_picked":["Scrape","Lockon","Barrage"],"picked":"SKIP","floor":8.0},{"not_picked":["Aggregate","Go for the Eyes"],"picked":"Compile Driver","floor":18},{"not_picked":["Rebound+1","Heatsinks+1","Stack"],"picked":"SKIP","floor":18}],"player_experience":790440,"relics_obtained":[{"floor":7.0,"key":"Shuriken"},{"floor":9.0,"key":"Darkstone Periapt"}],"event_choices":[{"cards_removed":["Strike_B"],"damage_healed":0.0,"max_hp_gain":0.0,"max_hp_loss":0.0,"gold_gain":0.0,"event_name":"The Cleric","player_choice":"Card Removal","floor":2.0,"gold_loss":75.0,"damage_taken":0.0},{"damage_healed":3.0,"max_hp_gain":0.0,"max_hp_loss":0.0,"gold_gain":0.0,"event_name":"Wheel of Change","player_choice":"Full Heal","floor":3.0,"gold_loss":0.0,"damage_taken":0.0},{"damage_healed":0.0,"max_hp_gain":0.0,"max_hp_loss":0.0,"gold_gain":0.0,"event_name":"Liars Game","player_choice":"Ignored","floor":5.0,"gold_loss":0.0,"damage_taken":0.0},{"damage_healed":0.0,"max_hp_gain":0.0,"max_hp_loss":0.0,"gold_gain":30.0,"event_name":"Dead Adventurer","player_choice":"Searched \u00272\u0027 times","floor":11.0,"gold_loss":0.0,"damage_taken":0.0},{"damage_healed":0.0,"max_hp_gain":5.0,"max_hp_loss":0.0,"gold_gain":0.0,"event_name":"Big Fish","player_choice":"Donut","floor":14.0,"gold_loss":0.0,"damage_taken":0.0}],"is_beta":false,"boss_relics":[{"not_picked":["Sozu","Cursed Key"],"picked":"Inserter"}],"items_purged_floors":[19],"is_endless":false,"potions_floor_spawned":[8,16,18],"killed_by":"Shell Parasite","ascension_level":17}