{"gold_per_floor":[15,34,44,58,71,105,105,135,188,188,39,39,69,69,69,167,167,182,182,107,132,147,147,183,183,207,207,221,221,6,20,20,118,118,142,475,58,58,71,71,71,86,163,163,198,215,215,238,238,238,238,238,238,40,67,67],"floor_reached":57,"playtime":3218,"items_purged":["Strike_B","Consume"],"score":2816,"play_id":"9671c440-0191-44c0-9e0f-1dd26a0d9791","local_time":"20190731144053","is_ascension_mode":true,"campfire_choices":[{"floor":7.0,"key":"REST"},{"floor":12.0,"key":"REST"},{"data":"Zap","floor":15.0,"key":"SMITH"},{"floor":23.0,"key":"REST"},{"data":"Biased Cognition","floor":25.0,"key":"SMITH"},{"data":"Biased Cognition","floor":27.0,"key":"SMITH"},{"floor":32.0,"key":"REST"},{"floor":40,"key":"RECALL"},{"data":"Defragment","floor":44,"key":"SMITH"},{"data":"Loop","floor":47,"key":"SMITH"},{"data":"Darkness","floor":49,"key":"SMITH"},{"data":"Electrodynamics","floor":53,"key":"SMITH"}],"neow_cost":"NO_GOLD","seed_source_timestamp":0,"circlet_count":0,"master_deck":["AscendersBane","Zap+1","Dualcast","Conserve Battery","Cold Snap","Genetic Algorithm","Defragment+1","Cold Snap","Genetic Algorithm","Core Surge","Biased Cognition+1","Hologram","Biased Cognition+1","Genetic Algorithm","Glacier","Loop+1","RitualDagger","Core Surge","Hologram","Electrodynamics+1","Electrodynamics","Chill","Darkness+1","Loop+1"],"special_seed":0,"relics":["Cracked Core","Shuriken","Vajra","DataDisk","The Courier","Velvet Choker","Art of War","DollysMirror","Eternal Feather","Bottled Flame","Cables","Calipers","Bag of Marbles","Centennial Puzzle","Emotion Chip"],"potions_floor_usage":[56],"damage_taken":[{"damage":1.0,"enemies":"Cultist","floor":1.0,"turns":3.0},{"damage":4.0,"enemies":"Small Slimes","floor":2.0,"turns":5.0},{"damage":0.0,"enemies":"2 Louse","floor":3.0,"turns":2.0},{"damage":0.0,"enemies":"Large Slime","floor":4.0,"turns":5.0},{"damage":6.0,"enemies":"3 Louse","floor":5.0,"turns":4.0},{"damage":17.0,"enemies":"3 Sentries","floor":6.0,"turns":5.0},{"damage":14.0,"enemies":"Lagavulin","floor":8.0,"turns":6.0},{"damage":16.0,"enemies":"Slime Boss","floor":16.0,"turns":11.0},{"damage":13.0,"enemies":"2 Thieves","floor":18.0,"turns":4.0},{"damage":0.0,"enemies":"Chosen","floor":21.0,"turns":3.0},{"damage":9.0,"enemies":"3 Cultists","floor":22.0,"turns":5.0},{"damage":20.0,"enemies":"Slavers","floor":24.0,"turns":6.0},{"damage":15.0,"enemies":"Centurion and Healer","floor":28.0,"turns":9.0},{"damage":0.0,"enemies":"Cultist and Chosen","floor":31.0,"turns":6.0},{"damage":0.0,"enemies":"Collector","floor":33.0,"turns":8.0},{"damage":0.0,"enemies":"3 Darklings","floor":35.0,"turns":3.0},{"damage":0,"enemies":"Orb Walker","floor":39,"turns":3},{"damage":0,"enemies":"Spire Growth","floor":42,"turns":4},{"damage":0,"enemies":"Giant Head","floor":45,"turns":11},{"damage":14,"enemies":"Writhing Mass","floor":46,"turns":3},{"damage":4,"enemies":"Donu and Deca","floor":50,"turns":6},{"damage":1,"enemies":"Awakened One","floor":51,"turns":8},{"damage":0,"enemies":"Shield and Spear","floor":55,"turns":5},{"damage":80,"enemies":"The Heart","floor":56,"turns":11}],"seed_played":"5990887037699731886","potions_obtained":[{"floor":2.0,"key":"Explosive Potion"},{"floor":5.0,"key":"FairyPotion"},{"floor":6.0,"key":"PowerPotion"},{"floor":16.0,"key":"Energy Potion"},{"floor":22.0,"key":"LiquidBronze"},{"floor":28.0,"key":"Dexterity Potion"},{"floor":45,"key":"Fire Potion"}],"is_trial":false,"path_per_floor":["M","M","M","M","M","E","R","E","T","?","$","R","?","?","R","B",null,"M","?","?","M","M","R","E","R","T","R","M","?","$","M","R","B",null,"M","?","$","?","M","R","?","M","T","R","E","M","R","T","R","B","B",null,"R","$","E","B",null],"character_chosen":"DEFECT","items_purchased":["Core Surge","DollysMirror","Hologram","Chill","Fruit Juice","Bottled Flame","Centennial Puzzle","Regen Potion"],"campfire_rested":4,"item_purchase_floors":[11,30,30,37,37,37,54,54],"current_hp_per_floor":[63,59,59,59,53,36,57,43,43,19,19,40,40,33,33,17,58,45,45,45,45,36,57,37,37,37,37,22,16,16,16,37,37,63,63,63,68,68,68,76,76,76,76,76,76,62,74,74,76,72,71,75,76,76,76,11],"gold":67,"neow_bonus":"REMOVE_TWO","is_prod":false,"is_daily":false,"chose_seed":false,"campfire_upgraded":7,"win_rate":0,"timestamp":1564609253,"path_taken":["M","?","M","M","?","E","R","E","T","?","$","R","?","?","R","BOSS","M","?","?","M","M","R","E","R","T","R","M","?","$","M","R","BOSS","M","?","$","?","?","R","?","M","T","R","E","M","R","?","R","BOSS","BOSS","R","$","E","BOSS"],"build_version":"2019-07-17","purchased_purges":2,"victory":true,"max_hp_per_floor":[71,71,71,71,71,71,71,71,71,71,71,71,71,71,71,71,71,71,71,71,71,71,71,71,71,71,71,71,71,71,71,71,71,71,71,71,76,76,76,76,76,76,76,76,76,76,76,76,76,76,76,76,76,76,76,76],"card_choices":[{"not_picked":["Redo","Self Repair"],"picked":"Conserve Battery","floor":1.0},{"not_picked":["Hologram","Go for the Eyes"],"picked":"Ball Lightning","floor":2.0},{"not_picked":["Coolheaded","Compile Driver"],"picked":"Cold Snap","floor":3.0},{"not_picked":["Double Energy","Steam"],"picked":"Genetic Algorithm","floor":4.0},{"not_picked":["Reprogram","Barrage"],"picked":"Defragment","floor":5.0},{"not_picked":["Beam Cell","Tempest"],"picked":"Cold Snap","floor":6.0},{"not_picked":["Rebound","Beam Cell"],"picked":"Genetic Algorithm","floor":8.0},{"not_picked":["Echo Form","Seek"],"picked":"Biased Cognition","floor":16.0},{"not_picked":["Skim+1","Rebound"],"picked":"Hologram","floor":18.0},{"not_picked":["Gash","Hologram"],"picked":"Genetic Algorithm","floor":21.0},{"not_picked":["Cold Snap","BootSequence"],"picked":"Glacier","floor":22.0},{"not_picked":["Go for the Eyes","Stack","Compile Driver"],"picked":"SKIP","floor":24.0},{"not_picked":["Hologram","Go for the Eyes"],"picked":"Loop","floor":28.0},{"not_picked":["Chaos","Static Discharge+1"],"picked":"Electrodynamics","floor":31.0},{"not_picked":["Hyperbeam","All For One"],"picked":"Electrodynamics","floor":33.0},{"not_picked":["Leap","Rebound+1","Go for the Eyes+1"],"picked":"SKIP","floor":35.0},{"not_picked":["Auto Shields","Compile Driver","Go for the Eyes"],"picked":"SKIP","floor":39},{"not_picked":["Gash","Aggregate","Rebound+1"],"picked":"SKIP","floor":42},{"not_picked":["Hello World","Conserve Battery","Genetic Algorithm"],"picked":"SKIP","floor":45},{"not_picked":["Cold Snap","Leap+1"],"picked":"Darkness","floor":46},{"not_picked":["Amplify","Sweeping Beam"],"picked":"Loop+1","floor":55}],"player_experience":1031741,"relics_obtained":[{"floor":6.0,"key":"Shuriken"},{"floor":8.0,"key":"Vajra"},{"floor":9.0,"key":"DataDisk"},{"floor":24.0,"key":"Art of War"},{"floor":43,"key":"Cables"},{"floor":45,"key":"Calipers"},{"floor":48,"key":"Bag of Marbles"},{"floor":55,"key":"Emotion Chip"}],"event_choices":[{"damage_healed":0.0,"max_hp_gain":0.0,"max_hp_loss":0.0,"gold_gain":0.0,"event_name":"Golden Idol","player_choice":"Take Damage","floor":10.0,"gold_loss":0.0,"damage_taken":24.0,"relics_obtained":["Golden Idol"]},{"damage_healed":0.0,"max_hp_gain":0.0,"max_hp_loss":0.0,"gold_gain":30.0,"event_name":"Dead Adventurer","player_choice":"Searched \u00273\u0027 times","floor":13.0,"gold_loss":0.0,"damage_taken":0.0,"relics_obtained":["The Courier"]},{"cards_removed":["Strike_B"],"damage_healed":0.0,"max_hp_gain":0.0,"max_hp_loss":0.0,"gold_gain":0.0,"event_name":"Golden Wing","player_choice":"Card Removal","floor":14.0,"gold_loss":0.0,"damage_taken":7.0},{"damage_healed":0.0,"max_hp_gain":0.0,"max_hp_loss":0.0,"gold_gain":0.0,"cards_transformed":["Defend_B","Defend_B"],"event_name":"Drug Dealer","player_choice":"Became Test Subject","floor":19.0,"gold_loss":0.0,"damage_taken":0.0,"cards_obtained":["Biased Cognition","Consume"]},{"cards_removed":["Defend_B"],"damage_healed":0.0,"max_hp_gain":0.0,"max_hp_loss":0.0,"gold_gain":0.0,"event_name":"Beggar","player_choice":"Gave Gold","floor":20.0,"gold_loss":75.0,"damage_taken":0.0},{"damage_healed":0.0,"max_hp_gain":0.0,"max_hp_loss":0.0,"gold_gain":0.0,"event_name":"Nest","player_choice":"Joined the Cult","floor":29.0,"gold_loss":0.0,"damage_taken":6.0,"cards_obtained":["RitualDagger"]},{"damage_healed":0.0,"max_hp_gain":0.0,"max_hp_loss":0.0,"gold_gain":333.0,"event_name":"The Moai Head","player_choice":"Gave Idol","floor":36.0,"relics_lost":["Golden Idol"],"gold_loss":0.0,"damage_taken":0.0},{"cards_removed":["Defend_B"],"damage_healed":0,"gold_gain":0,"player_choice":"Card Removal","damage_taken":0,"max_hp_gain":0,"max_hp_loss":0,"event_name":"Wheel of Change","floor":38,"gold_loss":0},{"cards_removed":["Ball Lightning"],"damage_healed":0,"gold_gain":0,"player_choice":"Removed Attack","damage_taken":0,"max_hp_gain":0,"max_hp_loss":0,"event_name":"Falling","floor":41,"gold_loss":0}],"is_beta":false,"boss_relics":[{"not_picked":["Cursed Key","White Beast Statue"],"picked":"Velvet Choker"},{"not_picked":["Black Star","Nuclear Battery"],"picked":"Eternal Feather"}],"items_purged_floors":[11,37],"is_endless":false,"potions_floor_spawned":[2,5,6,16,18,22,28,45],"ascension_level":20}