{"gold_per_floor":[109,109,109,123,48,48,63,81,81,95,95,109,109,125,125,202,202,142,142,32,32],"floor_reached":21,"playtime":610,"items_purged":["Strike_B"],"score":299,"play_id":"290be666-fac6-420a-b6ae-3e3382bba269","local_time":"20190112174020","is_ascension_mode":true,"campfire_choices":[{"data":"Zap","floor":6.0,"key":"SMITH"},{"data":"Capacitor","floor":11.0,"key":"SMITH"},{"data":"Static Discharge","floor":13.0,"key":"SMITH"},{"floor":15.0,"key":"REST"}],"neow_cost":"NONE","seed_source_timestamp":460834834211665,"circlet_count":0,"master_deck":["AscendersBane","Strike_B","Defend_B","Defend_B","Defend_B","Defend_B","Zap+1","Dualcast","Barrage","Capacitor+1","Static Discharge+1","Barrage","Steam","Sweeping Beam","Conserve Battery","Rainbow","Redo","Compile Driver","Capacitor"],"special_seed":0,"relics":["Cracked Core","Dream Catcher","Mercury Hourglass","Ectoplasm","Red Mask"],"potions_floor_usage":[21],"damage_taken":[{"damage":3.0,"enemies":"Small Slimes","floor":1.0,"turns":4.0},{"damage":1.0,"enemies":"2 Louse","floor":4.0,"turns":4.0},{"damage":13.0,"enemies":"Jaw Worm","floor":7.0,"turns":4.0},{"damage":11.0,"enemies":"3 Louse","floor":8.0,"turns":3.0},{"damage":1.0,"enemies":"Looter","floor":10.0,"turns":2.0},{"damage":0.0,"enemies":"2 Fungi Beasts","floor":12.0,"turns":2.0},{"damage":9.0,"enemies":"3 Louse","floor":14.0,"turns":2.0},{"damage":38.0,"enemies":"Slime Boss","floor":16.0,"turns":8.0},{"damage":25.0,"enemies":"2 Thieves","floor":18.0,"turns":3.0},{"damage":10.0,"enemies":"Masked Bandits","floor":19.0,"turns":3.0},{"damage":21,"enemies":"Shell Parasite","floor":21,"turns":4}],"seed_played":"-1577730725017065359","potions_obtained":[{"floor":4.0,"key":"Swift Potion"},{"floor":7.0,"key":"FocusPotion"},{"floor":8.0,"key":"Regen Potion"},{"floor":10.0,"key":"Energy Potion"},{"floor":19.0,"key":"Fire Potion"}],"is_trial":false,"path_per_floor":["M","?","?","M","$","R","M","M","T","M","R","M","R","M","R","B",null,"M","?","$","M"],"character_chosen":"DEFECT","items_purchased":["Capacitor","Capacitor"],"campfire_rested":1,"item_purchase_floors":[5,20],"current_hp_per_floor":[61,61,54,53,53,53,40,29,29,28,28,28,28,19,40,2,54,29,19,19,0],"gold":32,"neow_bonus":"RANDOM_COMMON_RELIC","is_prod":false,"is_daily":false,"chose_seed":false,"campfire_upgraded":3,"win_rate":0,"timestamp":1547311220,"path_taken":["M","?","?","M","$","R","M","M","T","M","R","?","R","M","R","BOSS","M","?","$","M"],"build_version":"2019-01-10","purchased_purges":1,"victory":false,"max_hp_per_floor":[71,71,71,71,71,71,71,71,71,71,71,71,71,71,71,71,71,71,71,71,71],"card_choices":[{"not_picked":["Skim","Cold Snap"],"picked":"Barrage","floor":1.0},{"not_picked":["Auto Shields","Blizzard","Rebound"],"picked":"SKIP","floor":4.0},{"not_picked":["Turbo","Leap"],"picked":"Static Discharge","floor":7.0},{"not_picked":["FTL","Recycle"],"picked":"Barrage","floor":8.0},{"not_picked":["Reinforced Body","Gash"],"picked":"Steam","floor":10.0},{"not_picked":["Rebound","Compile Driver"],"picked":"Sweeping Beam","floor":12.0},{"not_picked":["Cold Snap","Skim","Double Energy"],"picked":"SKIP","floor":14.0},{"not_picked":["Reprogram","Turbo"],"picked":"Conserve Battery","floor":15.0},{"not_picked":["Meteor Strike","Machine Learning"],"picked":"Rainbow","floor":16.0},{"not_picked":["Cold Snap+1","Turbo+1"],"picked":"Redo","floor":18.0},{"not_picked":["Steam","White Noise"],"picked":"Compile Driver","floor":19.0}],"player_experience":710052,"relics_obtained":[{"floor":9.0,"key":"Mercury Hourglass"},{"floor":19.0,"key":"Red Mask"}],"event_choices":[{"cards_removed":["Strike_B"],"damage_healed":0.0,"max_hp_gain":0.0,"max_hp_loss":0.0,"gold_gain":0.0,"event_name":"Living Wall","player_choice":"Forget","floor":2.0,"gold_loss":0.0,"damage_taken":0.0},{"cards_removed":["Strike_B"],"damage_healed":0.0,"max_hp_gain":0.0,"max_hp_loss":0.0,"gold_gain":0.0,"event_name":"Golden Wing","player_choice":"Card Removal","floor":3.0,"gold_loss":0.0,"damage_taken":7.0},{"damage_healed":0.0,"max_hp_gain":0.0,"max_hp_loss":0.0,"gold_gain":0.0,"event_name":"Masked Bandits","player_choice":"Fought Bandits","floor":19.0,"gold_loss":0.0,"damage_taken":0.0}],"is_beta":false,"boss_relics":[{"not_picked":["White Beast Statue","Snecko Eye"],"picked":"Ectoplasm"}],"items_purged_floors":[20],"is_endless":false,"potions_floor_spawned":[4,7,8,10,19],"killed_by":"Shell Parasite","ascension_level":15}