{"gold_per_floor":[110,55,55,55,70,70,86,66,66,66,89,112,112,152,152,245,245,269,45,61,61,61,61,89,89,89,105,55,55,72,85,85,85],"floor_reached":33,"playtime":856,"items_purged":["Strike_B","Strike_B"],"score":580,"play_id":"05b553de-2e42-4e52-bd46-1c7cfb9f69e4","local_time":"20190223174504","is_ascension_mode":true,"campfire_choices":[{"data":"Zap","floor":6.0,"key":"SMITH"},{"data":"Defragment","floor":10.0,"key":"SMITH"},{"data":"Defragment","floor":13.0,"key":"SMITH"},{"data":"Storm","floor":15.0,"key":"SMITH"},{"data":"Dualcast","floor":23,"key":"SMITH"},{"floor":25,"key":"DIG"},{"floor":32,"key":"DIG"}],"neow_cost":"NONE","seed_source_timestamp":1403948810417622,"circlet_count":0,"master_deck":["AscendersBane","Strike_B","Strike_B","Defend_B","Defend_B","Defend_B","Defend_B","Zap+1","Dualcast+1","Defragment+1","Ball Lightning","Storm+1","Defragment+1","Barrage","Leap","Melter","Core Surge","Capacitor","Chill","Conserve Battery","Conserve Battery"],"special_seed":0,"relics":["Cracked Core","Vajra","Bloody Idol","Pantograph","Blue Candle","Anchor","Coffee Dripper","Shovel","Smiling Mask","Meat on the Bone","Bottled Tornado"],"potions_floor_usage":[31],"damage_taken":[{"damage":1.0,"enemies":"Cultist","floor":1.0,"turns":3.0},{"damage":5.0,"enemies":"2 Louse","floor":5.0,"turns":2.0},{"damage":2.0,"enemies":"Jaw Worm","floor":7.0,"turns":3.0},{"damage":14.0,"enemies":"Gremlin Gang","floor":11.0,"turns":3.0},{"damage":8.0,"enemies":"2 Fungi Beasts","floor":12.0,"turns":3.0},{"damage":0.0,"enemies":"Gremlin Nob","floor":14.0,"turns":3.0},{"damage":31.0,"enemies":"Hexaghost","floor":16.0,"turns":7.0},{"damage":12.0,"enemies":"Chosen","floor":18.0,"turns":3.0},{"damage":0.0,"enemies":"3 Byrds","floor":20.0,"turns":3.0},{"damage":50,"enemies":"Book of Stabbing","floor":24,"turns":5},{"damage":6,"enemies":"3 Cultists","floor":27,"turns":5},{"damage":15,"enemies":"Centurion and Healer","floor":30,"turns":7},{"damage":7,"enemies":"Snake Plant","floor":31,"turns":3},{"damage":64,"enemies":"Collector","floor":33,"turns":8}],"seed_played":"6786291602936985818","potions_obtained":[{"floor":5.0,"key":"Ancient Potion"},{"floor":8.0,"key":"LiquidBronze"},{"floor":12.0,"key":"SpeedPotion"},{"floor":14.0,"key":"Dexterity Potion"},{"floor":16.0,"key":"Fire Potion"},{"floor":30,"key":"GamblersBrew"}],"is_trial":false,"path_per_floor":["M","$","?","T","M","R","M","?","T","R","M","M","R","E","R","B",null,"M","$","M","?","?","R","E","R","T","M","$","?","M","M","R","B"],"character_chosen":"DEFECT","items_purchased":["Ball Lightning","Capacitor","Chill"],"campfire_rested":0,"item_purchase_floors":[2,19,19],"current_hp_per_floor":[63,63,63,63,58,58,56,56,56,56,42,34,34,34,34,28,55,43,43,43,56,56,56,11,11,11,22,22,22,24,34,34,0],"gold":85,"neow_bonus":"RANDOM_COMMON_RELIC","is_prod":false,"is_daily":false,"chose_seed":false,"campfire_upgraded":5,"win_rate":0,"timestamp":1550940304,"path_taken":["M","?","?","?","M","R","?","?","T","R","?","M","R","E","R","BOSS","M","$","M","?","?","R","E","R","T","M","$","?","?","M","R","BOSS"],"build_version":"2019-01-23","purchased_purges":2,"victory":false,"max_hp_per_floor":[71,71,64,64,64,64,64,64,64,64,64,64,64,64,64,64,64,64,64,64,64,64,64,64,64,64,64,64,64,64,64,64,64],"card_choices":[{"not_picked":["Compile Driver","Sweeping Beam"],"picked":"Defragment","floor":1.0},{"not_picked":["Hello World","Force Field"],"picked":"Storm","floor":5.0},{"not_picked":["Hologram","Turbo"],"picked":"Defragment","floor":7.0},{"not_picked":["Hello World","Darkness"],"picked":"Barrage","floor":11.0},{"not_picked":["Steam","Sweeping Beam"],"picked":"Leap","floor":12.0},{"not_picked":["Rebound","Go for the Eyes"],"picked":"Melter","floor":14.0},{"not_picked":["Meteor Strike","All For One"],"picked":"Core Surge","floor":16.0},{"not_picked":["Rebound","Turbo","Gash"],"picked":"SKIP","floor":18.0},{"not_picked":["Force Field","Reinforced Body"],"picked":"Conserve Battery","floor":20.0},{"not_picked":["Cold Snap","Streamline+1"],"picked":"Conserve Battery","floor":24},{"not_picked":["Conserve Battery","Stack","Biased Cognition"],"picked":"SKIP","floor":27},{"not_picked":["Hologram","Steam","Conserve Battery"],"picked":"SKIP","floor":30},{"not_picked":["Barrage","Hologram","Rebound"],"picked":"SKIP","floor":31}],"player_experience":877775,"relics_obtained":[{"floor":4.0,"key":"Pantograph"},{"floor":9.0,"key":"Blue Candle"},{"floor":14.0,"key":"Anchor"},{"floor":24,"key":"Shovel"},{"floor":25,"key":"Smiling Mask"},{"floor":26,"key":"Meat on the Bone"},{"floor":32,"key":"Bottled Tornado"}],"event_choices":[{"damage_healed":0.0,"max_hp_gain":0.0,"max_hp_loss":7.0,"gold_gain":0.0,"event_name":"Golden Idol","player_choice":"Lose Max HP","floor":3.0,"gold_loss":0.0,"damage_taken":0.0,"relics_obtained":["Golden Idol"]},{"damage_healed":0.0,"max_hp_gain":0.0,"max_hp_loss":0.0,"gold_gain":0.0,"event_name":"The Woman in Blue","player_choice":"Bought 1 Potion","floor":8.0,"gold_loss":0.0,"damage_taken":0.0},{"damage_healed":13,"gold_gain":0,"player_choice":"Heal","damage_taken":0,"max_hp_gain":0,"max_hp_loss":0,"event_name":"The Library","floor":21,"gold_loss":0},{"damage_healed":0,"gold_gain":0,"player_choice":"Gave Idol","damage_taken":0,"relics_obtained":["Bloody Idol"],"max_hp_gain":0,"max_hp_loss":0,"event_name":"Forgotten Altar","floor":22,"relics_lost":["Golden Idol"],"gold_loss":0},{"damage_healed":0,"gold_gain":0,"player_choice":"Ignored","damage_taken":0,"max_hp_gain":0,"max_hp_loss":0,"event_name":"N\u0027loth","floor":29,"gold_loss":0}],"is_beta":false,"boss_relics":[{"not_picked":["Calling Bell","Ectoplasm"],"picked":"Coffee Dripper"}],"items_purged_floors":[19,28],"is_endless":false,"potions_floor_spawned":[5,12,14,16,18,30],"killed_by":"Collector","ascension_level":20}