{"path_per_floor":["M","?","$","M","M","R","?","R","T","E","?","M","E","M","R"],"character_chosen":"DEFECT","items_purchased":[],"gold_per_floor":[116,116,41,60,74,74,74,74,74,103,103,123,154,170,170,170],"floor_reached":16,"campfire_rested":0,"playtime":846,"item_purchase_floors":[],"current_hp_per_floor":[75,75,75,75,72,72,64,64,64,52,45,45,32,29,29,0],"items_purged":["Defend_B"],"gold":170,"score":121,"play_id":"5ded590a-19ae-467b-b4d1-06ddd41fdaaf","local_time":"20180605220157","is_prod":false,"is_daily":false,"chose_seed":false,"is_ascension_mode":true,"campfire_upgraded":3,"win_rate":1,"timestamp":1528228917,"campfire_choices":[{"data":"Dualcast","floor":6,"key":"SMITH"},{"data":"Go for the Eyes","floor":8,"key":"SMITH"},{"data":"Redo","floor":15,"key":"SMITH"}],"path_taken":["M","?","$","?","M","R","?","R","T","E","?","M","E","M","R","BOSS"],"build_version":"2018-05-31","seed_source_timestamp":30907624701075,"purchased_purges":1,"victory":false,"master_deck":["Strike_B","Strike_B","Defend_B","Defend_B","Defend_B","Zap+1","Dualcast+1","Genetic Algorithm","FTL","Go for the Eyes+1","Redo+1","Loop"],"max_hp_per_floor":[75,75,75,75,75,75,85,85,85,85,85,85,85,85,85,85],"relics":["Cracked Core","Pear","Dodecahedron","Dream Catcher","Du-Vu Doll"],"card_choices":[{"not_picked":["Cold Snap","Steam"],"picked":"Genetic Algorithm","floor":1},{"not_picked":["Beam Cell","Darkness"],"picked":"FTL","floor":4},{"not_picked":["Compile Driver","Steam Power"],"picked":"Go for the Eyes","floor":5},{"not_picked":["Static Discharge","Stack"],"picked":"Redo","floor":10},{"not_picked":["Cold Snap","Go for the Eyes","Stack"],"picked":"SKIP","floor":12},{"not_picked":["Steam","Machine Learning"],"picked":"Loop","floor":13},{"not_picked":["Leap","Steam","Heatsinks"],"picked":"SKIP","floor":14}],"player_experience":544296,"potions_floor_usage":[13],"damage_taken":[{"damage":0,"enemies":"Small Slimes","floor":1,"turns":2},{"damage":0,"enemies":"2 Louse","floor":4,"turns":3},{"damage":3,"enemies":"Cultist","floor":5,"turns":3},{"damage":12,"enemies":"3 Sentries","floor":10,"turns":7},{"damage":0,"enemies":"2 Fungi Beasts","floor":12,"turns":3},{"damage":13,"enemies":"Lagavulin","floor":13,"turns":4},{"damage":3,"enemies":"Looter","floor":14,"turns":3},{"damage":33,"enemies":"The Guardian","floor":16,"turns":8}],"relics_obtained":[{"floor":9,"key":"Dodecahedron"},{"floor":10,"key":"Dream Catcher"},{"floor":13,"key":"Du-Vu Doll"}],"event_choices":[{"event_name":"Living Wall","player_choice":"Forget","floor":2,"damage_taken":0},{"event_name":"Scrap Ooze","player_choice":"success","floor":7,"damage_taken":18},{"event_name":"Golden Wing","player_choice":"Card Removal","floor":11,"damage_taken":0}],"boss_relics":[],"items_purged_floors":[3],"potions_floor_spawned":[1,4,10,14],"seed_played":"6982105865846922010","killed_by":"The Guardian","ascension_level":2,"potions_obtained":[{"floor":1,"key":"Strength Potion"},{"floor":4,"key":"AttackPotion"},{"floor":10,"key":"Regen Potion"},{"floor":14,"key":"Ancient Potion"}],"is_trial":false}