{"gold_per_floor":[10,22,22,72,86,86,112,112,162,180,180,195,220,250,250,327,327,337,356,19,19,0,0,0,0,69,69,94,94,94],"floor_reached":30,"playtime":774,"items_purged":[],"score":457,"play_id":"f05f0531-b64e-4521-9c4c-2390e01b7128","local_time":"20190205174220","is_ascension_mode":true,"campfire_choices":[{"data":"Iron Wave","floor":6.0,"key":"SMITH"},{"data":"Combust","floor":8.0,"key":"SMITH"},{"data":"Carnage","floor":11.0,"key":"SMITH"},{"floor":15.0,"key":"REST"},{"data":"Battle Trance","floor":23,"key":"SMITH"},{"floor":25,"key":"DIG"},{"floor":27,"key":"DIG"}],"neow_cost":"NO_GOLD","seed_source_timestamp":352232418237152,"circlet_count":0,"master_deck":["AscendersBane","Strike_R","Defend_R","Defend_R","Defend_R","Bash+1","Carnage+1","Iron Wave+1","Iron Wave","Combust+1","Brutality","Fire Breathing+1","Searing Blow+2","Flame Barrier+1","Battle Trance+1"],"special_seed":0,"relics":["Burning Blood","Regal Pillow","Juzu Bracelet","Shovel","Singing Bowl","Astrolabe","Torii","Molten Egg 2","Pantograph","Pocketwatch"],"potions_floor_usage":[28,28],"damage_taken":[{"damage":4.0,"enemies":"2 Louse","floor":1.0,"turns":3.0},{"damage":1.0,"enemies":"Small Slimes","floor":2.0,"turns":3.0},{"damage":1.0,"enemies":"Cultist","floor":5.0,"turns":3.0},{"damage":34.0,"enemies":"Lagavulin","floor":7.0,"turns":6.0},{"damage":2.0,"enemies":"3 Louse","floor":10.0,"turns":3.0},{"damage":10.0,"enemies":"Looter","floor":12.0,"turns":3.0},{"damage":33.0,"enemies":"3 Sentries","floor":13.0,"turns":9.0},{"damage":49.0,"enemies":"Hexaghost","floor":16.0,"turns":9.0},{"damage":18.0,"enemies":"Spheric Guardian","floor":18.0,"turns":4.0},{"damage":15.0,"enemies":"Chosen","floor":19.0,"turns":3.0},{"damage":56,"enemies":"Slavers","floor":28,"turns":6},{"damage":22,"enemies":"Sentry and Sphere","floor":30,"turns":3}],"seed_played":"-751990524458733236","potions_obtained":[{"floor":5.0,"key":"SteroidPotion"},{"floor":12.0,"key":"Regen Potion"},{"floor":16.0,"key":"BloodPotion"}],"is_trial":false,"path_per_floor":["M","M","?","?","M","R","E","R","T","M","R","M","E","?","R","B",null,"M","M","$","?","?","R","?","R","T","R","E","?","M"],"character_chosen":"IRONCLAD","items_purchased":["Torii"],"campfire_rested":1,"item_purchase_floors":[20],"current_hp_per_floor":[70,75,75,75,75,75,47,47,47,51,51,47,20,20,57,14,60,50,41,41,41,41,41,46,46,46,46,17,17,0],"gold":94,"neow_bonus":"REMOVE_TWO","is_prod":false,"is_daily":false,"chose_seed":false,"campfire_upgraded":4,"win_rate":0,"timestamp":1549384940,"path_taken":["M","M","?","?","?","R","E","R","T","M","R","M","E","?","R","BOSS","M","M","$","?","?","R","?","R","T","R","E","?","M"],"build_version":"2019-01-23","purchased_purges":0,"victory":false,"max_hp_per_floor":[75,75,75,75,75,75,75,75,75,75,75,75,75,75,75,75,75,77,77,77,77,77,77,77,77,77,77,79,79,79],"card_choices":[{"not_picked":["True Grit","Warcry"],"picked":"Carnage","floor":1.0},{"not_picked":["Thunderclap","Infernal Blade"],"picked":"Iron Wave","floor":2.0},{"not_picked":["Sword Boomerang","Body Slam"],"picked":"Iron Wave","floor":5.0},{"not_picked":["Burning Pact","Clothesline"],"picked":"Combust","floor":7.0},{"not_picked":["Cleave","Flex","Clash"],"picked":"SKIP","floor":10.0},{"not_picked":["Wild Strike","Armaments","Warcry"],"picked":"SKIP","floor":12.0},{"not_picked":["Heavy Blade","Armaments","Wild Strike"],"picked":"SKIP","floor":13.0},{"not_picked":["Heavy Blade","Armaments","Wild Strike"],"picked":"SKIP","floor":13.0},{"not_picked":["Barricade","Juggernaut"],"picked":"Brutality","floor":16.0},{"not_picked":["Anger","Warcry","Carnage+1"],"picked":"Singing Bowl","floor":18.0},{"not_picked":["Disarm","Headbutt"],"picked":"Flame Barrier+1","floor":19.0},{"not_picked":["Armaments+1","Searing Blow+1","Havoc"],"picked":"Singing Bowl","floor":28}],"player_experience":786013,"relics_obtained":[{"floor":7.0,"key":"Regal Pillow"},{"floor":9.0,"key":"Juzu Bracelet"},{"floor":13.0,"key":"Shovel"},{"floor":25,"key":"Molten Egg 2"},{"floor":27,"key":"Pantograph"},{"floor":28,"key":"Pocketwatch"}],"event_choices":[{"damage_healed":0.0,"max_hp_gain":0.0,"max_hp_loss":0.0,"gold_gain":0.0,"event_name":"Living Wall","player_choice":"Grow","floor":3.0,"gold_loss":0.0,"damage_taken":0.0,"cards_upgraded":["Bash"]},{"damage_healed":0.0,"max_hp_gain":0.0,"max_hp_loss":0.0,"gold_gain":50.0,"event_name":"Golden Shrine","player_choice":"Pray","floor":4.0,"gold_loss":0.0,"damage_taken":0.0},{"damage_healed":0.0,"max_hp_gain":0.0,"max_hp_loss":0.0,"gold_gain":30.0,"event_name":"Dead Adventurer","player_choice":"Searched \u00273\u0027 times","floor":14.0,"gold_loss":0.0,"damage_taken":0.0,"relics_obtained":["Singing Bowl"]},{"damage_healed":0,"gold_gain":0,"player_choice":"Read","damage_taken":0,"max_hp_gain":0,"max_hp_loss":0,"event_name":"The Library","floor":21,"gold_loss":0,"cards_obtained":["Battle Trance"]},{"damage_healed":0,"gold_gain":0,"player_choice":"Paid Fearfully","damage_taken":0,"max_hp_gain":0,"max_hp_loss":0,"event_name":"Masked Bandits","floor":22,"gold_loss":19},{"cards_removed":["Havoc"],"damage_healed":5,"gold_gain":0,"player_choice":"Offered Common","damage_taken":0,"max_hp_gain":0,"max_hp_loss":0,"event_name":"Bonfire Elementals","floor":24,"gold_loss":0},{"cards_removed":["Havoc"],"damage_healed":5,"gold_gain":0,"player_choice":"Offered Special","damage_taken":0,"max_hp_gain":0,"max_hp_loss":0,"event_name":"Bonfire Elementals","floor":24,"gold_loss":0},{"damage_healed":0,"gold_gain":0,"player_choice":"Upgraded","damage_taken":0,"max_hp_gain":0,"max_hp_loss":0,"event_name":"Upgrade Shrine","floor":29,"gold_loss":0,"cards_upgraded":["Searing Blow"]}],"is_beta":false,"boss_relics":[{"not_picked":["Tiny House","Calling Bell"],"picked":"Astrolabe"}],"items_purged_floors":[],"is_endless":false,"potions_floor_spawned":[5,12,16,19],"killed_by":"Sentry and Sphere","ascension_level":16}