{"path_per_floor":["M","?","M","?","$","E","R","$","T","R","M","M","M","M","R","B",null,"M","?","?","$","M","R","E","R","T","R","M","$","M","M","R"],"character_chosen":"THE_SILENT","items_purchased":["Riddle With Holes","Paper Crane","Snake Skull","Bag of Preparation"],"gold_per_floor":[111,111,131,131,21,53,53,53,121,121,138,151,170,187,187,284,284,296,296,296,40,50,50,379,379,457,457,471,72,92,104,104],"floor_reached":33,"campfire_rested":2,"playtime":1577,"current_hp_per_floor":[62,69,69,69,69,31,31,31,31,31,29,23,23,23,23,39,62,51,70,70,70,66,66,23,23,23,44,36,36,9,9,30],"items_purged":["Normality","Defend_G"],"gold":104,"score":374,"play_id":"b87c8d7b-41af-4ee1-b0eb-eeb121fd5950","is_prod":false,"is_daily":false,"is_ascension_mode":true,"campfire_upgraded":2,"path_taken":["M","?","M","?","$","E","R","?","T","R","?","M","M","M","R","BOSS","M","?","?","$","M","R","E","R","T","R","?","$","M","M","R","BOSS"],"build_version":"2018-02-15-PROD1","purchased_purges":2,"victory":false,"master_deck":["Defend_G","Defend_G","Defend_G","Defend_G","Strike_G","Strike_G","Strike_G","Strike_G","Survivor","Neutralize","Riddle With Holes","Cloak And Dagger+1","Quick Slash","Envenom+1","Skewer","Acrobatics","Prepared+1","Bane+1"],"max_hp_per_floor":[63,70,70,70,70,70,70,70,70,70,70,70,70,70,70,70,70,70,70,70,70,70,70,70,70,70,70,70,70,70,70,70],"relics":["Ring of the Snake","Girya","Strawberry","Ornamental Fan","Art of War","Pantograph","Sozu","Paper Crane","Old Coin","Mercury Hourglass","Snake Skull","Bag of Preparation"],"card_choices":[{"not_picked":["Quick Slash","Dagger Spray"],"picked":"Cloak And Dagger"},{"not_picked":["Concentrate","Blade Dance"],"picked":"Quick Slash"},{"not_picked":["Storm of Steel","Venomology"],"picked":"Envenom"},{"not_picked":["Leg Sweep","Cloak And Dagger"],"picked":"Acrobatics"},{"not_picked":["Dodge and Roll","Concentrate"],"picked":"Prepared"},{"not_picked":["Bouncing Flask","Poisoned Stab"],"picked":"Bane"}],"player_experience":328602,"potions_floor_usage":[],"damage_taken":[{"damage":1.0,"enemies":"Small Slimes","floor":1.0,"turns":5.0},{"damage":0.0,"enemies":"Cultist","floor":3.0,"turns":5.0},{"damage":38.0,"enemies":"Gremlin Nob","floor":6.0,"turns":6.0},{"damage":2.0,"enemies":"Jaw Worm","floor":11.0,"turns":4.0},{"damage":6.0,"enemies":"Exordium Wildlife","floor":12.0,"turns":3.0},{"damage":0.0,"enemies":"Large Slime","floor":13.0,"turns":4.0},{"damage":0.0,"enemies":"2 Fungi Beasts","floor":14.0,"turns":3.0},{"damage":9.0,"enemies":"Hexaghost","floor":16.0,"turns":7.0},{"damage":11.0,"enemies":"Shell Parasite","floor":18.0,"turns":4.0},{"damage":4.0,"enemies":"3 Byrds","floor":22.0,"turns":4.0},{"damage":43.0,"enemies":"Book of Stabbing","floor":24.0,"turns":5.0},{"damage":8.0,"enemies":"Snecko","floor":28.0,"turns":3.0},{"damage":27.0,"enemies":"Slaver and Parasite","floor":30.0,"turns":5.0},{"damage":0.0,"enemies":"3 Cultists","floor":31.0,"turns":4.0},{"damage":68,"enemies":"Champ","floor":33,"turns":7}],"event_choices":[{"event_name":"Accursed Blacksmith","player_choice":"Rummage","floor":2.0,"damage_taken":0.0},{"event_name":"Wheel of Change","player_choice":"Relic","floor":4.0,"damage_taken":0.0},{"event_name":"The Library","player_choice":"Heal","floor":19.0,"damage_taken":0.0},{"event_name":"Transmorgrifier","player_choice":"Transform","floor":20.0,"damage_taken":0.0}],"boss_relics":[],"potions_floor_spawned":[3,11,12,14,24,28,31],"seed_played":"2958399654376503221","killed_by":"Champ","ascension_level":8,"is_trial":false}