{"gold_per_floor":[115,115,43,55,70,70,96,114,137,148,175,175,6,26,26,129,129,149,161,61,61,73,73,73],"floor_reached":24,"playtime":988,"items_purged":["Decay","Strike_B"],"score":317,"play_id":"68f325d1-3c11-4e29-8e71-a0c7a08c9a18","local_time":"20190111003238","is_ascension_mode":true,"campfire_choices":[{"data":"Defragment","floor":6.0,"key":"SMITH"},{"data":"Zap","floor":12.0,"key":"SMITH"},{"data":"Coolheaded","floor":15.0,"key":"SMITH"},{"data":"Coolheaded","floor":23.0,"key":"SMITH"}],"neow_cost":"NONE","seed_source_timestamp":336840076112419,"circlet_count":0,"master_deck":["AscendersBane","Strike_B","Strike_B","Strike_B","Defend_B","Defend_B","Defend_B","Defend_B","Zap+1","Dualcast","Sweeping Beam","Defragment+1","Coolheaded+1","Electrodynamics","Compile Driver","Conserve Battery","Redo","Coolheaded+1","Loop","Reboot","Ball Lightning","Barrage","Coolheaded"],"special_seed":0,"relics":["Cracked Core","NeowsBlessing","Oddly Smooth Stone","Juzu Bracelet","Odd Mushroom","Inserter"],"potions_floor_usage":[],"damage_taken":[{"damage":0.0,"enemies":"2 Louse","floor":1.0,"turns":1.0},{"damage":0.0,"enemies":"Cultist","floor":4.0,"turns":1.0},{"damage":0.0,"enemies":"Small Slimes","floor":5.0,"turns":1.0},{"damage":29.0,"enemies":"Gremlin Nob","floor":7.0,"turns":4.0},{"damage":4.0,"enemies":"Looter","floor":8.0,"turns":3.0},{"damage":17.0,"enemies":"Exordium Wildlife","floor":10.0,"turns":4.0},{"damage":0.0,"enemies":"The Mushroom Lair","floor":11.0,"turns":2.0},{"damage":14.0,"enemies":"Large Slime","floor":14.0,"turns":4.0},{"damage":2.0,"enemies":"Slime Boss","floor":16.0,"turns":10.0},{"damage":16.0,"enemies":"3 Byrds","floor":18.0,"turns":3.0},{"damage":4.0,"enemies":"Shell Parasite","floor":19.0,"turns":7.0},{"damage":27.0,"enemies":"Centurion and Healer","floor":22.0,"turns":5.0},{"damage":14,"enemies":"Gremlin Leader","floor":24,"turns":3}],"seed_played":"-5191582944673215697","potions_obtained":[{"floor":7.0,"key":"SmokeBomb"},{"floor":11.0,"key":"FearPotion"},{"floor":14.0,"key":"Dexterity Potion"},{"floor":16.0,"key":"Dexterity Potion"}],"is_trial":false,"path_per_floor":["M","?","$","M","M","R","E","M","T","M","?","R","$","M","R","B",null,"M","M","$","?","M","R","E"],"character_chosen":"DEFECT","items_purchased":["Defragment","Coolheaded","Loop"],"campfire_rested":0,"item_purchase_floors":[3,13,13],"current_hp_per_floor":[68,68,68,68,68,68,39,35,35,18,18,18,18,4,4,2,57,41,37,37,37,10,10,0],"gold":73,"neow_bonus":"THREE_ENEMY_KILL","is_prod":false,"is_daily":false,"chose_seed":false,"campfire_upgraded":4,"win_rate":0,"timestamp":1547163158,"path_taken":["M","?","$","?","M","R","E","M","T","M","?","R","$","M","R","BOSS","M","M","$","?","M","R","E"],"build_version":"2019-01-03v4","purchased_purges":2,"victory":false,"max_hp_per_floor":[75,75,75,75,75,75,75,75,75,75,75,75,75,75,75,75,75,75,75,75,75,75,75,75],"card_choices":[{"not_picked":["Cold Snap","Beam Cell"],"picked":"Sweeping Beam","floor":1.0},{"not_picked":["Barrage","Leap","Go for the Eyes"],"picked":"SKIP","floor":4.0},{"not_picked":["Stack","Beam Cell"],"picked":"Coolheaded","floor":5.0},{"not_picked":["Conserve Battery","Sweeping Beam"],"picked":"Electrodynamics","floor":7.0},{"not_picked":["Hologram","Conserve Battery"],"picked":"Compile Driver","floor":8.0},{"not_picked":["Stack","Steam"],"picked":"Conserve Battery","floor":10.0},{"not_picked":["Aggregate","Rebound"],"picked":"Redo","floor":11.0},{"not_picked":["Meteor Strike","Ball Lightning","Turbo"],"picked":"SKIP","floor":14.0},{"not_picked":["Creative AI","All For One"],"picked":"Reboot","floor":16.0},{"not_picked":["Cold Snap","Barrage","Ball Lightning"],"picked":"SKIP","floor":18.0},{"not_picked":["Cold Snap","Barrage"],"picked":"Ball Lightning","floor":18.0},{"not_picked":["Rip and Tear","Conserve Battery"],"picked":"Barrage","floor":19.0},{"not_picked":["All For One","Genetic Algorithm+1"],"picked":"Coolheaded","floor":22.0}],"player_experience":685827,"relics_obtained":[{"floor":7.0,"key":"Oddly Smooth Stone"},{"floor":9.0,"key":"Juzu Bracelet"},{"floor":11.0,"key":"Odd Mushroom"}],"event_choices":[{"damage_healed":0.0,"max_hp_gain":0.0,"max_hp_loss":0.0,"gold_gain":0.0,"event_name":"Wheel of Change","player_choice":"Cursed","floor":2.0,"gold_loss":0.0,"damage_taken":0.0,"cards_obtained":["Decay"]},{"damage_healed":0.0,"max_hp_gain":0.0,"max_hp_loss":0.0,"gold_gain":0.0,"event_name":"Mushrooms","player_choice":"Fought Mushrooms","floor":11.0,"gold_loss":0.0,"damage_taken":0.0},{"damage_healed":0.0,"max_hp_gain":0.0,"max_hp_loss":0.0,"gold_gain":0.0,"event_name":"Beggar","player_choice":"Ignored","floor":21.0,"gold_loss":0.0,"damage_taken":0.0}],"is_beta":false,"boss_relics":[{"not_picked":["Runic Dome","Orrery"],"picked":"Inserter"}],"items_purged_floors":[13,20],"is_endless":false,"potions_floor_spawned":[7,11,14,16,19],"killed_by":"Gremlin Leader","ascension_level":12}