{"gold_per_floor":[118,118,131,206,206,234,234,234,234,40,59,69,69,69,69,165,165,185,254,8,19,69,69,88,138,138,202,220,300,329,379,379,479,479,494,544,106,156,428,428,478],"floor_reached":41,"playtime":1591,"items_purged":["Perfected Strike","Strike_R"],"score":582,"play_id":"302c90df-c33a-413a-b2ec-d0d128c94e1e","local_time":"20190404225410","is_ascension_mode":false,"campfire_choices":[{"floor":8,"key":"REST"},{"floor":15,"key":"RECALL"},{"data":"Double Tap","floor":23,"key":"SMITH"},{"floor":32,"key":"REST"},{"data":"Apotheosis","floor":40,"key":"SMITH"}],"neow_cost":"NONE","seed_source_timestamp":16674260060950,"circlet_count":0,"master_deck":["Strike_R","Strike_R","Strike_R","Defend_R","Defend_R+1","Defend_R","Defend_R","Bash+1","Armaments","Thinking Ahead","Shrug It Off","Fiend Fire","Twin Strike+1","Combust","Double Tap+1","Blood for Blood","Iron Wave","Ghostly","Ghostly","Ghostly","Ghostly","Ghostly","Thunderclap+1","Rage","Fire Breathing","Thunderclap","Battle Trance","Dual Wield","Reaper","Inflame+1","Panacea","Finesse","Transmutation","Apotheosis+1","Madness","Madness"],"relics":["Busted Crown","Centennial Puzzle","Red Skull","Matryoshka","Ornamental Fan","SsserpentHead","Runic Pyramid","Potion Belt","Red Mask","Mercury Hourglass","Runic Cube","Bronze Scales"],"potions_floor_usage":[6,12,30,30,30,33],"damage_taken":[{"damage":2,"enemies":"2 Louse","floor":1,"turns":2},{"damage":11,"enemies":"Jaw Worm","floor":3,"turns":3},{"damage":27,"enemies":"3 Sentries","floor":6,"turns":8},{"damage":0,"enemies":"Small Slimes","floor":11,"turns":2},{"damage":0,"enemies":"Exordium Thugs","floor":12,"turns":2},{"damage":6,"enemies":"Hexaghost","floor":16,"turns":8},{"damage":0,"enemies":"Spheric Guardian","floor":18,"turns":3},{"damage":4,"enemies":"3 Byrds","floor":19,"turns":5},{"damage":24,"enemies":"Snecko","floor":21,"turns":4},{"damage":28,"enemies":"Cultist and Chosen","floor":24,"turns":8},{"damage":3,"enemies":"3 Cultists","floor":27,"turns":5},{"damage":3,"enemies":"Snake Plant","floor":28,"turns":3},{"damage":5,"enemies":"Masked Bandits","floor":29,"turns":3},{"damage":2,"enemies":"Slavers","floor":30,"turns":5},{"damage":6,"enemies":"Champ","floor":33,"turns":8},{"damage":3,"enemies":"3 Darklings","floor":35,"turns":5},{"damage":32,"enemies":"Mind Bloom Boss Battle","floor":41,"turns":2}],"seed_played":"-8191973397854112983","potions_obtained":[{"floor":1,"key":"Dexterity Potion"},{"floor":11,"key":"Fruit Juice"},{"floor":18,"key":"EssenceOfSteel"},{"floor":21,"key":"BloodPotion"},{"floor":24,"key":"Energy Potion"},{"floor":27,"key":"Poison Potion"},{"floor":35,"key":"SkillPotion"}],"is_trial":false,"path_per_floor":["M","?","M","?","?","E","?","R","T","$","M","M","?","?","R","B",null,"M","M","$","M","?","R","M","?","T","M","M","?","E","?","R","B",null,"M","?","$","?","?","R","?"],"character_chosen":"IRONCLAD","items_purchased":["Thinking Ahead","Double Tap","Blood for Blood","Apotheosis","Bronze Scales"],"campfire_rested":2,"item_purchase_floors":[10,20,20,37,37],"current_hp_per_floor":[78,78,67,56,53,26,10,34,34,34,34,39,39,39,39,33,85,85,81,81,57,42,42,14,14,14,11,8,3,5,5,17,11,42,40,30,30,25,25,25,0],"gold":478,"neow_bonus":"BOSS_RELIC","is_prod":false,"is_daily":false,"chose_seed":false,"campfire_upgraded":2,"win_rate":0,"timestamp":1554436450,"path_taken":["M","?","M","?","?","E","?","R","T","$","?","M","?","?","R","BOSS","M","?","$","M","?","R","M","?","T","?","M","?","E","?","R","BOSS","M","?","$","?","?","R","?"],"build_version":"2019-01-23","purchased_purges":2,"victory":false,"max_hp_per_floor":[80,80,80,80,80,80,80,80,80,80,80,85,85,85,85,85,85,85,85,85,85,42,42,42,42,42,42,42,42,42,42,42,42,42,42,42,42,42,42,42,42],"card_choices":[{"not_picked":["Second Wind"],"picked":"SKIP","floor":1},{"not_picked":[],"picked":"Armaments","floor":3},{"not_picked":[],"picked":"Fiend Fire","floor":6},{"not_picked":[],"picked":"Shrug It Off","floor":11},{"not_picked":["Blood for Blood"],"picked":"SKIP","floor":12},{"not_picked":[],"picked":"Fiend Fire","floor":16},{"not_picked":[],"picked":"Twin Strike+1","floor":18},{"not_picked":[],"picked":"Combust","floor":19},{"not_picked":[],"picked":"Iron Wave","floor":21},{"not_picked":[],"picked":"Thunderclap+1","floor":24},{"not_picked":["Sever Soul"],"picked":"SKIP","floor":27},{"not_picked":[],"picked":"Fire Breathing","floor":28},{"not_picked":[],"picked":"Thunderclap","floor":29},{"not_picked":[],"picked":"Battle Trance","floor":30},{"not_picked":[],"picked":"Reaper","floor":33},{"not_picked":[],"picked":"Inflame+1","floor":35},{"not_picked":[],"picked":"Panacea","floor":36},{"not_picked":[],"picked":"Finesse","floor":36},{"not_picked":[],"picked":"Transmutation","floor":36}],"player_experience":743244,"relics_obtained":[{"floor":6,"key":"Red Skull"},{"floor":9,"key":"Matryoshka"},{"floor":26,"key":"Potion Belt"},{"floor":29,"key":"Red Mask"},{"floor":30,"key":"Mercury Hourglass"}],"event_choices":[{"damage_healed":0,"gold_gain":0,"cards_transformed":["Strike_R"],"player_choice":"Change","damage_taken":0,"max_hp_gain":0,"max_hp_loss":0,"event_name":"Living Wall","floor":2,"gold_loss":0,"cards_obtained":["Perfected Strike"]},{"damage_healed":0,"gold_gain":75,"player_choice":"Gather Gold","damage_taken":11,"max_hp_gain":0,"max_hp_loss":0,"event_name":"World of Goop","floor":4,"gold_loss":0},{"damage_healed":0,"gold_gain":0,"player_choice":"Success","damage_taken":3,"relics_obtained":["Centennial Puzzle"],"max_hp_gain":0,"max_hp_loss":0,"event_name":"Scrap Ooze","floor":5,"gold_loss":0},{"damage_healed":0,"gold_gain":0,"player_choice":"Entered Light","damage_taken":16,"max_hp_gain":0,"max_hp_loss":0,"event_name":"Shining Light","floor":7,"gold_loss":0,"cards_upgraded":["Bash","Defend_R"]},{"damage_healed":0,"gold_gain":0,"player_choice":"Searched \u00272\u0027 times","damage_taken":0,"relics_obtained":["Ornamental Fan"],"max_hp_gain":0,"max_hp_loss":0,"event_name":"Dead Adventurer","floor":13,"gold_loss":0},{"damage_healed":0,"gold_gain":0,"player_choice":"Trade","damage_taken":0,"relics_obtained":["SsserpentHead"],"max_hp_gain":0,"max_hp_loss":0,"event_name":"FaceTrader","floor":14,"gold_loss":0},{"damage_healed":0,"gold_gain":0,"player_choice":"Became a Ghost","damage_taken":0,"max_hp_gain":0,"max_hp_loss":43,"event_name":"Ghosts","floor":22,"gold_loss":0,"cards_obtained":["Ghostly","Ghostly","Ghostly","Ghostly","Ghostly"]},{"damage_healed":0,"gold_gain":0,"cards_transformed":["Fiend Fire"],"player_choice":"Transformed","damage_taken":0,"max_hp_gain":0,"max_hp_loss":0,"event_name":"Transmorgrifier","floor":25,"gold_loss":0,"cards_obtained":["Rage"]},{"damage_healed":0,"gold_gain":0,"player_choice":"Fought Bandits","damage_taken":0,"max_hp_gain":0,"max_hp_loss":0,"event_name":"Masked Bandits","floor":29,"gold_loss":0},{"damage_healed":0,"gold_gain":0,"player_choice":"Read","damage_taken":0,"max_hp_gain":0,"max_hp_loss":0,"event_name":"The Library","floor":31,"gold_loss":0,"cards_obtained":["Dual Wield"]},{"damage_healed":0,"gold_gain":0,"player_choice":"Memory 3","damage_taken":10,"max_hp_gain":0,"max_hp_loss":0,"event_name":"SensoryStone","floor":36,"gold_loss":0},{"damage_healed":0,"gold_gain":0,"player_choice":"Embrace Madness","damage_taken":5,"max_hp_gain":0,"max_hp_loss":0,"event_name":"Winding Halls","floor":38,"gold_loss":0,"cards_obtained":["Madness","Madness"]},{"damage_healed":0,"gold_gain":222,"player_choice":"Wore Mask","damage_taken":0,"max_hp_gain":0,"max_hp_loss":0,"event_name":"Tomb of Lord Red Mask","floor":39,"gold_loss":0},{"damage_healed":0,"gold_gain":0,"player_choice":"Fight","damage_taken":0,"max_hp_gain":0,"max_hp_loss":0,"event_name":"MindBloom","floor":41,"gold_loss":0}],"is_beta":false,"boss_relics":[{"not_picked":["Black Star","Pandora\u0027s Box"],"picked":"Runic Pyramid"},{"not_picked":["Runic Dome","Eternal Feather"],"picked":"Runic Cube"}],"items_purged_floors":[20,37],"is_endless":false,"potions_floor_spawned":[1,11,18,21,24,27,35],"killed_by":"Mind Bloom Boss Battle","ascension_level":0}