{"gold_per_floor":[113,123,142,142,165,165,201,201,249,249,115,115,115,136,136,136],"floor_reached":16,"playtime":384,"items_purged":["Strike_R"],"score":196,"play_id":"100dd0f8-1ad5-46d2-b9b2-8f08e8ef0423","local_time":"20190308145151","is_ascension_mode":true,"campfire_choices":[{"data":"Entrench","floor":6.0,"key":"SMITH"},{"floor":8,"key":"REST"},{"data":"Iron Wave","floor":12,"key":"SMITH"},{"floor":15,"key":"REST"}],"neow_cost":"NONE","seed_source_timestamp":219707352466978,"circlet_count":0,"master_deck":["AscendersBane","Strike_R","Strike_R","Strike_R","Defend_R","Defend_R+1","Defend_R","Defend_R+1","Bash+1","Cleave","Entrench+1","Iron Wave+1"],"special_seed":0,"relics":["Burning Blood","Golden Idol","Boot","War Paint","Omamori"],"potions_floor_usage":[7,16],"damage_taken":[{"damage":7.0,"enemies":"Small Slimes","floor":1.0,"turns":4.0},{"damage":9.0,"enemies":"Jaw Worm","floor":2.0,"turns":4.0},{"damage":6.0,"enemies":"Cultist","floor":3.0,"turns":3.0},{"damage":56,"enemies":"Gremlin Nob","floor":7,"turns":5},{"damage":14,"enemies":"Exordium Thugs","floor":14,"turns":4},{"damage":63,"enemies":"Slime Boss","floor":16,"turns":13}],"seed_played":"4528221711921567705","potions_obtained":[{"floor":3.0,"key":"SkillPotion"},{"floor":13,"key":"LiquidBronze"},{"floor":13,"key":"Ancient Potion"},{"floor":14,"key":"Block Potion"}],"is_trial":false,"path_per_floor":["M","M","M","?","T","R","E","R","T","?","$","R","?","M","R","B"],"character_chosen":"IRONCLAD","items_purchased":["Iron Wave"],"campfire_rested":2,"item_purchase_floors":[11],"current_hp_per_floor":[67,64,64,64,64,64,14,34,34,34,34,34,34,26,46,0],"gold":136,"neow_bonus":"UPGRADE_CARD","is_prod":false,"is_daily":false,"chose_seed":false,"campfire_upgraded":2,"win_rate":0,"timestamp":1552053111,"path_taken":["M","M","M","?","?","R","E","R","T","?","$","R","?","?","R","BOSS"],"build_version":"2019-01-23","purchased_purges":1,"victory":false,"max_hp_per_floor":[75,75,75,68,68,68,68,68,68,68,68,68,68,68,68,68],"card_choices":[{"not_picked":["Pommel Strike","Dropkick"],"picked":"Cleave","floor":1.0},{"not_picked":["Flex","Perfected Strike","Searing Blow"],"picked":"SKIP","floor":2.0},{"not_picked":["Feel No Pain","Disarm"],"picked":"Entrench","floor":3.0},{"not_picked":["Clash","Thunderclap","Infernal Blade"],"picked":"SKIP","floor":7},{"not_picked":["Sword Boomerang","Clash","Burning Pact"],"picked":"SKIP","floor":14}],"player_experience":954237,"relics_obtained":[{"floor":5.0,"key":"Boot"},{"floor":7,"key":"War Paint"},{"floor":9,"key":"Omamori"}],"event_choices":[{"damage_healed":0.0,"max_hp_gain":0.0,"max_hp_loss":7.0,"gold_gain":0.0,"event_name":"Golden Idol","player_choice":"Lose Max HP","floor":4.0,"gold_loss":0.0,"damage_taken":0.0,"relics_obtained":["Golden Idol"]},{"cards_removed":["Strike_R"],"damage_healed":0,"gold_gain":0,"player_choice":"Forget","damage_taken":0,"max_hp_gain":0,"max_hp_loss":0,"event_name":"Living Wall","floor":10,"gold_loss":0},{"damage_healed":0,"gold_gain":0,"player_choice":"Got Potions","damage_taken":0,"max_hp_gain":0,"max_hp_loss":0,"event_name":"Lab","floor":13,"gold_loss":0}],"is_beta":false,"boss_relics":[],"items_purged_floors":[11],"is_endless":false,"potions_floor_spawned":[3,14],"killed_by":"Slime Boss","ascension_level":20}