{"path_per_floor":["M","$","M","M","?","R","E","?","T","$","R","M","T","E","R","B",null,"M","M","?","M","?","R","E","R","T"],"character_chosen":"DEFECT","items_purchased":["Capacitor","Coolheaded"],"gold_per_floor":[115,64,78,94,94,94,123,123,123,25,25,0,24,49,49,147,177,188,155,80,100,100,100,132,132,155,155],"floor_reached":27,"campfire_rested":2,"playtime":960,"current_hp_per_floor":[67,67,60,57,42,42,21,21,21,21,43,43,43,31,31,16,65,63,39,39,21,21,21,6,30,30,0],"items_purged":["Strike_B"],"gold":155,"score":332,"play_id":"ebced5d0-b6cc-45df-9a32-6e2ac635eb7d","local_time":"20180514234241","is_prod":false,"is_daily":false,"chose_seed":false,"is_ascension_mode":true,"campfire_upgraded":3,"timestamp":1526334161,"path_taken":["M","$","M","M","?","R","E","?","T","?","R","?","?","E","R","BOSS","M","M","?","M","?","R","E","R","T","M"],"build_version":"2018-05-12v2","seed_source_timestamp":174466848369957,"purchased_purges":1,"victory":false,"master_deck":["Strike_B+1","Strike_B+1","Defend_B","Defend_B+1","Defend_B","Defend_B","Zap+1","Dualcast","Skim","Capacitor+1","Go for the Eyes","Coolheaded","Storm","Coolheaded","FTL","Seek+1","Melter+1","Barrage","Consume+1"],"max_hp_per_floor":[75,75,75,75,75,75,75,75,75,75,75,75,75,75,75,75,80,80,80,80,80,80,80,80,80,80,80],"relics":["Cracked Core","Calipers","Thread and Needle","Vajra","Bronze Scales","Tiny House","Pen Nib","Lantern"],"card_choices":[{"not_picked":["Tempest","Axe Kick"],"picked":"Skim","floor":1.0},{"not_picked":["Reinforced Body","Leap"],"picked":"Go for the Eyes","floor":3.0},{"not_picked":["Rebound","Gash"],"picked":"Coolheaded","floor":4},{"not_picked":["Blizzard","Steam Power"],"picked":"Storm","floor":7},{"not_picked":["Steam Power","Capacitor"],"picked":"FTL","floor":12},{"not_picked":["Beam Cell","Stack","Skim"],"picked":"SKIP","floor":14},{"not_picked":["Meteor Strike","Buffer"],"picked":"Seek","floor":16},{"not_picked":["Streamline","Stack","Go for the Eyes"],"picked":"SKIP","floor":18},{"not_picked":["Tempest","Rebound+1"],"picked":"Melter+1","floor":19},{"not_picked":["Skim","Fission"],"picked":"Barrage","floor":21},{"not_picked":["Coolheaded","Reprogram"],"picked":"Consume+1","floor":24}],"player_experience":656662,"potions_floor_usage":[7,12,24],"damage_taken":[{"damage":1.0,"enemies":"2 Louse","floor":1.0,"turns":3.0},{"damage":7.0,"enemies":"Jaw Worm","floor":3.0,"turns":4.0},{"damage":3,"enemies":"Small Slimes","floor":4,"turns":4},{"damage":21,"enemies":"3 Sentries","floor":7,"turns":8},{"damage":0,"enemies":"Looter","floor":12,"turns":4},{"damage":12,"enemies":"Lagavulin","floor":14,"turns":7},{"damage":15,"enemies":"Hexaghost","floor":16,"turns":10},{"damage":2,"enemies":"Shell Parasite","floor":18,"turns":6},{"damage":24,"enemies":"2 Thieves","floor":19,"turns":5},{"damage":18,"enemies":"Snake Plant","floor":21,"turns":5},{"damage":15,"enemies":"Book of Stabbing","floor":24,"turns":6},{"damage":31,"enemies":"3 Cultists","floor":27,"turns":3}],"event_choices":[{"event_name":"Shining Light","player_choice":"Entered Light","floor":5,"damage_taken":0},{"event_name":"Liars Game","player_choice":"disagreed","floor":8,"damage_taken":0},{"event_name":"Beggar","player_choice":"Gave Gold","floor":20,"damage_taken":0},{"event_name":"Vampires","player_choice":"Ignored","floor":22,"damage_taken":0}],"boss_relics":[{"not_picked":["Snecko Eye","Lizard Tail"],"picked":"Tiny House"}],"potions_floor_spawned":[1,3,4,24],"seed_played":"-6637829936728163506","killed_by":"3 Cultists","ascension_level":8,"is_trial":false}