{"path_per_floor":["M","?","M","M","M","R","M","R","T","?","M","M","$","E","R","B",null,"M","M","M","$","M","R"],"character_chosen":"THE_SILENT","items_purchased":["Paper Crane","Whetstone"],"gold_per_floor":[111,211,227,241,253,253,273,273,273,273,293,311,72,99,99,194,194,212,231,246,98,116,116],"floor_reached":24,"campfire_rested":2,"playtime":1386,"current_hp_per_floor":[62,62,59,59,48,48,35,56,56,70,65,65,65,52,52,33,61,46,43,30,30,2,23],"items_purged":[],"gold":116,"score":283,"play_id":"0c5d0b81-ccd4-49dd-b7ae-cec6020399f9","is_prod":false,"is_daily":false,"is_ascension_mode":true,"campfire_upgraded":2,"path_taken":["M","?","M","M","M","R","M","R","T","?","M","M","$","E","R","BOSS","M","M","?","$","M","R","M"],"build_version":"2018-02-15-PROD1","purchased_purges":0,"victory":false,"master_deck":["Survivor","Neutralize","Slice+1","Concentrate","Endless Agony","Outmaneuver","All Out Attack","Leg Sweep","PiercingWail","Reflex","Cloak And Dagger+1","Sucker Punch+1","Dagger Spray+1","Dagger Throw","Backstab","Infinite Blades","Backflip","Burst","Accuracy","Accuracy","Cloak And Dagger+1","Backflip+1"],"max_hp_per_floor":[70,70,70,70,70,70,70,70,70,70,70,70,70,70,70,70,70,70,70,70,70,70,70],"relics":["Pandora\u0027s Box","Bottled Tornado","Paper Crane","Orichalcum","Black Star","Whetstone"],"card_choices":[{"not_picked":["Malaise","Poisoned Stab"],"picked":"Dagger Spray"},{"not_picked":["Blur","Finisher"],"picked":"Dagger Throw"},{"not_picked":["Escape Plan","Predator"],"picked":"Backstab"},{"not_picked":["Underhanded Strike","Backflip"],"picked":"Infinite Blades"},{"not_picked":["Poisoned Stab","Infinite Blades"],"picked":"Backflip"},{"not_picked":["Doppelganger","Night Terror"],"picked":"Burst"},{"not_picked":["Backflip","Poisoned Stab"],"picked":"Accuracy"},{"not_picked":["Dagger Throw","PiercingWail"],"picked":"Accuracy"},{"not_picked":["Endless Agony","Infinite Blades"],"picked":"Cloak And Dagger"},{"not_picked":["Flying Knee","Noxious Fumes"],"picked":"Backflip"}],"player_experience":322213,"potions_floor_usage":[19,19],"damage_taken":[{"damage":1,"enemies":"2 Louse","floor":1,"turns":2},{"damage":3,"enemies":"Cultist","floor":3,"turns":5},{"damage":0,"enemies":"Small Slimes","floor":4,"turns":2},{"damage":11,"enemies":"3 Louse","floor":5,"turns":2},{"damage":13,"enemies":"Large Slime","floor":7,"turns":4},{"damage":5,"enemies":"Gremlin Gang","floor":11,"turns":2},{"damage":0,"enemies":"Lots of Slimes","floor":12,"turns":3},{"damage":13,"enemies":"3 Sentries","floor":14,"turns":5},{"damage":19,"enemies":"Hexaghost","floor":16,"turns":13},{"damage":15,"enemies":"3 Byrds","floor":18,"turns":5},{"damage":3,"enemies":"Chosen","floor":19,"turns":4},{"damage":13,"enemies":"3 Cultists","floor":20,"turns":5},{"damage":28,"enemies":"Slaver and Parasite","floor":22,"turns":6},{"damage":24,"enemies":"Snake Plant","floor":24,"turns":3}],"event_choices":[{"event_name":"Golden Shrine","player_choice":"Pray","floor":2,"damage_taken":0},{"event_name":"Big Fish","player_choice":"Banana","floor":10,"damage_taken":0}],"boss_relics":[{"not_picked":["Eternal Feather","White Beast Statue"],"picked":"Black Star"}],"potions_floor_spawned":[3,5,11,14,22],"seed_played":"6551221592147686690","killed_by":"Snake Plant","ascension_level":8,"is_trial":false}