{"path_per_floor":["M","?","?","$","?","R","E","R","T","?","M","R","M","M","R","B",null,"M","T","?","M","$","R","E","R","T","M","?","M","R","M","R"],"character_chosen":"DEFECT","items_purchased":["Sweeping Beam","War Paint"],"gold_per_floor":[116,116,116,17,17,17,57,57,57,31,56,56,79,94,94,214,214,237,237,237,251,108,108,143,143,213,232,232,252,252,266,266,266],"floor_reached":33,"campfire_rested":4,"playtime":1813,"item_purchase_floors":[],"current_hp_per_floor":[59,42,30,30,30,30,4,24,24,24,24,24,24,18,38,3,52,43,43,43,14,14,34,34,34,34,34,34,27,27,14,34,0],"items_purged":["Defend_B"],"gold":266,"score":454,"play_id":"16df763f-443b-43da-b52f-346cbf454dd9","local_time":"20180520153657","is_prod":false,"is_daily":false,"chose_seed":false,"is_ascension_mode":true,"campfire_upgraded":4,"timestamp":1526823417,"campfire_choices":[{"data":"Zap","floor":6.0,"key":"SMITH"},{"floor":8.0,"key":"REST"},{"data":"Hologram","floor":12.0,"key":"SMITH"},{"floor":15.0,"key":"REST"},{"floor":23.0,"key":"REST"},{"data":"Turbo","floor":25.0,"key":"SMITH"},{"data":"Coolheaded","floor":30.0,"key":"SMITH"},{"floor":32,"key":"REST"}],"path_taken":["M","?","?","?","?","R","E","R","T","?","?","R","M","M","R","BOSS","M","?","?","?","$","R","E","R","T","M","?","M","R","M","R","BOSS"],"build_version":"2018-05-18","seed_source_timestamp":143734500199077,"purchased_purges":1,"victory":false,"master_deck":["Zap+1","Dualcast+1","Streamline","Sweeping Beam","Chill","Hologram+1","Turbo+1","All For One","Steam","Storm","Beam Cell","Skim+1","Steam+1","Reprogram+1","BootSequence","Coolheaded+1","Cold Snap"],"max_hp_per_floor":[68,68,68,68,68,68,68,68,68,68,68,68,68,68,68,68,68,68,68,68,68,68,68,68,68,68,68,68,68,68,68,68,68],"relics":["Cracked Core","Golden Idol","Smiling Mask","Vajra","Gremlin Horn","Pandora\u0027s Box","Dodecahedron","War Paint","Mercury Hourglass"],"card_choices":[{"not_picked":["Static Discharge","Turbo"],"picked":"Streamline","floor":1.0},{"not_picked":["Axe Kick","Skim"],"picked":"Chill","floor":7.0},{"not_picked":["Barrage","Ball Lightning"],"picked":"Hologram","floor":11.0},{"not_picked":["Axe Kick","Hologram","Lockon"],"picked":"SKIP","floor":13.0},{"not_picked":["Tempest","Streamline"],"picked":"Turbo","floor":14.0},{"not_picked":["Hyperbeam","Biased Cognition"],"picked":"All For One","floor":16.0},{"not_picked":["Skim","Turbo+1"],"picked":"Reprogram+1","floor":18.0},{"not_picked":["Streamline","Static Discharge+1","Ball Lightning"],"picked":"SKIP","floor":21.0},{"not_picked":["Machine Learning","Barrage+1"],"picked":"BootSequence","floor":24.0},{"not_picked":["Steam","Reprogram"],"picked":"Coolheaded","floor":27.0},{"not_picked":["Sweeping Beam+1","Streamline"],"picked":"Cold Snap","floor":29.0},{"not_picked":["Streamline","Axe Kick","Cold Snap+1"],"picked":"SKIP","floor":31}],"player_experience":692969,"potions_floor_usage":[],"damage_taken":[{"damage":9.0,"enemies":"Jaw Worm","floor":1.0,"turns":5.0},{"damage":26.0,"enemies":"Gremlin Nob","floor":7.0,"turns":4.0},{"damage":0.0,"enemies":"2 Louse","floor":11.0,"turns":1.0},{"damage":0.0,"enemies":"Small Slimes","floor":13.0,"turns":2.0},{"damage":6.0,"enemies":"Looter","floor":14.0,"turns":2.0},{"damage":35.0,"enemies":"Hexaghost","floor":16.0,"turns":8.0},{"damage":9.0,"enemies":"2 Thieves","floor":18.0,"turns":4.0},{"damage":29.0,"enemies":"Chosen","floor":21.0,"turns":5.0},{"damage":0.0,"enemies":"Slavers","floor":24.0,"turns":4.0},{"damage":0.0,"enemies":"3 Cultists","floor":27.0,"turns":5.0},{"damage":7.0,"enemies":"Snake Plant","floor":29.0,"turns":4.0},{"damage":13,"enemies":"Cultist and Chosen","floor":31,"turns":4},{"damage":47,"enemies":"Collector","floor":33,"turns":6}],"relics_obtained":[{"floor":7.0,"key":"Vajra"},{"floor":9.0,"key":"Gremlin Horn"},{"floor":19.0,"key":"Dodecahedron"},{"floor":26.0,"key":"Mercury Hourglass"}],"event_choices":[{"event_name":"Golden Idol","player_choice":"Take Damage","floor":2.0,"damage_taken":0.0},{"event_name":"Scrap Ooze","player_choice":"success","floor":3.0,"damage_taken":12.0},{"event_name":"The Cleric","player_choice":"Leave","floor":5.0,"damage_taken":0.0},{"event_name":"World of Goop","player_choice":"Left","floor":10.0,"damage_taken":0.0},{"event_name":"Upgrade Shrine","player_choice":"Upgraded","floor":20.0,"damage_taken":0.0},{"event_name":"Drug Dealer","player_choice":"Ignored","floor":28.0,"damage_taken":0.0}],"boss_relics":[],"items_purged_floors":[],"potions_floor_spawned":[1,14,18,27],"seed_played":"6620784158962561137","killed_by":"Collector","ascension_level":9,"potions_obtained":[{"floor":1.0,"key":"AttackPotion"},{"floor":14.0,"key":"SkillPotion"},{"floor":18.0,"key":"EssenceOfSteel"},{"floor":27.0,"key":"Dexterity Potion"}],"is_trial":false}