{"gold_per_floor":[362,144,144,161,172,172,197,217,217,234,263,263,292,292,292,364,364,354,97,117,117,136,136,136],"floor_reached":24,"playtime":1108,"items_purged":["Strike_B"],"score":422,"play_id":"21f1a2c6-f4b5-4876-b643-da924ae2f45d","local_time":"20190113095435","is_ascension_mode":true,"campfire_choices":[{"data":"Defragment","floor":6.0,"key":"SMITH"},{"data":"Zap","floor":12.0,"key":"SMITH"},{"data":"Coolheaded","floor":15.0,"key":"SMITH"},{"floor":23,"key":"REST"}],"neow_cost":"TEN_PERCENT_HP_LOSS","seed_source_timestamp":494519807235752,"circlet_count":0,"master_deck":["AscendersBane","Strike_B","Strike_B","Defend_B","Defend_B","Defend_B","Zap+1","Dualcast","Stack","Defragment+1","Glacier","FTL","Conserve Battery","Coolheaded+1","Compile Driver","Core Surge","Heatsinks+1","Coolheaded","Fission","Seek","Ball Lightning"],"special_seed":0,"relics":["Cracked Core","Sundial","Gremlin Horn","Boot","Strawberry","Black Star","Medical Kit"],"potions_floor_usage":[18,22],"damage_taken":[{"damage":3.0,"enemies":"2 Louse","floor":1.0,"turns":3.0},{"damage":0.0,"enemies":"Cultist","floor":4.0,"turns":4.0},{"damage":0.0,"enemies":"Small Slimes","floor":5.0,"turns":3.0},{"damage":8.0,"enemies":"Lagavulin","floor":7.0,"turns":6.0},{"damage":0.0,"enemies":"Exordium Wildlife","floor":8.0,"turns":4.0},{"damage":7.0,"enemies":"Red Slaver","floor":10.0,"turns":3.0},{"damage":20.0,"enemies":"3 Sentries","floor":11.0,"turns":11.0},{"damage":0.0,"enemies":"Lagavulin","floor":13.0,"turns":8.0},{"damage":19.0,"enemies":"The Guardian","floor":16.0,"turns":18.0},{"damage":23,"enemies":"2 Thieves","floor":18,"turns":4},{"damage":1,"enemies":"Chosen","floor":20,"turns":5},{"damage":32,"enemies":"Shelled Parasite and Fungi","floor":22,"turns":6},{"damage":31,"enemies":"Gremlin Leader","floor":24,"turns":5}],"seed_played":"-7187569710519561666","potions_obtained":[{"floor":4.0,"key":"Energy Potion"},{"floor":5.0,"key":"Fire Potion"},{"floor":7.0,"key":"EssenceOfSteel"},{"floor":18,"key":"Fire Potion"}],"is_trial":false,"path_per_floor":["M","$","?","M","M","R","E","M","T","M","E","R","E","?","R","B",null,"M","$","M","?","M","R","E"],"character_chosen":"DEFECT","items_purchased":["Defragment","Glacier","Medical Kit","Coolheaded"],"campfire_rested":1,"item_purchase_floors":[2,2,19,19],"current_hp_per_floor":[61,61,61,61,61,61,53,53,53,46,26,26,33,33,33,14,57,34,34,33,33,1,22,0],"gold":136,"neow_bonus":"TWO_FIFTY_GOLD","is_prod":false,"is_daily":false,"chose_seed":false,"campfire_upgraded":3,"win_rate":0,"timestamp":1547369675,"path_taken":["M","$","?","?","?","R","E","M","T","M","E","R","E","?","R","BOSS","M","$","M","?","M","R","E"],"build_version":"2019-01-10","purchased_purges":1,"victory":false,"max_hp_per_floor":[64,64,64,64,64,64,64,64,64,64,64,64,71,71,71,71,71,71,71,71,71,71,71,71],"card_choices":[{"not_picked":["Cold Snap","Fusion"],"picked":"Stack","floor":1.0},{"not_picked":["Undo","Gash"],"picked":"FTL","floor":4.0},{"not_picked":["Sweeping Beam","Storm"],"picked":"Conserve Battery","floor":5.0},{"not_picked":["Ball Lightning","Redo"],"picked":"Coolheaded","floor":7.0},{"not_picked":["Rebound","Double Energy","Go for the Eyes"],"picked":"SKIP","floor":8.0},{"not_picked":["Rebound","Double Energy","Go for the Eyes"],"picked":"SKIP","floor":8.0},{"not_picked":["Fission","Barrage","Gash"],"picked":"SKIP","floor":10.0},{"not_picked":["Turbo","Go for the Eyes"],"picked":"Compile Driver","floor":11.0},{"not_picked":["Beam Cell","Creative AI","Lockon"],"picked":"SKIP","floor":13.0},{"not_picked":["Reboot","Seek"],"picked":"Core Surge","floor":16.0},{"not_picked":["Leap","Ball Lightning"],"picked":"Heatsinks+1","floor":18},{"not_picked":["Rebound+1","Conserve Battery","Cold Snap"],"picked":"SKIP","floor":20},{"not_picked":["Go for the Eyes","Creative AI"],"picked":"Ball Lightning","floor":22}],"player_experience":717622,"relics_obtained":[{"floor":7.0,"key":"Sundial"},{"floor":9.0,"key":"Gremlin Horn"},{"floor":11.0,"key":"Boot"},{"floor":13.0,"key":"Strawberry"}],"event_choices":[{"damage_healed":0.0,"max_hp_gain":0.0,"max_hp_loss":0.0,"gold_gain":0.0,"event_name":"Match and Keep!","player_choice":"0 cards matched","floor":3.0,"gold_loss":0.0,"damage_taken":0.0,"cards_obtained":[]},{"damage_healed":0.0,"max_hp_gain":0.0,"max_hp_loss":0.0,"gold_gain":0.0,"event_name":"Liars Game","player_choice":"Ignored","floor":14.0,"gold_loss":0.0,"damage_taken":0.0},{"damage_healed":0,"gold_gain":0,"cards_transformed":["Strike_B","Defend_B"],"player_choice":"Became Test Subject","damage_taken":0,"max_hp_gain":0,"max_hp_loss":0,"event_name":"Drug Dealer","floor":21,"gold_loss":0,"cards_obtained":["Fission","Seek"]}],"is_beta":false,"boss_relics":[{"not_picked":["Lizard Tail","Snecko Eye"],"picked":"Black Star"}],"items_purged_floors":[2],"is_endless":false,"potions_floor_spawned":[4,5,7,18],"killed_by":"Gremlin Leader","ascension_level":15}