{"gold_per_floor":[363,53,63,79,79,79,110,122,149,168,168,197,197,209,209,286,286,300,311,328,43,43,43,60,60,85,85,102,119,129,129,129,129],"floor_reached":33,"playtime":3087,"items_purged":[],"score":521,"play_id":"d3504efa-87f9-44fc-a5ed-7af954515105","local_time":"20190725154902","is_ascension_mode":true,"campfire_choices":[{"data":"Dash","floor":6,"key":"SMITH"},{"data":"Caltrops","floor":11,"key":"SMITH"},{"data":"Caltrops","floor":13,"key":"SMITH"},{"data":"Bullet Time","floor":15,"key":"SMITH"},{"floor":23,"key":"REST"},{"data":"Blur","floor":25,"key":"SMITH"},{"data":"Malaise","floor":32,"key":"SMITH"}],"neow_cost":"TEN_PERCENT_HP_LOSS","seed_source_timestamp":13564063562200,"circlet_count":0,"master_deck":["AscendersBane","Defend_G","Defend_G","Defend_G","Defend_G","Defend_G","Survivor","Neutralize+1","Dash+1","Caltrops+1","Dagger Throw","Underhanded Strike","Caltrops+1","Cloak And Dagger","Deflect","Tactician","Bullet Time+1","After Image","Flying Knee","Leg Sweep","Flechettes+1","Bite","Bite","Bite+1","Bite","Bite","Blur+1","Cloak And Dagger","Cloak And Dagger+1","Backstab","Malaise+1"],"relics":["Ring of the Serpent","Mercury Hourglass","Bag of Marbles","Regal Pillow","Potion Belt","Mummified Hand","Whetstone"],"potions_floor_usage":[7,12,14,18,20,30,33,33],"damage_taken":[{"damage":2,"enemies":"2 Louse","floor":1,"turns":4},{"damage":1,"enemies":"Cultist","floor":3,"turns":3},{"damage":7,"enemies":"Small Slimes","floor":4,"turns":3},{"damage":5,"enemies":"3 Sentries","floor":7,"turns":4},{"damage":1,"enemies":"Exordium Thugs","floor":8,"turns":4},{"damage":0,"enemies":"2 Fungi Beasts","floor":10,"turns":1},{"damage":3,"enemies":"Gremlin Nob","floor":12,"turns":3},{"damage":0,"enemies":"Large Slime","floor":14,"turns":5},{"damage":24,"enemies":"Hexaghost","floor":16,"turns":8},{"damage":17,"enemies":"Spheric Guardian","floor":18,"turns":7},{"damage":22,"enemies":"Shell Parasite","floor":19,"turns":6},{"damage":0,"enemies":"3 Cultists","floor":20,"turns":5},{"damage":13,"enemies":"Snake Plant","floor":24,"turns":5},{"damage":20,"enemies":"Shelled Parasite and Fungi","floor":28,"turns":5},{"damage":0,"enemies":"Snecko","floor":29,"turns":5},{"damage":5,"enemies":"Centurion and Healer","floor":30,"turns":5},{"damage":71,"enemies":"Champ","floor":33,"turns":20}],"seed_played":"8018779571596855732","potions_obtained":[{"floor":1,"key":"Explosive Potion"},{"floor":7,"key":"Strength Potion"},{"floor":10,"key":"Fire Potion"},{"floor":16,"key":"Swift Potion"},{"floor":18,"key":"Strength Potion"},{"floor":20,"key":"Fire Potion"},{"floor":29,"key":"Energy Potion"},{"floor":30,"key":"Dexterity Potion"}],"is_trial":false,"path_per_floor":["M","$","M","M","?","R","E","M","T","M","R","E","R","M","R","B",null,"M","M","M","$","?","R","M","R","T","?","M","M","M","?","R","B"],"character_chosen":"THE_SILENT","items_purchased":["Mercury Hourglass","Caltrops","Mummified Hand"],"campfire_rested":1,"item_purchase_floors":[2,2,21],"current_hp_per_floor":[57,57,56,49,49,49,44,43,43,43,43,40,40,40,40,16,49,32,10,10,10,10,37,36,36,36,26,20,27,33,33,33,0],"gold":129,"neow_bonus":"TWO_FIFTY_GOLD","is_prod":false,"is_daily":false,"chose_seed":false,"campfire_upgraded":6,"win_rate":0,"timestamp":1564062542,"path_taken":["M","$","M","M","?","R","E","M","T","M","R","E","R","?","R","BOSS","M","M","?","$","?","R","M","R","T","?","M","M","M","?","R","BOSS"],"build_version":"2019-07-17","purchased_purges":0,"victory":false,"max_hp_per_floor":[60,60,60,60,60,60,60,60,60,60,60,60,60,60,60,60,60,60,60,60,60,42,42,42,42,42,47,47,47,47,47,47,47],"card_choices":[{"not_picked":["Accuracy","Eviscerate"],"picked":"Dash","floor":1},{"not_picked":["Catalyst","Choke"],"picked":"Dagger Throw","floor":3},{"not_picked":["Dagger Spray","Backflip"],"picked":"Underhanded Strike","floor":4},{"not_picked":["Backflip","Expertise"],"picked":"Caltrops","floor":7},{"not_picked":["Flying Knee","Eviscerate"],"picked":"Cloak And Dagger","floor":8},{"not_picked":["Backflip","Flechettes"],"picked":"Deflect","floor":10},{"not_picked":["Sucker Punch","Bane"],"picked":"Tactician","floor":12},{"not_picked":["Sucker Punch","Expertise"],"picked":"Bullet Time","floor":14},{"not_picked":["Unload","Burst"],"picked":"After Image","floor":16},{"not_picked":["Bane","Prepared"],"picked":"Flying Knee","floor":18},{"not_picked":["Sucker Punch","Dash"],"picked":"Leg Sweep","floor":19},{"not_picked":["Sucker Punch","Underhanded Strike"],"picked":"Flechettes+1","floor":20},{"not_picked":["Quick Slash","PiercingWail"],"picked":"Blur","floor":24},{"not_picked":["Expertise+1","Prepared+1"],"picked":"Cloak And Dagger","floor":28},{"not_picked":["Sucker Punch","Dagger Throw"],"picked":"Cloak And Dagger+1","floor":29},{"not_picked":["Deadly Poison","Skewer"],"picked":"Backstab","floor":30}],"player_experience":896100,"relics_obtained":[{"floor":7,"key":"Bag of Marbles"},{"floor":9,"key":"Regal Pillow"},{"floor":12,"key":"Potion Belt"},{"floor":26,"key":"Whetstone"}],"event_choices":[{"damage_healed":0,"gold_gain":0,"player_choice":"0 cards matched","damage_taken":0,"max_hp_gain":0,"max_hp_loss":0,"event_name":"Match and Keep!","floor":5,"gold_loss":0,"cards_obtained":[]},{"damage_healed":0,"gold_gain":0,"player_choice":"Became a vampire","damage_taken":0,"max_hp_gain":0,"max_hp_loss":18,"event_name":"Vampires","floor":22,"gold_loss":0,"cards_obtained":["Bite","Bite","Bite","Bite","Bite"]},{"damage_healed":0,"gold_gain":0,"player_choice":"Shed Blood","damage_taken":15,"max_hp_gain":5,"max_hp_loss":0,"event_name":"Forgotten Altar","floor":27,"gold_loss":0},{"damage_healed":0,"gold_gain":0,"player_choice":"1 cards matched","damage_taken":0,"max_hp_gain":0,"max_hp_loss":0,"event_name":"Match and Keep!","floor":31,"gold_loss":0,"cards_obtained":["Malaise"]}],"is_beta":false,"boss_relics":[{"not_picked":["Calling Bell","Black Star"],"picked":"Ring of the Serpent"}],"items_purged_floors":[],"is_endless":false,"potions_floor_spawned":[1,7,10,16,18,20,29,30],"killed_by":"Champ","ascension_level":18}