{"path_per_floor":["M","$","?","M","?","M","M","R","T","M","E","M","$","M","R","B",null,"M","M","M","?","M","R","M","E","T","$","?","R","E","M","R","B",null,"M","M","M","$","?","R","E","M","T","R","?","M","M","M","R","B"],"character_chosen":"IRONCLAD","items_purchased":["Rampage","Molten Egg 2","Purity"],"gold_per_floor":[367,224,224,240,240,258,276,276,302,320,346,356,95,109,109,186,186,203,221,234,234,244,244,264,298,298,198,123,123,150,167,167,238,238,255,275,295,75,75,75,103,120,144,144,144,160,170,185,185,185],"floor_reached":51,"campfire_rested":2,"playtime":3005,"current_hp_per_floor":[64,64,64,64,64,68,63,63,63,68,66,68,68,68,68,68,68,68,68,68,68,64,64,55,53,53,53,53,53,40,42,42,21,56,59,34,24,24,34,59,47,35,42,42,66,70,70,76,108,86],"items_purged":["Strike_R","Writhe","Strike_R"],"gold":185,"score":1365,"play_id":"9eee78b9-1481-4058-85a1-b7e12db6fe31","local_time":"20180331222207","is_prod":false,"is_daily":false,"is_ascension_mode":true,"campfire_upgraded":6,"timestamp":1522527727,"path_taken":["M","$","?","M","?","M","M","R","T","M","E","?","?","M","R","BOSS","M","M","M","?","M","R","M","E","T","$","?","R","E","M","R","BOSS","M","M","M","$","?","R","E","M","T","R","?","?","M","M","R","BOSS"],"build_version":"2018-03-29v2","purchased_purges":3,"victory":true,"master_deck":["Strike_R+1","Defend_R+1","Defend_R+1","Defend_R","Bash+1","AscendersBane","Rampage+1","Shrug It Off+1","Battle Trance+1","Disarm+1","Offering+1","True Grit+1","Feed+1","Purity+1","Regret","Writhe"],"max_hp_per_floor":[68,68,68,68,68,68,68,68,68,68,68,68,68,68,68,68,68,68,68,68,68,68,68,68,68,68,68,68,68,68,68,68,68,68,72,76,76,76,86,86,86,90,97,97,97,101,105,109,109,113],"relics":["Burning Blood","Whetstone","Bronze Scales","Molten Egg 2","Cursed Key","Happy Flower","Toolbox","War Paint","Dream Catcher","Mark of Pain","Pear","Anchor","Strawberry"],"card_choices":[{"not_picked":["Berserk","Shrug It Off"],"picked":"Battle Trance","floor":11.0},{"not_picked":["Flex","Clothesline"],"picked":"Disarm","floor":14.0},{"not_picked":["Feed","Berserk"],"picked":"Offering","floor":16.0},{"not_picked":["Heavy Blade","Feel No Pain"],"picked":"True Grit","floor":18.0},{"not_picked":["Exhume","Immolate"],"picked":"Feed","floor":33.0}],"player_experience":489441,"potions_floor_usage":[50,50],"damage_taken":[{"damage":10.0,"enemies":"Jaw Worm","floor":1.0,"turns":6.0},{"damage":6.0,"enemies":"Cultist","floor":4.0,"turns":3.0},{"damage":0.0,"enemies":"2 Louse","floor":6.0,"turns":3.0},{"damage":11.0,"enemies":"Looter","floor":7.0,"turns":3.0},{"damage":0.0,"enemies":"2 Fungi Beasts","floor":10.0,"turns":3.0},{"damage":8.0,"enemies":"Gremlin Nob","floor":11.0,"turns":3.0},{"damage":4.0,"enemies":"Gremlin Gang","floor":12.0,"turns":5.0},{"damage":6.0,"enemies":"Lots of Slimes","floor":14.0,"turns":2.0},{"damage":4.0,"enemies":"The Guardian","floor":16.0,"turns":8.0},{"damage":6.0,"enemies":"Shell Parasite","floor":18.0,"turns":5.0},{"damage":6.0,"enemies":"Chosen","floor":19.0,"turns":4.0},{"damage":5.0,"enemies":"3 Cultists","floor":20.0,"turns":5.0},{"damage":10.0,"enemies":"Slaver and Parasite","floor":22.0,"turns":4.0},{"damage":15.0,"enemies":"Cultist and Chosen","floor":24.0,"turns":5.0},{"damage":8.0,"enemies":"Book of Stabbing","floor":25.0,"turns":5.0},{"damage":19.0,"enemies":"Slavers","floor":30.0,"turns":5.0},{"damage":4.0,"enemies":"3 Cultists","floor":31.0,"turns":4.0},{"damage":27.0,"enemies":"Automaton","floor":33.0,"turns":8.0},{"damage":7.0,"enemies":"3 Shapes","floor":35.0,"turns":5.0},{"damage":35.0,"enemies":"3 Darklings","floor":36.0,"turns":4.0},{"damage":16.0,"enemies":"Maw","floor":37.0,"turns":7.0},{"damage":18.0,"enemies":"Nemesis","floor":41.0,"turns":5.0},{"damage":22.0,"enemies":"4 Shapes","floor":42.0,"turns":5.0},{"damage":6.0,"enemies":"Sphere and 2 Shapes","floor":46.0,"turns":6.0},{"damage":22.0,"enemies":"Maw","floor":47.0,"turns":6.0},{"damage":4.0,"enemies":"3 Darklings","floor":48.0,"turns":6.0},{"damage":44,"enemies":"Awakened One","floor":50,"turns":9}],"event_choices":[{"event_name":"Transmorgrifier","player_choice":"Transform","floor":3.0,"damage_taken":0.0},{"event_name":"Living Wall","player_choice":"Forget","floor":5.0,"damage_taken":0.0},{"event_name":"The Mausoleum","player_choice":"Yes","floor":21.0,"damage_taken":0.0},{"event_name":"Beggar","player_choice":"Gave Gold","floor":28.0,"damage_taken":0.0},{"event_name":"Wheel of Change","player_choice":"Relic","floor":39.0,"damage_taken":0.0},{"event_name":"Winding Halls","player_choice":"Writhe","floor":45.0,"damage_taken":0.0}],"boss_relics":[],"potions_floor_spawned":[1,4,11,12,16,18,19,22,31,36,46,47,48],"seed_played":"-3442678822196445249","ascension_level":14,"is_trial":false}