{"path_per_floor":["M","$","M","M","?","R","E","R","T","M","M","E","M","E","R","B",null,"M","$","?","?","T","R","M","$","T","E","R","E","R","E","R","B",null,"M","?","$","M","M","R","E","R","T","?","R","M","M","E","R","B"],"character_chosen":"IRONCLAD","items_purchased":["Inflame","Molten Egg 2","Limit Break","Heavy Blade","Trip"],"gold_per_floor":[115,80,98,108,108,108,137,137,137,153,167,199,210,235,235,332,332,352,29,129,129,180,180,190,67,67,97,97,126,126,153,153,252,252,264,264,66,82,95,95,122,122,122,175,175,192,211,243,243,243],"floor_reached":51,"campfire_rested":2,"playtime":2743,"current_hp_per_floor":[74,74,76,71,71,71,37,37,37,31,40,47,46,27,54,12,71,64,64,64,63,63,63,51,51,51,44,44,43,43,42,42,28,60,69,69,69,65,56,56,60,60,66,58,58,76,76,52,74,61],"items_purged":["Injury","Defend_R"],"gold":243,"score":871,"play_id":"07f7125b-68a6-47d9-a7c2-7f63eebb819f","is_prod":false,"is_daily":false,"is_ascension_mode":true,"campfire_upgraded":9,"path_taken":["M","$","M","M","?","R","E","R","T","M","?","E","M","E","R","BOSS","M","$","?","?","?","R","M","$","T","E","R","E","R","E","R","BOSS","M","?","$","M","M","R","E","R","T","?","R","M","M","E","R","BOSS"],"build_version":"2018-02-12-PROD1","purchased_purges":2,"victory":true,"master_deck":["Defend_R","Bash+1","Offering","Flame Barrier","Inflame","Inflame+1","Pummel+1","Shrug It Off","Dropkick+1","Offering","Battle Trance+1","Limit Break+1","Bite+1","Bite+1","Bite+1","Bite+1","Bite+1","Infernal Blade+1","Heavy Blade+1","Regret","Double Tap+1","Trip+1","Brutality+1","Parasite","Seeing Red+1"],"max_hp_per_floor":[80,80,80,80,80,80,80,80,80,80,80,90,90,90,90,90,90,90,90,90,63,63,63,63,63,63,70,70,70,70,70,70,70,70,70,70,70,70,70,70,70,70,76,76,76,76,76,76,76,76],"relics":["Burning Blood","Bottled Flame","Magic Flower","Pear","Ginger","Cursed Key","Molten Egg 2","Vajra","Darkstone Periapt","Strawberry","Blue Candle","Sundial","Lizard Tail","Dead Branch","Du-Vu Doll","Gambling Chip","Whetstone"],"card_choices":[{"not_picked":["Headbutt","True Grit"],"picked":"Flame Barrier"},{"not_picked":["Perfected Strike","Flex"],"picked":"Inflame"},{"not_picked":["Seeing Red","Clothesline"],"picked":"Pummel"},{"not_picked":["Clothesline","Metallicize"],"picked":"Shrug It Off"},{"not_picked":["Ghostly Armor","Brutality"],"picked":"Dropkick"},{"not_picked":["Immolate","Berserk"],"picked":"Offering"},{"not_picked":["Pommel Strike","Anger"],"picked":"Battle Trance"},{"not_picked":["Cleave","Second Wind"],"picked":"Infernal Blade"},{"not_picked":["Warcry","Clash"],"picked":"Double Tap"},{"not_picked":["Havoc","Rage"],"picked":"Brutality"},{"not_picked":["Infernal Blade","Clothesline"],"picked":"Seeing Red"}],"player_experience":270234,"potions_floor_usage":[13,16],"damage_taken":[{"damage":4,"enemies":"Small Slimes","floor":1,"turns":3},{"damage":4,"enemies":"Cultist","floor":3,"turns":3},{"damage":11,"enemies":"Blue Slaver","floor":4,"turns":4},{"damage":40,"enemies":"Lagavulin","floor":7,"turns":7},{"damage":15,"enemies":"Large Slime","floor":10,"turns":5},{"damage":0,"enemies":"3 Louse","floor":11,"turns":4},{"damage":12,"enemies":"Gremlin Nob","floor":12,"turns":3},{"damage":10,"enemies":"Exordium Thugs","floor":13,"turns":3},{"damage":28,"enemies":"Lagavulin","floor":14,"turns":4},{"damage":51,"enemies":"Hexaghost","floor":16,"turns":8},{"damage":16,"enemies":"3 Byrds","floor":18,"turns":3},{"damage":25,"enemies":"Chosen","floor":24,"turns":3},{"damage":38,"enemies":"Slavers","floor":27,"turns":3},{"damage":45,"enemies":"Book of Stabbing","floor":29,"turns":4},{"damage":35,"enemies":"Slavers","floor":31,"turns":3},{"damage":83,"enemies":"Automaton","floor":33,"turns":7},{"damage":15,"enemies":"Orb Walker","floor":35,"turns":3},{"damage":35,"enemies":"3 Shapes","floor":38,"turns":3},{"damage":61,"enemies":"Sphere and 2 Shapes","floor":39,"turns":4},{"damage":30,"enemies":"2 Orb Walkers","floor":41,"turns":3},{"damage":37,"enemies":"신비한 구체","floor":44,"turns":3},{"damage":12,"enemies":"Maw","floor":46,"turns":2},{"damage":11,"enemies":"3 Darklings","floor":47,"turns":2},{"damage":50,"enemies":"Nemesis","floor":48,"turns":4},{"damage":39,"enemies":"Time Eater","floor":50,"turns":3}],"event_choices":[{"event_name":"Living Wall","player_choice":"Forget","floor":5,"damage_taken":0},{"event_name":"Golden Shrine","player_choice":"Pray","floor":20,"damage_taken":0},{"event_name":"Vampires","player_choice":"Became a vampire","floor":21,"damage_taken":0},{"event_name":"Purifier","player_choice":"One Purge","floor":36,"damage_taken":0},{"event_name":"Mysterious Sphere","player_choice":"Fight","floor":44,"damage_taken":0}],"boss_relics":[{"not_picked":["Pandora\u0027s Box","Velvet Choker"],"picked":"Cursed Key"},{"not_picked":["White Beast Statue","Astrolabe"],"picked":"Lizard Tail"}],"potions_floor_spawned":[1,10,13,14,16,24,29,31,39,44,48],"seed_played":"-6177432357245609026","ascension_level":6,"is_trial":false}