{"path_per_floor":["M","?","M","?","$","R","M","E","T","M","R","M","R","M","R","B",null,"M","?","M","T","M"],"character_chosen":"IRONCLAD","items_purchased":["Battle Trance"],"gold_per_floor":[112,112,131,131,53,53,78,109,133,148,148,167,167,188,188,308,308,323,238,229,529,545],"floor_reached":23,"campfire_rested":3,"playtime":2313,"current_hp_per_floor":[73,53,49,75,75,75,75,24,24,14,38,28,52,34,58,9,80,65,65,42,42,31],"items_purged":[],"gold":545,"play_id":"48853e4b-6d7c-444f-ba8b-c19488537ce5","is_prod":false,"is_daily":false,"is_ascension_mode":false,"campfire_upgraded":1,"path_taken":["M","?","?","?","?","R","M","E","T","M","R","?","R","M","R","BOSS","M","?","M","?","M","E"],"build_version":"2018-02-01-PROD3","purchased_purges":0,"victory":false,"master_deck":["Strike_R+1","Strike_R","Strike_R","Defend_R","Defend_R","Defend_R","Defend_R","Impervious+1","Warcry+1","Blood for Blood+1","Spot Weakness","Battle Trance+1","Pommel Strike+1","Bloodletting","Metallicize","Heavy Blade","Demon Form","Double Tap","Shrug It Off+1","Rupture+1","Combust"],"max_hp_per_floor":[80,80,80,80,80,80,80,80,80,80,80,80,80,80,80,80,80,80,80,80,80,80],"relics":["Astrolabe","Golden Idol","Sundial","Whetstone","Question Card","Ginger","Old Coin"],"card_choices":[{"not_picked":["Heavy Blade","Seeing Red"],"picked":"Spot Weakness"},{"not_picked":["Anger","Armaments"],"picked":"Pommel Strike"},{"not_picked":["Feel No Pain","Clash"],"picked":"Bloodletting"},{"not_picked":["Perfected Strike","Fire Breathing"],"picked":"Metallicize"},{"not_picked":["Corruption","Flex"],"picked":"Heavy Blade"},{"not_picked":["Power Through","Warcry"],"picked":"Demon Form"},{"not_picked":["Demon Form","Impervious"],"picked":"Double Tap"},{"not_picked":["Perfected Strike","Cleave","Iron Wave"],"picked":"Shrug It Off"},{"not_picked":["Clash","Shrug It Off","Rage"],"picked":"Rupture"},{"not_picked":["Headbutt","Twin Strike","Warcry"],"picked":"Combust"}],"player_experience":14503,"potions_floor_usage":[10,16],"damage_taken":[{"damage":7,"enemies":"2 Louse","floor":1,"turns":2},{"damage":4,"enemies":"Blue Slaver","floor":3,"turns":7},{"damage":0,"enemies":"Small Slimes","floor":7,"turns":3},{"damage":51,"enemies":"Gremlin Nob","floor":8,"turns":5},{"damage":10,"enemies":"Exordium Wildlife","floor":10,"turns":4},{"damage":10,"enemies":"Lots of Slimes","floor":12,"turns":4},{"damage":18,"enemies":"Exordium Thugs","floor":14,"turns":4},{"damage":49,"enemies":"Slime Boss","floor":16,"turns":7},{"damage":15,"enemies":"Shell Parasite","floor":18,"turns":3},{"damage":23,"enemies":"2 Thieves","floor":20,"turns":4},{"damage":11,"enemies":"Centurion and Healer","floor":22,"turns":6},{"damage":26,"enemies":"Slavers","floor":23,"turns":3}],"event_choices":[{"event_name":"Golden Idol","player_choice":"Take Damage","floor":2,"damage_taken":0},{"event_name":"Big Fish","player_choice":"Banana","floor":4,"damage_taken":0},{"event_name":"Addict","player_choice":"Obtained Relic","floor":19,"damage_taken":0}],"boss_relics":[{"not_picked":["Calling Bell","Runic Cube"],"picked":"Question Card"}],"potions_floor_spawned":[1,8,12,14,22],"seed_played":"5118152464395681694","killed_by":"Slavers","ascension_level":0,"is_trial":false}