{"gold_per_floor":[111,122,47,47,59,59,59,59,138,138,138,198,215,58,58,132,132,149,149,129,4,22,22,22],"floor_reached":24,"playtime":702,"items_purged":["Defend_B","Strike_B","Strike_B"],"score":364,"play_id":"a411a5d0-329b-48d9-91da-69aefc0574a5","local_time":"20190304153153","is_ascension_mode":true,"campfire_choices":[{"data":"Zap","floor":6,"key":"SMITH"},{"data":"Defragment","floor":8,"key":"SMITH"},{"data":"Dualcast","floor":10,"key":"SMITH"},{"data":"Redo","floor":15,"key":"SMITH"},{"floor":23,"key":"REST"}],"neow_cost":"NONE","seed_source_timestamp":257961515510677,"circlet_count":0,"master_deck":["AscendersBane","Defend_B","Defend_B","Zap+1","Dualcast+1","Sweeping Beam","Undo","Defragment+1","Capacitor","Melter","Redo+1"],"relics":["Cracked Core","Mummified Hand","Bird Faced Urn","Inserter"],"potions_floor_usage":[12,16,16,24,24,24],"damage_taken":[{"damage":1,"enemies":"Cultist","floor":1,"turns":3},{"damage":7,"enemies":"Small Slimes","floor":2,"turns":3},{"damage":0,"enemies":"2 Louse","floor":5,"turns":3},{"damage":22,"enemies":"3 Sentries","floor":12,"turns":5},{"damage":0,"enemies":"Looter","floor":13,"turns":2},{"damage":34,"enemies":"Slime Boss","floor":16,"turns":9},{"damage":24,"enemies":"Shell Parasite","floor":18,"turns":4},{"damage":33,"enemies":"Colosseum Slavers","floor":19,"turns":4},{"damage":0,"enemies":"Spheric Guardian","floor":22,"turns":2},{"damage":45,"enemies":"Slavers","floor":24,"turns":4}],"seed_played":"-3653886205446999690","potions_obtained":[{"floor":1,"key":"EssenceOfSteel"},{"floor":5,"key":"AttackPotion"},{"floor":12,"key":"SkillPotion"},{"floor":16,"key":"FocusPotion"},{"floor":20,"key":"EntropicBrew"},{"floor":22,"key":"Regen Potion"}],"is_trial":false,"path_per_floor":["M","M","$","?","M","R","?","R","T","R","?","?","M","$","R","B",null,"M","?","?","$","M","R","E"],"character_chosen":"DEFECT","items_purchased":["Redo"],"campfire_rested":1,"item_purchase_floors":[14],"current_hp_per_floor":[63,56,56,56,56,56,49,49,49,49,49,27,31,31,31,1,54,32,3,3,3,5,26,0],"gold":22,"neow_bonus":"REMOVE_CARD","is_prod":false,"is_daily":false,"chose_seed":false,"campfire_upgraded":4,"win_rate":0,"timestamp":1551709913,"path_taken":["M","?","?","?","M","R","?","R","T","R","?","?","M","$","R","BOSS","M","?","?","$","M","R","E"],"build_version":"2019-01-23","purchased_purges":3,"victory":false,"max_hp_per_floor":[71,71,71,71,71,71,71,71,71,71,71,71,71,71,71,71,71,71,71,71,71,71,71,71],"card_choices":[{"not_picked":["Double Energy","Conserve Battery"],"picked":"Sweeping Beam","floor":1},{"not_picked":["Streamline","Double Energy"],"picked":"Undo","floor":2},{"not_picked":["Compile Driver","Conserve Battery"],"picked":"Defragment","floor":5},{"not_picked":["Hello World","Darkness"],"picked":"Capacitor","floor":12},{"not_picked":["Sweeping Beam","Storm"],"picked":"Melter","floor":13},{"not_picked":["Sunder","Cold Snap","Scrape"],"picked":"SKIP","floor":18},{"not_picked":["Cold Snap","Rebound+1","Leap"],"picked":"SKIP","floor":22}],"player_experience":935883,"relics_obtained":[{"floor":9,"key":"Mummified Hand"},{"floor":12,"key":"Bird Faced Urn"}],"event_choices":[{"cards_removed":["Strike_B"],"damage_healed":0,"gold_gain":0,"player_choice":"Forget","damage_taken":0,"max_hp_gain":0,"max_hp_loss":0,"event_name":"Living Wall","floor":4,"gold_loss":0},{"cards_removed":["Defend_B"],"damage_healed":0,"gold_gain":0,"player_choice":"Card Removal","damage_taken":7,"max_hp_gain":0,"max_hp_loss":0,"event_name":"Golden Wing","floor":7,"gold_loss":0},{"damage_healed":0,"gold_gain":0,"player_choice":"Ignored","damage_taken":0,"max_hp_gain":0,"max_hp_loss":0,"event_name":"Liars Game","floor":11,"gold_loss":0},{"damage_healed":0,"gold_gain":0,"player_choice":"Searched \u00272\u0027 times","damage_taken":0,"max_hp_gain":0,"max_hp_loss":0,"event_name":"Dead Adventurer","floor":12,"gold_loss":0},{"damage_healed":0,"gold_gain":0,"player_choice":"Fight","damage_taken":0,"max_hp_gain":0,"max_hp_loss":0,"event_name":"Colosseum","floor":19,"gold_loss":0},{"damage_healed":0,"gold_gain":0,"player_choice":"Fled From Nobs","damage_taken":0,"max_hp_gain":0,"max_hp_loss":0,"event_name":"Colosseum","floor":19,"gold_loss":0},{"damage_healed":0,"gold_gain":0,"player_choice":"Bought 1 Potion","damage_taken":0,"max_hp_gain":0,"max_hp_loss":0,"event_name":"The Woman in Blue","floor":20,"gold_loss":0}],"is_beta":false,"boss_relics":[{"not_picked":["Snecko Eye","Eternal Feather"],"picked":"Inserter"}],"items_purged_floors":[3,14,21],"is_endless":false,"potions_floor_spawned":[1,5,12,16,19,22],"killed_by":"Slavers","ascension_level":20}