{"gold_per_floor":[112,112,112,125,139,139,169,94,121,196,213,213,32,52,52,52],"floor_reached":16,"playtime":550,"items_purged":["Defend_G"],"score":180,"play_id":"d489a023-9a07-4a51-ba2d-6f5e63b4273e","local_time":"20190303105402","is_ascension_mode":true,"campfire_choices":[{"data":"Neutralize","floor":6.0,"key":"SMITH"},{"data":"Deflect","floor":12,"key":"SMITH"},{"data":"Well Laid Plans","floor":15,"key":"SMITH"}],"neow_cost":"NONE","seed_source_timestamp":176582553834363,"circlet_count":0,"master_deck":["AscendersBane","Defend_G","Defend_G","Defend_G","Defend_G","Strike_G","Strike_G","Survivor","Neutralize+1","Slice","Flying Knee","Well Laid Plans+1","Deflect+1","Bandage Up"],"special_seed":0,"relics":["Ring of the Snake","Orichalcum"],"potions_floor_usage":[],"damage_taken":[{"damage":0.0,"enemies":"2 Louse","floor":1.0,"turns":5.0},{"damage":2.0,"enemies":"Small Slimes","floor":4.0,"turns":4.0},{"damage":0.0,"enemies":"Cultist","floor":5.0,"turns":4.0},{"damage":0,"enemies":"Blue Slaver","floor":11,"turns":5},{"damage":24,"enemies":"2 Fungi Beasts","floor":14,"turns":5},{"damage":18,"enemies":"Hexaghost","floor":16,"turns":11}],"seed_played":"8981096442501006794","potions_obtained":[{"floor":1.0,"key":"FairyPotion"},{"floor":11,"key":"Energy Potion"}],"is_trial":false,"path_per_floor":["M","?","?","M","M","R","?","?","T","?","M","R","$","M","R","B"],"character_chosen":"THE_SILENT","items_purchased":["Bandage Up"],"campfire_rested":0,"item_purchase_floors":[13],"current_hp_per_floor":[59,64,64,62,62,62,62,62,62,51,51,51,51,31,31,17],"gold":52,"neow_bonus":"REMOVE_CARD","is_prod":false,"is_daily":false,"chose_seed":false,"campfire_upgraded":3,"win_rate":0,"timestamp":1551606842,"path_taken":["M","?","?","M","M","R","?","?","T","?","M","R","$","M","R","BOSS"],"build_version":"2019-01-23","purchased_purges":1,"victory":false,"max_hp_per_floor":[66,71,71,71,71,71,71,71,71,71,71,71,71,71,71,71],"card_choices":[{"not_picked":["Finisher","Flying Knee"],"picked":"Slice","floor":1.0},{"not_picked":["Dodge and Roll","Backstab"],"picked":"Flying Knee","floor":4.0},{"not_picked":["Bane","Acrobatics"],"picked":"Well Laid Plans","floor":5.0},{"not_picked":["Slice","Bullet Time"],"picked":"Deflect","floor":11},{"not_picked":["Crippling Poison","Sucker Punch","Bane"],"picked":"SKIP","floor":14}],"player_experience":928830,"relics_obtained":[{"floor":9,"key":"Orichalcum"}],"event_choices":[{"damage_healed":0.0,"max_hp_gain":5.0,"max_hp_loss":0.0,"gold_gain":0.0,"event_name":"Big Fish","player_choice":"Donut","floor":2.0,"gold_loss":0.0,"damage_taken":0.0},{"cards_removed":["Strike_G"],"damage_healed":0.0,"max_hp_gain":0.0,"max_hp_loss":0.0,"gold_gain":0.0,"event_name":"Living Wall","player_choice":"Forget","floor":3.0,"gold_loss":0.0,"damage_taken":0.0},{"damage_healed":0,"gold_gain":30,"player_choice":"Searched \u00272\u0027 times","damage_taken":0,"max_hp_gain":0,"max_hp_loss":0,"event_name":"Dead Adventurer","floor":7,"gold_loss":0},{"cards_removed":["Strike_G"],"damage_healed":0,"gold_gain":0,"player_choice":"Card Removal","damage_taken":0,"max_hp_gain":0,"max_hp_loss":0,"event_name":"The Cleric","floor":8,"gold_loss":75},{"damage_healed":0,"gold_gain":75,"player_choice":"Gather Gold","damage_taken":11,"max_hp_gain":0,"max_hp_loss":0,"event_name":"World of Goop","floor":10,"gold_loss":0}],"is_beta":false,"boss_relics":[],"items_purged_floors":[13],"is_endless":false,"potions_floor_spawned":[1,11],"killed_by":"Hexaghost","ascension_level":20}