{"gold_per_floor":[113,127,302,302,402,430,430,32,32,32,48,48,83,101,101,199,199,215,229,255,273,273,273,273,273,323,26,38,38,67,87,87,184,184,197,197,210,220,240,240,253,253,278,278,298,298,313,345,345,345],"floor_reached":51,"playtime":1457,"items_purged":[],"score":884,"play_id":"777418c0-6ea6-450e-9cc9-139d837c834e","local_time":"20190702003438","is_ascension_mode":true,"campfire_choices":[{"data":"Flex","floor":7,"key":"SMITH"},{"data":"Flex","floor":10,"key":"SMITH"},{"data":"Sword Boomerang","floor":12,"key":"SMITH"},{"data":"Sword Boomerang","floor":15,"key":"SMITH"},{"data":"Offering","floor":23,"key":"SMITH"},{"data":"Whirlwind","floor":25,"key":"SMITH"},{"data":"Limit Break","floor":29,"key":"SMITH"},{"data":"Spot Weakness","floor":32,"key":"SMITH"},{"data":"Inflame","floor":40,"key":"SMITH"},{"data":"Flex","floor":42,"key":"SMITH"},{"data":"Battle Trance","floor":44,"key":"SMITH"},{"data":"Pummel","floor":49,"key":"SMITH"}],"neow_cost":"NONE","seed_source_timestamp":1579898610201775,"circlet_count":0,"master_deck":["Strike_R","Strike_R","Strike_R","Strike_R","Strike_R","Defend_R+1","Defend_R+1","Bash","Sword Boomerang+1","Flex+1","Flame Barrier","Flex+1","Flex+1","Pummel+1","Sword Boomerang+1","Offering+1","Inflame+1","Sword Boomerang+1","Sword Boomerang+1","Pain","Whirlwind+1","Shame","Limit Break+1","Spot Weakness+1","Battle Trance+1","Impervious","Flex+1","Flex+1","Inflame+1","Inflame+1","Flex+1"],"relics":["Burning Blood","NeowsBlessing","Prayer Wheel","Vajra","DollysMirror","Mercury Hourglass","Pantograph","Cursed Key","Oddly Smooth Stone","Omamori","Bag of Marbles","War Paint","Empty Cage","Lantern","Potion Belt"],"potions_floor_usage":[14,16,33,33,37,37,39,50],"damage_taken":[{"damage":3,"enemies":"Small Slimes","floor":1,"turns":2},{"damage":0,"enemies":"2 Louse","floor":2,"turns":1},{"damage":0,"enemies":"Gremlin Nob","floor":6,"turns":1},{"damage":0,"enemies":"Cultist","floor":11,"turns":3},{"damage":5,"enemies":"3 Sentries","floor":13,"turns":3},{"damage":13,"enemies":"Red Slaver","floor":14,"turns":4},{"damage":39,"enemies":"Hexaghost","floor":16,"turns":5},{"damage":6,"enemies":"Spheric Guardian","floor":18,"turns":1},{"damage":0,"enemies":"2 Thieves","floor":19,"turns":1},{"damage":23,"enemies":"Centurion and Healer","floor":21,"turns":3},{"damage":31,"enemies":"Shelled Parasite and Fungi","floor":28,"turns":3},{"damage":30,"enemies":"Gremlin Leader","floor":30,"turns":4},{"damage":8,"enemies":"Chosen and Byrds","floor":31,"turns":4},{"damage":36,"enemies":"Collector","floor":33,"turns":4},{"damage":25,"enemies":"3 Shapes","floor":35,"turns":1},{"damage":3,"enemies":"Orb Walker","floor":37,"turns":1},{"damage":0,"enemies":"3 Darklings","floor":38,"turns":1},{"damage":6,"enemies":"Writhing Mass","floor":39,"turns":1},{"damage":9,"enemies":"Maw","floor":41,"turns":4},{"damage":6,"enemies":"4 Shapes","floor":45,"turns":1},{"damage":0,"enemies":"3 Darklings","floor":47,"turns":1},{"damage":27,"enemies":"Reptomancer","floor":48,"turns":3},{"damage":27,"enemies":"Donu and Deca","floor":50,"turns":4}],"seed_played":"5848361094826493257","potions_obtained":[{"floor":13,"key":"Explosive Potion"},{"floor":14,"key":"PowerPotion"},{"floor":16,"key":"Dexterity Potion"},{"floor":21,"key":"Swift Potion"},{"floor":28,"key":"Fire Potion"},{"floor":33,"key":"SpeedPotion"},{"floor":35,"key":"Explosive Potion"},{"floor":37,"key":"SteroidPotion"},{"floor":47,"key":"AttackPotion"}],"is_trial":false,"path_per_floor":["M","M","?","?","?","E","R","$","T","R","M","R","E","M","R","B",null,"M","M","T","M","?","R","?","R","T","$","M","R","E","M","R","B",null,"M","?","M","M","M","R","M","R","T","R","M","?","M","E","R","B",null],"character_chosen":"IRONCLAD","items_purchased":["Vajra","DollysMirror","Flex","Omamori","Bag of Marbles"],"campfire_rested":0,"item_purchase_floors":[8,8,8,27,27],"current_hp_per_floor":[80,80,80,80,80,80,80,80,80,80,80,80,80,73,73,47,80,80,80,80,63,63,63,63,63,63,63,38,38,14,12,12,7,80,61,61,64,70,70,70,67,67,67,67,67,67,73,52,52,56],"gold":345,"neow_bonus":"THREE_ENEMY_KILL","is_prod":false,"is_daily":false,"chose_seed":false,"campfire_upgraded":12,"win_rate":0,"timestamp":1562042078,"path_taken":["M","M","?","?","?","E","R","$","T","R","M","R","E","M","R","BOSS","M","M","?","?","?","R","?","R","T","$","M","R","E","M","R","BOSS","M","?","M","?","?","R","M","R","T","R","M","?","M","E","R","BOSS"],"build_version":"2019-07-01","purchased_purges":0,"victory":true,"max_hp_per_floor":[80,80,80,80,80,80,80,80,80,80,80,80,80,80,80,80,80,80,80,80,80,80,80,80,80,80,80,80,80,80,80,80,80,80,80,80,80,80,80,80,80,80,80,80,80,80,80,80,80,80],"card_choices":[{"not_picked":["Thunderclap","Body Slam"],"picked":"Sword Boomerang","floor":1},{"not_picked":["Flame Barrier","Clash"],"picked":"Flex","floor":2},{"not_picked":["Wild Strike","Shrug It Off"],"picked":"Flame Barrier","floor":6},{"not_picked":["Armaments","Warcry"],"picked":"Pummel","floor":11},{"not_picked":["Fire Breathing","Combust","Pommel Strike"],"picked":"SKIP","floor":11},{"not_picked":["Sentinel","Feel No Pain","Disarm"],"picked":"SKIP","floor":13},{"not_picked":["Carnage","Clash"],"picked":"Sword Boomerang","floor":14},{"not_picked":["Hemokinesis","Wild Strike","Perfected Strike"],"picked":"SKIP","floor":14},{"not_picked":["Bludgeon","Dark Embrace"],"picked":"Offering","floor":16},{"not_picked":["Entrench+1","Body Slam"],"picked":"Inflame+1","floor":18},{"not_picked":["Twin Strike","Second Wind"],"picked":"Sword Boomerang+1","floor":18},{"not_picked":["Thunderclap","Armaments"],"picked":"Sword Boomerang+1","floor":19},{"not_picked":["Clothesline","Wild Strike","Rupture+1"],"picked":"SKIP","floor":19},{"not_picked":["Rampage","Headbutt"],"picked":"Whirlwind","floor":21},{"not_picked":["Hemokinesis","Clothesline","Cleave"],"picked":"SKIP","floor":21},{"not_picked":["Second Wind","Body Slam"],"picked":"Limit Break","floor":28},{"not_picked":["Shrug It Off","Sever Soul","Corruption"],"picked":"SKIP","floor":28},{"not_picked":["Demon Form","Battle Trance+1"],"picked":"Spot Weakness","floor":30},{"not_picked":["Pommel Strike+1","Cleave+1"],"picked":"Battle Trance","floor":31},{"not_picked":["Pommel Strike","Wild Strike+1","Heavy Blade"],"picked":"SKIP","floor":31},{"not_picked":["Immolate","Berserk"],"picked":"Impervious","floor":33},{"not_picked":["Thunderclap","Immolate"],"picked":"Flex","floor":35},{"not_picked":["Iron Wave+1","Pommel Strike+1","Seeing Red"],"picked":"SKIP","floor":35},{"not_picked":["Metallicize","Feel No Pain+1"],"picked":"Flex+1","floor":37},{"not_picked":["Infernal Blade","Warcry","Perfected Strike+1"],"picked":"SKIP","floor":37},{"not_picked":["Feed","Thunderclap"],"picked":"Inflame+1","floor":38},{"not_picked":["Shrug It Off","Wild Strike+1","Pommel Strike"],"picked":"SKIP","floor":38},{"not_picked":["Entrench","Headbutt"],"picked":"Inflame","floor":39},{"not_picked":["Ghostly Armor+1","Bloodletting+1"],"picked":"Flex","floor":39},{"not_picked":["Heavy Blade+1","Twin Strike","Body Slam"],"picked":"SKIP","floor":41},{"not_picked":["Wild Strike","Shockwave","Warcry"],"picked":"SKIP","floor":41},{"not_picked":["Impervious","Shrug It Off","Wild Strike"],"picked":"SKIP","floor":45},{"not_picked":["Thunderclap","Searing Blow+1","Anger"],"picked":"SKIP","floor":45},{"not_picked":["Warcry","Twin Strike+1","Body Slam"],"picked":"SKIP","floor":47},{"not_picked":["Wild Strike","Clothesline+1","Burning Pact"],"picked":"SKIP","floor":47},{"not_picked":["Reckless Charge","Wild Strike","Thunderclap+1"],"picked":"SKIP","floor":48}],"player_experience":111732,"relics_obtained":[{"floor":6,"key":"Prayer Wheel"},{"floor":9,"key":"Mercury Hourglass"},{"floor":13,"key":"Pantograph"},{"floor":26,"key":"Oddly Smooth Stone"},{"floor":30,"key":"War Paint"},{"floor":43,"key":"Lantern"},{"floor":48,"key":"Potion Belt"}],"event_choices":[{"damage_healed":0,"gold_gain":175,"player_choice":"AGREE","damage_taken":0,"max_hp_gain":0,"max_hp_loss":0,"event_name":"Liars Game","floor":3,"gold_loss":0,"cards_obtained":["Doubt"]},{"cards_removed":["Doubt"],"damage_healed":0,"gold_gain":0,"player_choice":"Forget","damage_taken":0,"max_hp_gain":0,"max_hp_loss":0,"event_name":"Living Wall","floor":4,"gold_loss":0},{"damage_healed":0,"gold_gain":100,"player_choice":"Pray","damage_taken":0,"max_hp_gain":0,"max_hp_loss":0,"event_name":"Golden Shrine","floor":5,"gold_loss":0},{"damage_healed":0,"gold_gain":0,"player_choice":"Ignored","damage_taken":0,"max_hp_gain":0,"max_hp_loss":0,"event_name":"Vampires","floor":22,"gold_loss":0},{"damage_healed":0,"gold_gain":0,"player_choice":"Ignored","damage_taken":0,"max_hp_gain":0,"max_hp_loss":0,"event_name":"Ghosts","floor":24,"gold_loss":0},{"damage_healed":0,"gold_gain":0,"player_choice":"Forge","damage_taken":0,"max_hp_gain":0,"max_hp_loss":0,"event_name":"Accursed Blacksmith","floor":36,"gold_loss":0,"cards_upgraded":["Flex"]},{"damage_healed":0,"gold_gain":0,"player_choice":"Ignored","damage_taken":0,"max_hp_gain":0,"max_hp_loss":0,"event_name":"Tomb of Lord Red Mask","floor":46,"gold_loss":0}],"is_beta":false,"boss_relics":[{"not_picked":["White Beast Statue","Fusion Hammer"],"picked":"Cursed Key"},{"not_picked":["Busted Crown","Astrolabe"],"picked":"Empty Cage"}],"items_purged_floors":[],"is_endless":false,"potions_floor_spawned":[13,14,16,21,28,33,35,37,47],"ascension_level":3}