{"gold_per_floor":[119,138,149,162,177,177,177,208,277,277,277,320,320,320,320,439,439,463,463,488,272,293,628,649,649,649,3,3,3,3,3,3,132,132,153,153,486,486,486,520,530,156,156,156,173,190,204,204,204,309,309,326,326,101,101,121,154,154,181,249,279,160,190,23,23,23,123,123,143,58,58,73,92,92,92,92,117,117,151,31,31,51,51,151,151,167,167,27,27,127,127,145,145,157,185,196,226,226,251,276,276,276,276,332,365,365,466,466,486,401,401,500,517,517,542,542,571,571,596,331,360,375,375,472,472,490,490,501,601,44,79,0,0,25,25,51,51,85,2,2,103,103,116,138,138,153,153,153,103,103,128,145,145,172,172,203,203,302,302,316,106,106,106,119,119,153,153,182,182,211,310,342,362,362,460,490,509,509,509,509,305,331,331,331,362,362,312,328,361,149,149,244,244,260,334,284,284],"floor_reached":197,"playtime":8421,"items_purged":["Reprogram","Sweeping Beam+1","Writhe","Conserve Battery+1","Decay","Beam Cell+1","Conserve Battery+1","Compile Driver+1","Zap+1","Panache+1","Capacitor+1","Pride"],"score":8444,"play_id":"8d0d18e3-880a-4b5d-a4c4-62304e5580ce","local_time":"20180719003820","daily_mods":["Draft","Elite Swarm","Vintage"],"is_ascension_mode":true,"campfire_choices":[{"data":"Coolheaded","floor":6.0,"key":"SMITH"},{"data":"Double Energy","floor":11.0,"key":"SMITH"},{"data":"Creative AI","floor":15.0,"key":"SMITH"},{"data":"Fission","floor":25.0,"key":"SMITH"},{"floor":29.0,"key":"REST"},{"floor":32.0,"key":"REST"},{"data":"Master of Strategy","floor":44.0,"key":"SMITH"},{"data":"1","floor":49.0,"key":"LIFT"},{"data":"2","floor":66.0,"key":"LIFT"},{"data":"3","floor":74.0,"key":"LIFT"},{"floor":76.0,"key":"REST"},{"floor":78.0,"key":"REST"},{"floor":83.0,"key":"REST"},{"floor":114.0,"key":"DIG"},{"floor":116.0,"key":"DIG"},{"floor":123.0,"key":"DIG"},{"floor":137.0,"key":"DIG"},{"floor":140.0,"key":"DIG"},{"floor":148.0,"key":"DIG"},{"floor":150.0,"key":"DIG"},{"floor":153.0,"key":"DIG"},{"floor":157.0,"key":"DIG"},{"floor":165,"key":"DIG"},{"floor":167,"key":"DIG"},{"floor":169,"key":"DIG"},{"floor":174,"key":"DIG"},{"floor":183,"key":"DIG"},{"floor":186,"key":"DIG"},{"floor":191,"key":"DIG"}],"neow_cost":"","seed_source_timestamp":0,"circlet_count":14,"master_deck":["Coolheaded+1","Double Energy+1","Compile Driver+1","Barrage+1","Loop+1","Heatsinks+1","Creative AI+1","Fission+1","Storm+1","Electrodynamics+1","Master of Strategy+1","Echo Form+1","Defragment+1","Buffer+1","Machine Learning+1","Seek+1","Seek+1","Amplify+1","Buffer+1","Defragment+1","Capacitor+1","Pride","Pride"],"special_seed":0,"relics":["FrozenCore","The Courier","Mummified Hand","Pen Nib","Blood Vial","Boot","Juzu Bracelet","Question Card","Incense Burner","Black Star","Frozen Egg 2","Thread and Needle","TheAbacus","Darkstone Periapt","Girya","Old Coin","Mercury Hourglass","Unceasing Top","Sundial","Torii","Nilry\u0027s Codex","Cables","Empty Cage","Vajra","Mark of the Bloom","Bag of Preparation","Potion Belt","Symbiotic Virus","Tiny Chest","Frozen Eye","Bag of Marbles","Blue Candle","Ornamental Fan","War Paint","Strawberry","Sozu","Letter Opener","DataDisk","Shuriken","Toxic Egg 2","Ancient Tea Set","ClockworkSouvenir","Anchor","Nuclear Battery","Prayer Wheel","Bronze Scales","Oddly Smooth Stone","Gremlin Horn","Regal Pillow","Bottled Flame","Pantograph","Ginger","Matryoshka","Coffee Dripper","Happy Flower","Dodecahedron","Odd Mushroom","Orichalcum","Shovel","White Beast Statue","Whetstone","Calipers","Smiling Mask","Omamori","Gambling Chip","Medical Kit","Bottled Lightning","Lantern","Meat on the Bone","Busted Crown","Molten Egg 2","Kunai","OrangePellets","Bottled Tornado","Red Mask","Mango","Emotion Chip","Circlet","Lizard Tail","Dream Catcher","Centennial Puzzle","Art of War","Pear","Singing Bowl","Ice Cream","Bird Faced Urn","Eternal Feather","Du-Vu Doll","HandDrill","Tiny House","Cauldron","Lee\u0027s Waffle","Philosopher\u0027s Stone","Turnip"],"potions_floor_usage":[],"damage_taken":[{"damage":0.0,"enemies":"Cultist","floor":1.0,"turns":3.0},{"damage":3.0,"enemies":"2 Louse","floor":2.0,"turns":2.0},{"damage":0.0,"enemies":"Small Slimes","floor":3.0,"turns":2.0},{"damage":13.0,"enemies":"Red Slaver","floor":4.0,"turns":2.0},{"damage":10.0,"enemies":"Lots of Slimes","floor":5.0,"turns":2.0},{"damage":8.0,"enemies":"3 Sentries","floor":8.0,"turns":4.0},{"damage":11.0,"enemies":"Lagavulin","floor":12.0,"turns":4.0},{"damage":27.0,"enemies":"Hexaghost","floor":16.0,"turns":7.0},{"damage":10.0,"enemies":"Shell Parasite","floor":18.0,"turns":3.0},{"damage":1.0,"enemies":"Chosen","floor":20.0,"turns":3.0},{"damage":0.0,"enemies":"Snecko","floor":22.0,"turns":4.0},{"damage":13.0,"enemies":"Gremlin Leader","floor":23.0,"turns":4.0},{"damage":25.0,"enemies":"Snake Plant","floor":24.0,"turns":5.0},{"damage":8.0,"enemies":"Automaton","floor":33.0,"turns":6.0},{"damage":15.0,"enemies":"3 Shapes","floor":35.0,"turns":2.0},{"damage":0.0,"enemies":"Nemesis","floor":40.0,"turns":3.0},{"damage":10.0,"enemies":"Flame Bruiser 1 Orb","floor":41.0,"turns":3.0},{"damage":0.0,"enemies":"Sphere and 2 Shapes","floor":45.0,"turns":1.0},{"damage":0.0,"enemies":"3 Darklings","floor":46.0,"turns":2.0},{"damage":0.0,"enemies":"4 Shapes","floor":47.0,"turns":1.0},{"damage":10.0,"enemies":"Awakened One","floor":50.0,"turns":11.0},{"damage":0.0,"enemies":"Cultist","floor":52.0,"turns":1.0},{"damage":0.0,"enemies":"Jaw Worm","floor":56.0,"turns":1.0},{"damage":0.0,"enemies":"Gremlin Nob","floor":57.0,"turns":2.0},{"damage":0.0,"enemies":"Lagavulin","floor":59.0,"turns":2.0},{"damage":0.0,"enemies":"3 Sentries","floor":61.0,"turns":2.0},{"damage":0.0,"enemies":"Lagavulin","floor":63.0,"turns":1.0},{"damage":0.0,"enemies":"Hexaghost","floor":67.0,"turns":2.0},{"damage":0.0,"enemies":"2 Thieves","floor":69.0,"turns":2.0},{"damage":0.0,"enemies":"Shell Parasite","floor":72.0,"turns":1.0},{"damage":0.0,"enemies":"Centurion and Healer","floor":73.0,"turns":2.0},{"damage":0.0,"enemies":"Gremlin Leader","floor":77.0,"turns":1.0},{"damage":0.0,"enemies":"Slavers","floor":79.0,"turns":1.0},{"damage":0.0,"enemies":"Snecko","floor":82.0,"turns":1.0},{"damage":0.0,"enemies":"Automaton","floor":84.0,"turns":1.0},{"damage":0.0,"enemies":"3 Darklings","floor":86.0,"turns":1.0},{"damage":0.0,"floor":87.0,"turns":1.0},{"damage":0.0,"enemies":"Awakened One","floor":90.0,"turns":3.0},{"damage":0.0,"enemies":"Cultist","floor":92.0,"turns":1.0},{"damage":0.0,"enemies":"Jaw Worm","floor":94.0,"turns":1.0},{"damage":0.0,"floor":95.0,"turns":1.0},{"damage":0.0,"enemies":"Small Slimes","floor":96.0,"turns":1.0},{"damage":0.0,"enemies":"3 Sentries","floor":97.0,"turns":1.0},{"damage":0.0,"enemies":"Gremlin Nob","floor":99.0,"turns":1.0},{"damage":0.0,"enemies":"3 Sentries","floor":100.0,"turns":1.0},{"damage":0.0,"enemies":"Lagavulin","floor":105.0,"turns":2.0},{"damage":0.0,"enemies":"The Guardian","floor":107.0,"turns":4.0},{"damage":0.0,"enemies":"Shell Parasite","floor":109.0,"turns":2.0},{"damage":0.0,"enemies":"Chosen","floor":113.0,"turns":2.0},{"damage":0.0,"enemies":"Book of Stabbing","floor":115.0,"turns":2.0},{"damage":0.0,"enemies":"Gremlin Leader","floor":117.0,"turns":1.0},{"damage":0.0,"enemies":"Slavers","floor":119.0,"turns":1.0},{"damage":0.0,"enemies":"Book of Stabbing","floor":121.0,"turns":2.0},{"damage":0.0,"enemies":"Centurion and Healer","floor":122.0,"turns":1.0},{"damage":0.0,"enemies":"Automaton","floor":124.0,"turns":2.0},{"damage":0.0,"enemies":"Flame Bruiser 1 Orb","floor":126.0,"turns":2.0},{"damage":0.0,"enemies":"3 Darklings","floor":128.0,"turns":1.0},{"damage":0.0,"enemies":"Giant Head","floor":131.0,"turns":2.0},{"damage":0.0,"enemies":"2 Orb Walkers","floor":134.0,"turns":2.0},{"damage":0.0,"enemies":"Nemesis","floor":136.0,"turns":3.0},{"damage":0.0,"enemies":"Giant Head","floor":138.0,"turns":3.0},{"damage":0.0,"enemies":"Time Eater","floor":141.0,"turns":3.0},{"damage":0.0,"enemies":"Jaw Worm","floor":143.0,"turns":1.0},{"damage":0.0,"floor":144.0,"turns":1.0},{"damage":0.0,"enemies":"Small Slimes","floor":146.0,"turns":1.0},{"damage":0.0,"enemies":"Gremlin Nob","floor":151.0,"turns":1.0},{"damage":0.0,"enemies":"Cultist","floor":152.0,"turns":1.0},{"damage":0.0,"enemies":"Lagavulin","floor":154.0,"turns":1.0},{"damage":0.0,"enemies":"3 Sentries","floor":156.0,"turns":1.0},{"damage":0.0,"enemies":"The Guardian","floor":158.0,"turns":2.0},{"damage":0,"enemies":"Chosen","floor":160,"turns":1},{"damage":0,"enemies":"Spheric Guardian","floor":164,"turns":1},{"damage":0,"enemies":"Slavers","floor":166,"turns":1},{"damage":0,"enemies":"Book of Stabbing","floor":168,"turns":2},{"damage":0,"enemies":"Gremlin Leader","floor":170,"turns":1},{"damage":0,"enemies":"Slavers","floor":172,"turns":1},{"damage":0,"enemies":"Cultist and Chosen","floor":173,"turns":2},{"damage":0,"enemies":"Champ","floor":175,"turns":3},{"damage":0,"enemies":"Flame Bruiser 1 Orb","floor":177,"turns":2},{"damage":0,"enemies":"Giant Head","floor":182,"turns":2},{"damage":0,"enemies":"2 Orb Walkers","floor":185,"turns":2},{"damage":0,"enemies":"3 Darklings","floor":188,"turns":2},{"damage":0,"enemies":"Nemesis","floor":189,"turns":3},{"damage":0,"enemies":"Time Eater","floor":192,"turns":3},{"damage":0,"enemies":"Jaw Worm","floor":194,"turns":1},{"damage":1,"enemies":"Small Slimes","floor":197,"turns":1}],"seed_played":"209996514635619506","potions_obtained":[{"floor":2.0,"key":"FairyPotion"},{"floor":3.0,"key":"SpeedPotion"},{"floor":4.0,"key":"Ancient Potion"},{"floor":10.0,"key":"EssenceOfSteel"},{"floor":10.0,"key":"EntropicBrew"},{"floor":23.0,"key":"PowerPotion"},{"floor":45.0,"key":"Poison Potion"},{"floor":46.0,"key":"AttackPotion"},{"floor":47.0,"key":"PowerPotion"}],"is_trial":true,"path_per_floor":["M","M","M","M","M","R","?","E","T","?","R","E","?","?","R","B",null,"M","?","M","$","M","E","M","R","T","$","?","R","?","?","R","B",null,"M","?","?","?","?","E","M","$","T","R","M","M","M","?","R","B",null,"M","?","$","?","M","E","?","E","T","E","$","E","$","?","R","B",null,"M","?","$","M","M","R","?","R","E","R","E","$","?","M","R","B",null,"M","?","$","?","B",null,"M","?","M","?","M","E","R","E","E","?","?","R","?","E","R","B",null,"M","?","?","?","M","R","E","R","E","?","E","$","E","M","R","B",null,"M","?","M","?","$","E","?","$","E","?","E","R","E","$","R","B",null,"M","?","?","M","?","R","?","R","E","M","R","E","?","E","R","B",null,"M","$","?","$","M","R","E","R","E","R","E","?","E","M","R","B",null,"M","?","?","?","$","E","R","?","E","R","$","M","E","$","R","B",null,"M","?","$"],"character_chosen":"DEFECT","items_purchased":["TheAbacus","Sundial","Torii","Storm+1","Defragment+1","Tiny Chest","Capacitor+1","Frozen Eye","DataDisk","Ancient Tea Set","ClockworkSouvenir","Medical Kit","Defragment+1","OrangePellets","Bottled Tornado","Panache+1","Capacitor+1","HandDrill","Cauldron","Lee\u0027s Waffle"],"campfire_rested":5,"item_purchase_floors":[21,27,27,27,42,42,42,42,54,62,64,120,120,130,130,130,139,161,181,190],"current_hp_per_floor":[75,72,72,59,51,51,33,27,27,27,27,18,85,68,68,43,85,75,75,76,76,78,67,44,44,44,44,28,53,53,37,62,56,85,70,70,70,70,70,70,60,60,60,60,60,60,60,60,60,50,50,50,50,50,50,50,50,50,50,50,50,50,50,50,50,50,50,50,50,50,50,50,50,50,50,50,50,50,50,50,50,50,50,50,50,50,50,50,50,50,50,50,50,50,50,50,50,50,50,50,50,50,50,50,50,50,50,50,50,50,50,50,50,50,50,50,50,50,50,50,50,50,50,50,50,50,1,1,1,1,1,1,1,1,1,1,1,1,1,1,1,1,1,1,1,1,1,1,1,1,1,1,1,1,1,1,1,1,1,1,1,1,1,1,1,1,1,1,1,1,1,1,1,1,1,1,1,1,1,1,1,1,1,1,1,1,1,1,1,1,1,1,1,1,1,1,0],"gold":284,"neow_bonus":"","is_prod":false,"is_daily":false,"chose_seed":false,"campfire_upgraded":5,"win_rate":0,"timestamp":1531953500,"path_taken":["M","?","M","M","M","R","?","E","T","?","R","E","?","?","R","BOSS","M","?","M","$","M","E","M","R","T","$","?","R","?","?","R","BOSS","M","?","?","?","?","E","M","$","T","R","M","M","M","?","R","BOSS","M","?","$","?","M","E","?","E","T","E","$","E","?","?","R","BOSS","M","?","$","M","M","R","?","R","E","R","E","$","?","M","R","BOSS","M","?","?","?","BOSS","M","?","M","?","M","E","R","E","E","?","?","R","?","E","R","BOSS","M","?","?","?","M","R","E","R","E","?","E","$","E","M","R","BOSS","M","?","M","?","$","E","?","$","E","?","E","R","E","?","R","BOSS","M","?","?","M","?","R","?","R","E","M","R","E","?","E","R","BOSS","M","$","?","$","M","R","E","R","E","R","E","?","E","M","R","BOSS","M","?","?","?","$","E","R","?","E","R","$","M","E","$","R","BOSS","M","?","$","M"],"build_version":"2018-07-12","purchased_purges":12,"victory":false,"max_hp_per_floor":[75,75,75,75,75,75,75,75,75,75,75,75,85,85,85,85,85,85,85,85,85,85,85,85,85,85,85,85,85,85,85,85,85,85,85,85,85,85,85,85,85,85,85,85,85,85,85,91,91,98,98,98,103,103,103,103,103,103,103,103,103,103,103,103,103,103,103,103,103,103,103,103,103,103,103,103,103,103,103,103,109,109,109,109,109,109,109,109,109,109,109,109,109,109,109,109,109,109,109,109,109,109,109,109,109,109,109,109,109,109,109,109,109,109,109,109,109,109,109,109,109,109,109,109,109,109,95,95,95,95,95,95,95,95,95,95,109,109,109,109,109,109,109,109,109,109,109,109,109,109,109,109,109,109,109,109,109,109,109,109,109,109,109,109,109,109,109,109,109,109,109,109,109,109,109,109,109,109,109,109,109,109,109,109,109,109,109,109,109,109,109,109,109,109,109,109,109],"card_choices":[{"not_picked":["Leap","Steam Power"],"picked":"Ball Lightning","floor":0.0},{"not_picked":["Beam Cell","Gash"],"picked":"Coolheaded","floor":0.0},{"not_picked":["Stack","Cold Snap"],"picked":"Double Energy","floor":0.0},{"not_picked":["White Noise","Sweeping Beam"],"picked":"Beam Cell","floor":0.0},{"not_picked":["Stack","Redo"],"picked":"Compile Driver","floor":0.0},{"not_picked":["Hologram","Stack"],"picked":"Sweeping Beam","floor":0.0},{"not_picked":["Barrage","Hello World"],"picked":"Reprogram","floor":0.0},{"not_picked":["Streamline","Fusion"],"picked":"Barrage","floor":0.0},{"not_picked":["Rebound","Hologram"],"picked":"Conserve Battery","floor":0.0},{"not_picked":["Cold Snap","Go for the Eyes"],"picked":"Conserve Battery","floor":0.0},{"not_picked":["Go for the Eyes","Sweeping Beam"],"picked":"Loop","floor":0.0},{"not_picked":["Doom and Gloom","Blizzard"],"picked":"Sweeping Beam","floor":0.0},{"not_picked":["Self Repair","Sweeping Beam"],"picked":"Compile Driver","floor":0.0},{"not_picked":["Cold Snap","Recycle"],"picked":"Heatsinks","floor":0.0},{"not_picked":["Hello World","Blizzard"],"picked":"Barrage","floor":0.0},{"not_picked":["Amplify","Multi-Cast"],"picked":"Core Surge","floor":8.0},{"not_picked":["Rainbow","Fission","Echo Form"],"picked":"Creative AI","floor":12.0},{"not_picked":["Creative AI","Buffer","Seek"],"picked":"Amplify","floor":16.0},{"not_picked":["Creative AI+1","Core Surge","Multi-Cast"],"picked":"Fission","floor":23.0},{"not_picked":["Meteor Strike","Biased Cognition+1","Thunder Strike"],"picked":"Electrodynamics+1","floor":33.0},{"not_picked":["Dramatic Entrance","Good Instincts","Bandage Up"],"picked":"Master of Strategy","floor":38.0},{"not_picked":["Seek","Electrodynamics+1","Machine Learning+1"],"picked":"Echo Form+1","floor":40.0},{"not_picked":["All For One","Fission","Multi-Cast"],"picked":"Buffer+1","floor":57.0},{"not_picked":["Multi-Cast","Buffer+1","Rainbow","Amplify"],"picked":"SKIP","floor":59.0},{"not_picked":["Rainbow+1","Multi-Cast+1","All For One"],"picked":"Machine Learning+1","floor":61.0},{"not_picked":["Thunder Strike","Reboot+1","Core Surge"],"picked":"Seek+1","floor":63.0},{"not_picked":["Reboot+1","Rainbow+1","Core Surge","Meteor Strike"],"picked":"SKIP","floor":77.0},{"not_picked":["Rainbow+1","Machine Learning+1","Hyperbeam","Electrodynamics+1"],"picked":"SKIP","floor":79.0},{"not_picked":["Buffer+1","Electrodynamics+1","All For One"],"picked":"Seek+1","floor":90.0},{"not_picked":["Thunder Strike","Biased Cognition+1","Meteor Strike","Fission+1"],"picked":"SKIP","floor":97.0},{"not_picked":["Echo Form+1","Electrodynamics+1","Hyperbeam"],"picked":"Amplify+1","floor":99.0},{"not_picked":["Rainbow+1","All For One","Meteor Strike","Biased Cognition+1"],"picked":"SKIP","floor":100.0},{"not_picked":["Meteor Strike","Multi-Cast+1","Thunder Strike","Amplify+1"],"picked":"SKIP","floor":105.0},{"not_picked":["Seek+1","Multi-Cast+1","Fission+1"],"picked":"Rainbow+1","floor":115.0},{"not_picked":["Electrodynamics+1","Amplify+1","All For One"],"picked":"Buffer+1","floor":117.0},{"not_picked":["Amplify+1","Machine Learning+1","Thunder Strike","Seek+1"],"picked":"SKIP","floor":119.0},{"not_picked":["Reboot+1","Creative AI+1","Machine Learning+1","Buffer+1"],"picked":"SKIP","floor":121.0},{"not_picked":["Meteor Strike+1","Fission+1"],"picked":"SKIP","floor":131.0},{"not_picked":["Fission+1","Reboot+1"],"picked":"SKIP","floor":134.0},{"not_picked":["Creative AI+1","Electrodynamics+1"],"picked":"SKIP","floor":136.0},{"not_picked":["Rainbow+1","Machine Learning+1"],"picked":"SKIP","floor":138.0},{"not_picked":["Buffer+1","All For One+1"],"picked":"SKIP","floor":151.0},{"not_picked":["Reboot+1","Machine Learning+1"],"picked":"Singing Bowl","floor":154.0},{"not_picked":["Thunder Strike+1","Multi-Cast+1"],"picked":"Singing Bowl","floor":156.0},{"not_picked":["Biased Cognition+1","Reboot+1"],"picked":"Singing Bowl","floor":158.0},{"not_picked":["Rainbow+1","Meteor Strike+1"],"picked":"Singing Bowl","floor":166},{"not_picked":["Multi-Cast+1","Electrodynamics+1"],"picked":"Singing Bowl","floor":168},{"not_picked":["Amplify+1","Reboot+1"],"picked":"Singing Bowl","floor":170},{"not_picked":["Biased Cognition+1","Machine Learning+1"],"picked":"Singing Bowl","floor":172},{"not_picked":["Machine Learning+1","Seek+1"],"picked":"Singing Bowl","floor":175},{"not_picked":["Fusion+1","Genetic Algorithm+1"],"picked":"Singing Bowl","floor":176},{"not_picked":["Machine Learning+1","Electrodynamics+1"],"picked":"Singing Bowl","floor":182},{"not_picked":["All For One+1","Hyperbeam+1"],"picked":"Singing Bowl","floor":185},{"not_picked":["Buffer+1","Hyperbeam+1"],"picked":"Singing Bowl","floor":189},{"not_picked":["Machine Learning+1","Core Surge+1"],"picked":"Singing Bowl","floor":192}],"player_experience":586533,"relics_obtained":[{"floor":1.0,"key":"The Courier"},{"floor":2.0,"key":"Mummified Hand"},{"floor":3.0,"key":"Pen Nib"},{"floor":4.0,"key":"Blood Vial"},{"floor":5.0,"key":"Boot"},{"floor":8.0,"key":"Juzu Bracelet"},{"floor":9.0,"key":"Question Card"},{"floor":12.0,"key":"Incense Burner"},{"floor":18.0,"key":"Frozen Egg 2"},{"floor":20.0,"key":"Thread and Needle"},{"floor":22.0,"key":"Darkstone Periapt"},{"floor":23.0,"key":"Girya"},{"floor":23.0,"key":"Old Coin"},{"floor":24.0,"key":"Mercury Hourglass"},{"floor":26.0,"key":"Unceasing Top"},{"floor":31.0,"key":"Nilry\u0027s Codex"},{"floor":33.0,"key":"Cables"},{"floor":35.0,"key":"Vajra"},{"floor":40.0,"key":"Bag of Preparation"},{"floor":40.0,"key":"Potion Belt"},{"floor":41.0,"key":"Symbiotic Virus"},{"floor":43.0,"key":"Bag of Marbles"},{"floor":45.0,"key":"Blue Candle"},{"floor":46.0,"key":"Ornamental Fan"},{"floor":47.0,"key":"War Paint"},{"floor":50.0,"key":"Strawberry"},{"floor":52.0,"key":"Letter Opener"},{"floor":56.0,"key":"Shuriken"},{"floor":60.0,"key":"Toxic Egg 2"},{"floor":67.0,"key":"Anchor"},{"floor":69.0,"key":"Prayer Wheel"},{"floor":72.0,"key":"Oddly Smooth Stone"},{"floor":73.0,"key":"Gremlin Horn"},{"floor":82.0,"key":"Regal Pillow"},{"floor":84.0,"key":"Bottled Flame"},{"floor":86.0,"key":"Pantograph"},{"floor":87.0,"key":"Ginger"},{"floor":90.0,"key":"Matryoshka"},{"floor":92.0,"key":"Happy Flower"},{"floor":94.0,"key":"Dodecahedron"},{"floor":95.0,"key":"Odd Mushroom"},{"floor":96.0,"key":"Orichalcum"},{"floor":107.0,"key":"Shovel"},{"floor":109.0,"key":"Whetstone"},{"floor":113.0,"key":"Smiling Mask"},{"floor":114.0,"key":"Omamori"},{"floor":116.0,"key":"Gambling Chip"},{"floor":122.0,"key":"Bottled Lightning"},{"floor":123.0,"key":"Lantern"},{"floor":124.0,"key":"Meat on the Bone"},{"floor":126.0,"key":"Molten Egg 2"},{"floor":128.0,"key":"Kunai"},{"floor":137.0,"key":"Mango"},{"floor":140.0,"key":"Emotion Chip"},{"floor":141.0,"key":"Circlet"},{"floor":143.0,"key":"Dream Catcher"},{"floor":144.0,"key":"Circlet"},{"floor":148.0,"key":"Centennial Puzzle"},{"floor":150.0,"key":"Art of War"},{"floor":152.0,"key":"Pear"},{"floor":153.0,"key":"Singing Bowl"},{"floor":157.0,"key":"Ice Cream"},{"floor":158.0,"key":"Bird Faced Urn"},{"floor":160,"key":"Du-Vu Doll"},{"floor":164,"key":"Circlet"},{"floor":165,"key":"Circlet"},{"floor":167,"key":"Circlet"},{"floor":169,"key":"Circlet"},{"floor":173,"key":"Circlet"},{"floor":174,"key":"Circlet"},{"floor":175,"key":"Circlet"},{"floor":177,"key":"Circlet"},{"floor":186,"key":"Circlet"},{"floor":188,"key":"Circlet"},{"floor":191,"key":"Circlet"},{"floor":192,"key":"Circlet"},{"floor":194,"key":"Turnip"}],"event_choices":[{"event_name":"Golden Idol","player_choice":"Take Damage","floor":7.0,"damage_taken":0.0},{"event_name":"The Lab","player_choice":"Got Potions","floor":10.0,"damage_taken":0.0},{"event_name":"Bonfire Elementals","player_choice":"RARE","floor":13.0,"damage_taken":0.0},{"event_name":"Shining Light","player_choice":"Entered Light","floor":14.0,"damage_taken":0.0},{"event_name":"Drug Dealer","player_choice":"Ignored","floor":19.0,"damage_taken":0.0},{"event_name":"Knowing Skull","player_choice":"CARD ","floor":28.0,"damage_taken":0.0},{"event_name":"Beggar","player_choice":"Ignored","floor":30.0,"damage_taken":0.0},{"event_name":"Cursed Tome","player_choice":"Obtained Book","floor":31.0,"damage_taken":0.0},{"event_name":"MindBloom","player_choice":"Upgrade","floor":36.0,"damage_taken":0.0},{"event_name":"The Moai Head","player_choice":"Gave Idol","floor":37.0,"damage_taken":0.0},{"event_name":"SensoryStone","player_choice":"Memory 1","floor":38.0,"damage_taken":0.0},{"event_name":"Falling","player_choice":"Removed Attack","floor":39.0,"damage_taken":0.0},{"event_name":"Winding Halls","player_choice":"Writhe","floor":48.0,"damage_taken":0.0},{"event_name":"Big Fish","player_choice":"Donut","floor":53.0,"damage_taken":0.0},{"event_name":"Living Wall","player_choice":"Forget","floor":55.0,"damage_taken":0.0},{"event_name":"Shining Light","player_choice":"Ignored","floor":58.0,"damage_taken":0.0},{"event_name":"The Cleric","player_choice":"Leave","floor":65.0,"damage_taken":0.0},{"event_name":"Addict","player_choice":"Obtained Relic","floor":70.0,"damage_taken":0.0},{"event_name":"Drug Dealer","player_choice":"Ignored","floor":75.0,"damage_taken":0.0},{"event_name":"Forgotten Altar","player_choice":"Smashed Altar","floor":81.0,"damage_taken":0.0},{"event_name":"MindBloom","player_choice":"Fight","floor":87.0,"damage_taken":0.0},{"event_name":"SecretPortal","player_choice":"Took Portal.","floor":89.0,"damage_taken":0.0},{"event_name":"Scrap Ooze","player_choice":"unsuccessful","floor":93.0,"damage_taken":0.0},{"event_name":"Mushrooms","player_choice":"Fought Mushrooms","floor":95.0,"damage_taken":0.0},{"event_name":"Liars Game","player_choice":"disagreed","floor":101.0,"damage_taken":0.0},{"event_name":"Living Wall","player_choice":"Forget","floor":102.0,"damage_taken":0.0},{"event_name":"Golden Wing","player_choice":"Gained Gold","floor":104.0,"damage_taken":0.0},{"event_name":"Addict","player_choice":"Obtained Relic","floor":110.0,"damage_taken":0.0},{"event_name":"The Library","player_choice":"Heal","floor":111.0,"damage_taken":0.0},{"event_name":"Nest","player_choice":"Stole From Cult","floor":112.0,"damage_taken":0.0},{"event_name":"Upgrade Shrine","player_choice":"Skipped","floor":118.0,"damage_taken":0.0},{"event_name":"The Moai Head","player_choice":"Heal","floor":127.0,"damage_taken":0.0},{"event_name":"Golden Shrine","player_choice":"Pray","floor":129.0,"damage_taken":0.0},{"event_name":"Tomb of Lord Red Mask","player_choice":"Paid","floor":132.0,"damage_taken":0.0},{"event_name":"SensoryStone","player_choice":"Memory 1","floor":135.0,"damage_taken":0.0},{"event_name":"Mushrooms","player_choice":"Fought Mushrooms","floor":144.0,"damage_taken":0.0},{"event_name":"Match and Keep!","player_choice":"2 cards matched","floor":145.0,"damage_taken":0.0},{"event_name":"Golden Idol","player_choice":"Ignored","floor":147.0,"damage_taken":0.0},{"event_name":"The Cleric","player_choice":"Card Removal","floor":149.0,"damage_taken":0.0},{"event_name":"Liars Game","player_choice":"disagreed","floor":155.0,"damage_taken":0.0},{"event_name":"Beggar","player_choice":"Ignored","floor":162,"damage_taken":0},{"event_name":"Nest","player_choice":"Stole From Cult","floor":171,"damage_taken":0},{"event_name":"Transmorgrifier","player_choice":"Skipped","floor":178,"damage_taken":0},{"event_name":"Falling","player_choice":"Removed Skill","floor":179,"damage_taken":0},{"event_name":"Upgrade Shrine","player_choice":"Skipped","floor":180,"damage_taken":0},{"event_name":"Match and Keep!","player_choice":"0 cards matched","floor":184,"damage_taken":0},{"event_name":"Golden Wing","player_choice":"Gained Gold","floor":195,"damage_taken":0}],"boss_relics":[{"not_picked":["Fusion Hammer","Pandora\u0027s Box"],"picked":"Black Star"},{"not_picked":["Orrery","Philosopher\u0027s Stone"],"picked":"Empty Cage"},{"not_picked":["Busted Crown","White Beast Statue"],"picked":"Sozu"},{"not_picked":["Pandora\u0027s Box","Orrery"],"picked":"Nuclear Battery"},{"not_picked":["Cursed Key","Philosopher\u0027s Stone"],"picked":"FrozenCore"},{"not_picked":["Eternal Feather","Snecko Eye"],"picked":"Coffee Dripper"},{"not_picked":["Astrolabe","Runic Dome"],"picked":"White Beast Statue"},{"not_picked":["Philosopher\u0027s Stone","Eternal Feather"],"picked":"Busted Crown"},{"not_picked":["Tiny House","Velvet Choker"],"picked":"Lizard Tail"},{"not_picked":["Fusion Hammer","Orrery"],"picked":"Eternal Feather"},{"not_picked":["Runic Pyramid","Velvet Choker"],"picked":"Tiny House"},{"not_picked":["Runic Dome","Calling Bell"],"picked":"Philosopher\u0027s Stone"}],"items_purged_floors":[21,27,54,80,88,120,139,161,181,187,190,196],"is_endless":true,"potions_floor_spawned":[2,3,4,18,20,23,45,46,47,52,57,59,69,82,84,87,92,94,99,100,109,113,115,117,119,121,122,124,126,128,131,134,136,138,141,143,144,146,151,152,154,156,158,160,164,166,168,170,172,173,175,177,182,185,188,189,192,194],"killed_by":"Small Slimes","ascension_level":1}