{"gold_per_floor":[115,115,131,131,56,81,81,81,104,116,116,143,143,156,156,252,252,207,207,107,107,107,107,107,107,107,107,107,107,107,107,107,107,107,107,107,107,107,107,107,107,107,107,107,107,107,107,107,107,107,107,107,107,107],"floor_reached":54,"playtime":2799,"items_purged":["Defend_R","Defend_R"],"score":779,"play_id":"0a953f71-aec2-49f4-b0f8-8c80576a37bb","local_time":"20190630192652","is_ascension_mode":true,"campfire_choices":[{"floor":7,"key":"REST"},{"data":"Rampage","floor":11,"key":"SMITH"},{"floor":15,"key":"RECALL"},{"data":"Warcry","floor":23,"key":"SMITH"},{"data":"Flame Barrier","floor":30,"key":"SMITH"},{"data":"Feed","floor":32,"key":"SMITH"},{"data":"Feed","floor":45,"key":"SMITH"},{"floor":47,"key":"REST"},{"data":"Strike_R","floor":49,"key":"SMITH"},{"floor":52,"key":"REST"}],"neow_cost":"NONE","seed_source_timestamp":1473700117224570,"circlet_count":0,"master_deck":["Strike_R+1","Strike_R+1","Strike_R+1","Strike_R+1","Bash+1","Rampage+1","Feed+1","Battle Trance+1","Warcry+1","Rampage+1","Power Through+1","Warcry+1","Injury","Feed+1","Flex+1"],"relics":["Burning Blood","Incense Burner","Anchor","Pantograph","Meat on the Bone","Ectoplasm","War Paint","Bottled Flame","Cursed Key","Question Card","Ancient Tea Set"],"potions_floor_usage":[16,16,50,50],"damage_taken":[{"damage":6,"enemies":"Jaw Worm","floor":1,"turns":3},{"damage":0,"enemies":"2 Louse","floor":3,"turns":3},{"damage":58,"enemies":"3 Sentries","floor":6,"turns":9},{"damage":0,"enemies":"Cultist","floor":10,"turns":2},{"damage":14,"enemies":"Gremlin Nob","floor":12,"turns":3},{"damage":5,"enemies":"Exordium Wildlife","floor":14,"turns":3},{"damage":39,"enemies":"The Guardian","floor":16,"turns":7},{"damage":15,"enemies":"2 Thieves","floor":18,"turns":4},{"damage":25,"enemies":"Spheric Guardian","floor":19,"turns":4},{"damage":28,"enemies":"Shelled Parasite and Fungi","floor":21,"turns":4},{"damage":3,"enemies":"Gremlin Leader","floor":24,"turns":5},{"damage":19,"enemies":"Book of Stabbing","floor":27,"turns":5},{"damage":15,"enemies":"Snecko","floor":28,"turns":3},{"damage":0,"enemies":"Chosen and Byrds","floor":29,"turns":4},{"damage":8,"enemies":"Sentry and Sphere","floor":31,"turns":4},{"damage":20,"enemies":"Automaton","floor":33,"turns":10},{"damage":21,"enemies":"3 Shapes","floor":35,"turns":4},{"damage":20,"enemies":"3 Darklings","floor":37,"turns":4},{"damage":46,"enemies":"Giant Head","floor":40,"turns":6},{"damage":24,"enemies":"4 Shapes","floor":41,"turns":5},{"damage":0,"enemies":"Jaw Worm Horde","floor":42,"turns":3},{"damage":10,"enemies":"3 Darklings","floor":44,"turns":6},{"damage":49,"enemies":"Writhing Mass","floor":46,"turns":6},{"damage":7,"enemies":"Maw","floor":48,"turns":6},{"damage":86,"enemies":"Time Eater","floor":50,"turns":12},{"damage":158,"enemies":"Shield and Spear","floor":54,"turns":5}],"seed_played":"-3400288013802624673","potions_obtained":[{"floor":6,"key":"FairyPotion"},{"floor":12,"key":"Regen Potion"},{"floor":14,"key":"EssenceOfSteel"},{"floor":16,"key":"Swift Potion"},{"floor":21,"key":"SmokeBomb"},{"floor":33,"key":"Block Potion"},{"floor":35,"key":"Block Potion"}],"is_trial":false,"path_per_floor":["M","?","M","?","$","E","R","?","T","M","R","E","T","M","R","B",null,"M","M","$","M","?","R","E","?","T","E","M","M","R","M","R","B",null,"M","$","M","?","?","E","M","M","T","M","R","M","R","M","R","B",null,"R","$","E"],"character_chosen":"IRONCLAD","items_purchased":[],"campfire_rested":3,"item_purchase_floors":[],"current_hp_per_floor":[80,64,70,70,70,18,42,42,42,48,48,40,40,53,53,59,80,74,58,58,51,51,51,54,54,54,56,59,68,68,69,69,84,102,91,91,81,81,81,57,55,77,77,73,73,46,83,86,86,43,130,130,130,0],"gold":107,"neow_bonus":"REMOVE_CARD","is_prod":false,"is_daily":false,"chose_seed":false,"campfire_upgraded":6,"win_rate":0,"timestamp":1561937212,"path_taken":["M","?","M","?","$","E","R","?","T","?","R","E","?","M","R","BOSS","M","?","$","M","?","R","E","?","T","E","M","M","R","M","R","BOSS","M","$","?","?","?","E","M","M","T","?","R","M","R","M","R","BOSS","R","$","E"],"build_version":"2019-01-23","purchased_purges":2,"victory":false,"max_hp_per_floor":[80,80,80,80,80,80,80,80,80,80,80,80,80,80,80,80,80,83,86,86,89,89,89,89,89,89,92,92,95,95,98,98,102,102,106,106,110,110,110,114,118,122,122,122,122,126,126,130,130,130,130,130,130,130],"card_choices":[{"not_picked":["Thunderclap","Intimidate","Corruption"],"picked":"SKIP","floor":1},{"not_picked":["Perfected Strike","Body Slam","Disarm"],"picked":"SKIP","floor":3},{"not_picked":["Armaments","Thunderclap","Clothesline"],"picked":"SKIP","floor":6},{"not_picked":["Burning Pact","Clash"],"picked":"Rampage","floor":10},{"not_picked":["Reckless Charge","Corruption","Thunderclap"],"picked":"SKIP","floor":12},{"not_picked":["Armaments","Ghostly Armor","Feel No Pain"],"picked":"SKIP","floor":14},{"not_picked":["Juggernaut","Double Tap"],"picked":"Feed","floor":16},{"not_picked":["True Grit","Twin Strike","Thunderclap+1"],"picked":"SKIP","floor":18},{"not_picked":["Armaments","Flex","Perfected Strike"],"picked":"SKIP","floor":19},{"not_picked":["Bludgeon","Anger"],"picked":"Battle Trance","floor":21},{"not_picked":["Shrug It Off","Second Wind","Evolve"],"picked":"SKIP","floor":24},{"not_picked":["Burning Pact","Perfected Strike","Wild Strike+1"],"picked":"SKIP","floor":27},{"not_picked":["Perfected Strike+1","Twin Strike","Warcry"],"picked":"SKIP","floor":28},{"not_picked":["Iron Wave","Armaments","Heavy Blade"],"picked":"SKIP","floor":29},{"not_picked":["Reckless Charge","Searing Blow+1","Iron Wave"],"picked":"SKIP","floor":31},{"not_picked":["Burning Pact","Dual Wield+1"],"picked":"Rampage+1","floor":35},{"not_picked":["Warcry","Perfected Strike","Headbutt+1"],"picked":"SKIP","floor":37},{"not_picked":["Sword Boomerang+1","Perfected Strike","Fire Breathing"],"picked":"SKIP","floor":40},{"not_picked":["Combust","Hemokinesis+1","Inflame"],"picked":"Power Through+1","floor":41},{"not_picked":["Body Slam+1","Cleave+1","Shrug It Off+1"],"picked":"Warcry+1","floor":42},{"not_picked":["Combust+1","Infernal Blade","True Grit+1"],"picked":"Feed","floor":44},{"not_picked":["Iron Wave+1","Inflame","Clothesline+1"],"picked":"Flex+1","floor":46},{"not_picked":["Clothesline+1","Headbutt+1","Cleave+1","Bloodletting+1"],"picked":"SKIP","floor":48}],"player_experience":79024,"relics_obtained":[{"floor":6,"key":"Incense Burner"},{"floor":9,"key":"Anchor"},{"floor":12,"key":"Pantograph"},{"floor":13,"key":"Meat on the Bone"},{"floor":24,"key":"War Paint"},{"floor":27,"key":"Bottled Flame"},{"floor":40,"key":"Question Card"},{"floor":43,"key":"Ancient Tea Set"}],"event_choices":[{"damage_healed":0,"gold_gain":0,"player_choice":"Entered Light","damage_taken":16,"max_hp_gain":0,"max_hp_loss":0,"event_name":"Shining Light","floor":2,"gold_loss":0,"cards_upgraded":["Strike_R","Strike_R"]},{"cards_removed":["Defend_R"],"damage_healed":0,"gold_gain":0,"player_choice":"Forget","damage_taken":0,"max_hp_gain":0,"max_hp_loss":0,"event_name":"Living Wall","floor":4,"gold_loss":0},{"damage_healed":0,"gold_gain":0,"player_choice":"Forge","damage_taken":0,"max_hp_gain":0,"max_hp_loss":0,"event_name":"Accursed Blacksmith","floor":8,"gold_loss":0,"cards_upgraded":["Bash"]},{"damage_healed":0,"gold_gain":0,"player_choice":"Read","damage_taken":0,"max_hp_gain":0,"max_hp_loss":0,"event_name":"The Library","floor":22,"gold_loss":0,"cards_obtained":["Warcry"]},{"damage_healed":0,"gold_gain":0,"cards_transformed":["Strike_R"],"player_choice":"Transformed","damage_taken":0,"max_hp_gain":0,"max_hp_loss":0,"event_name":"Transmorgrifier","floor":25,"gold_loss":0,"cards_obtained":["Flame Barrier"]},{"cards_removed":["Flame Barrier"],"damage_healed":0,"gold_gain":0,"player_choice":"Removed Skill","damage_taken":0,"max_hp_gain":0,"max_hp_loss":0,"event_name":"Falling","floor":38,"gold_loss":0},{"damage_healed":0,"gold_gain":0,"player_choice":"Upgraded","damage_taken":0,"max_hp_gain":0,"max_hp_loss":0,"event_name":"Upgrade Shrine","floor":39,"gold_loss":0,"cards_upgraded":["Strike_R"]}],"is_beta":false,"boss_relics":[{"not_picked":["Busted Crown","Runic Dome"],"picked":"Ectoplasm"},{"not_picked":["Snecko Eye","Calling Bell"],"picked":"Cursed Key"}],"items_purged_floors":[5,20],"is_endless":false,"potions_floor_spawned":[6,12,14,16,21,28,33,35,40,42,44],"killed_by":"Shield and Spear","ascension_level":1}