{"gold_per_floor":[114,66,241,20,20,40,40,40,67,17,52,127,140,150,150,247,247,187,187,17,17,17,17,17,17,17,17,17,17,17,17,17,17],"floor_reached":33,"playtime":1204,"items_purged":["Doubt","Tempest"],"score":311,"play_id":"0a9b48dd-c4e6-40c3-9a43-c66505c7dec1","local_time":"20190721212121","is_ascension_mode":true,"campfire_choices":[{"data":"Seek","floor":7,"key":"SMITH"},{"floor":15,"key":"REST"},{"data":"Scrape","floor":23,"key":"SMITH"},{"data":"Hyperbeam","floor":25,"key":"SMITH"},{"floor":32,"key":"RECALL"}],"neow_cost":"PERCENT_DAMAGE","seed_source_timestamp":873913517025192,"circlet_count":0,"master_deck":["Strike_B+1","Defend_B","Defend_B","Defend_B","Defend_B","Zap","Gash+1","Seek+1","Defragment","Reinforced Body","BootSequence","Gash+1","Turbo","Hyperbeam+1","Scrape+1","Go for the Eyes+1","Scrape+1","Melter+1","Self Repair","Fission"],"relics":["Cracked Core","Whetstone","Bag of Preparation","Ectoplasm","Omamori","Mercury Hourglass"],"potions_floor_usage":[11,28,33],"damage_taken":[{"damage":2,"enemies":"Jaw Worm","floor":1,"turns":5},{"damage":14,"enemies":"Small Slimes","floor":6,"turns":3},{"damage":17,"enemies":"3 Sentries","floor":11,"turns":7},{"damage":0,"enemies":"Cultist","floor":13,"turns":2},{"damage":0,"enemies":"Red Slaver","floor":14,"turns":3},{"damage":43,"enemies":"Slime Boss","floor":16,"turns":9},{"damage":15,"enemies":"2 Thieves","floor":18,"turns":3},{"damage":2,"enemies":"Chosen","floor":19,"turns":4},{"damage":13,"enemies":"Shelled Parasite and Fungi","floor":21,"turns":3},{"damage":1,"enemies":"Sentry and Sphere","floor":24,"turns":3},{"damage":16,"enemies":"Book of Stabbing","floor":28,"turns":4},{"damage":22,"enemies":"Gremlin Leader","floor":30,"turns":5},{"damage":0,"enemies":"Centurion and Healer","floor":31,"turns":3},{"damage":29,"enemies":"Automaton","floor":33,"turns":4}],"seed_played":"1280580755235549213","potions_obtained":[{"floor":1,"key":"Regen Potion"},{"floor":14,"key":"FairyPotion"},{"floor":19,"key":"Dexterity Potion"},{"floor":21,"key":"SpeedPotion"},{"floor":24,"key":"Regen Potion"}],"is_trial":false,"path_per_floor":["M","$","?","$","?","M","R","?","T","?","E","?","M","M","R","B",null,"M","M","$","M","$","R","M","R","T","?","E","?","E","M","R","B"],"character_chosen":"DEFECT","items_purchased":["Gash","Seek","Defragment","Scrape"],"campfire_rested":1,"item_purchase_floors":[2,4,4,20],"current_hp_per_floor":[52,52,52,52,57,43,43,36,36,36,34,23,23,23,47,4,80,65,63,63,50,50,50,49,49,49,34,30,30,15,15,15,0],"gold":17,"neow_bonus":"REMOVE_TWO","is_prod":false,"is_daily":false,"chose_seed":false,"campfire_upgraded":3,"win_rate":0,"timestamp":1563758481,"path_taken":["M","$","?","$","?","?","R","?","T","?","E","?","M","?","R","BOSS","M","?","?","?","$","R","M","R","T","?","E","?","E","M","R","BOSS"],"build_version":"2019-07-17","purchased_purges":2,"victory":false,"max_hp_per_floor":[75,75,75,75,80,80,80,80,80,80,80,80,80,80,80,80,80,80,80,80,80,80,80,80,80,80,85,85,85,85,85,85,85],"card_choices":[{"not_picked":["Streamline","Redo"],"picked":"Tempest","floor":1},{"not_picked":["Hologram","Static Discharge"],"picked":"Reinforced Body","floor":6},{"not_picked":["Barrage","Reprogram"],"picked":"BootSequence","floor":11},{"not_picked":["Force Field","Redo"],"picked":"Gash","floor":13},{"not_picked":["Glacier","White Noise"],"picked":"Turbo","floor":14},{"not_picked":["Amplify","Fission"],"picked":"Hyperbeam","floor":16},{"not_picked":["Turbo+1","Barrage"],"picked":"Scrape+1","floor":18},{"not_picked":["Steam","Ball Lightning"],"picked":"Go for the Eyes+1","floor":19},{"not_picked":["Hologram+1","Streamline","Heatsinks"],"picked":"SKIP","floor":21},{"not_picked":["Redo","Barrage"],"picked":"Melter+1","floor":24},{"not_picked":["Turbo","Lockon+1"],"picked":"Self Repair","floor":28},{"not_picked":["Electrodynamics","Blizzard"],"picked":"Fission","floor":30},{"not_picked":["Hello World+1","Redo","Conserve Battery"],"picked":"SKIP","floor":31}],"player_experience":191826,"relics_obtained":[{"floor":9,"key":"Whetstone"},{"floor":11,"key":"Bag of Preparation"},{"floor":28,"key":"Omamori"},{"floor":30,"key":"Mercury Hourglass"}],"event_choices":[{"damage_healed":0,"gold_gain":175,"player_choice":"AGREE","damage_taken":0,"max_hp_gain":0,"max_hp_loss":0,"event_name":"Liars Game","floor":3,"gold_loss":0,"cards_obtained":["Doubt"]},{"damage_healed":0,"gold_gain":0,"player_choice":"Donut","damage_taken":0,"max_hp_gain":5,"max_hp_loss":0,"event_name":"Big Fish","floor":5,"gold_loss":0},{"cards_removed":["Strike_B"],"damage_healed":0,"gold_gain":0,"player_choice":"Card Removal","damage_taken":7,"max_hp_gain":0,"max_hp_loss":0,"event_name":"Golden Wing","floor":8,"gold_loss":0},{"cards_removed":["Dualcast"],"damage_healed":0,"gold_gain":0,"player_choice":"Card Removal","damage_taken":0,"max_hp_gain":0,"max_hp_loss":0,"event_name":"The Cleric","floor":10,"gold_loss":50},{"damage_healed":0,"gold_gain":75,"player_choice":"Gather Gold","damage_taken":11,"max_hp_gain":0,"max_hp_loss":0,"event_name":"World of Goop","floor":12,"gold_loss":0},{"damage_healed":0,"gold_gain":0,"player_choice":"Shed Blood","damage_taken":20,"max_hp_gain":5,"max_hp_loss":0,"event_name":"Forgotten Altar","floor":27,"gold_loss":0},{"damage_healed":0,"gold_gain":0,"player_choice":"Upgraded","damage_taken":0,"max_hp_gain":0,"max_hp_loss":0,"event_name":"Upgrade Shrine","floor":29,"gold_loss":0,"cards_upgraded":["Gash"]}],"is_beta":false,"boss_relics":[{"not_picked":["Fusion Hammer","Pandora\u0027s Box"],"picked":"Ectoplasm"}],"items_purged_floors":[4,20],"is_endless":false,"potions_floor_spawned":[1,14,19,21,24],"killed_by":"Automaton","ascension_level":2}