{"path_per_floor":["M","M","M","$","?","R","E","M","T","M","R","?","?","M","R","B",null,"M","?","$","?","M","R","M","M","T","R","M","R"],"character_chosen":"DEFECT","items_purchased":["Tiny Chest"],"gold_per_floor":[109,125,143,68,68,68,102,120,120,135,135,135,135,153,153,248,248,263,178,56,56,72,72,83,94,146,146,161,161,161],"floor_reached":30,"campfire_rested":2,"playtime":1272,"current_hp_per_floor":[62,67,64,64,64,64,49,47,47,35,35,35,28,20,20,4,56,45,45,45,45,28,49,42,32,32,32,5,26,0],"items_purged":["Strike_B"],"gold":161,"score":336,"play_id":"e30bd495-71d0-44f9-ade4-74c891e64fd1","local_time":"20180518113414","is_prod":false,"is_daily":false,"chose_seed":false,"is_ascension_mode":true,"campfire_upgraded":4,"timestamp":1526636054,"campfire_choices":[{"data":"Zap","floor":6.0,"key":"SMITH"},{"data":"Defragment","floor":11.0,"key":"SMITH"},{"data":"Hologram","floor":15.0,"key":"SMITH"},{"floor":23,"key":"REST"},{"data":"Dualcast","floor":27,"key":"SMITH"},{"floor":29,"key":"REST"}],"path_taken":["M","?","M","$","?","R","E","M","T","M","R","?","?","M","R","BOSS","M","?","$","?","M","R","M","M","T","R","M","R","?"],"build_version":"2018-05-17","seed_source_timestamp":26685704633565,"purchased_purges":1,"victory":false,"master_deck":["Strike_B","Defend_B","Defend_B","Defend_B","Zap+1","Dualcast+1","Cold Snap","Hologram+1","Doom and Gloom","Lockon","Defragment+1","Go for the Eyes","Capacitor+1","BootSequence","FTL","Sweeping Beam+1","Normality","Multi-Cast"],"max_hp_per_floor":[68,73,73,73,73,73,73,73,73,73,73,73,73,73,73,73,73,73,73,73,73,73,73,73,73,73,73,73,73,73],"relics":["Cracked Core","Pen Nib","Dream Catcher","Cursed Key","Centennial Puzzle","Tiny Chest","Art of War"],"card_choices":[{"not_picked":["FTL","Barrage"],"picked":"Cold Snap","floor":1.0},{"not_picked":["Leap","Conserve Battery"],"picked":"Hologram","floor":2.0},{"not_picked":["Undo","Hologram","Stack"],"picked":"SKIP","floor":3.0},{"not_picked":["Skim","Capacitor"],"picked":"Lockon","floor":7.0},{"not_picked":["All For One","Heatsinks"],"picked":"Defragment","floor":8.0},{"not_picked":["Reinforced Body","Hello World","Beam Cell"],"picked":"SKIP","floor":10.0},{"not_picked":["Turbo","Cold Snap"],"picked":"Go for the Eyes","floor":14.0},{"not_picked":["Turbo","Darkness"],"picked":"Capacitor+1","floor":18.0},{"not_picked":["Static Discharge","Lockon"],"picked":"BootSequence","floor":22},{"not_picked":["Sweeping Beam","Turbo"],"picked":"FTL","floor":24},{"not_picked":["Chaos+1","Skim"],"picked":"Sweeping Beam+1","floor":25},{"not_picked":["White Noise","Axe Kick+1","Barrage"],"picked":"SKIP","floor":28},{"not_picked":["Skim","Steam"],"picked":"Multi-Cast","floor":29}],"player_experience":685833,"potions_floor_usage":[25],"damage_taken":[{"damage":6.0,"enemies":"Cultist","floor":1.0,"turns":4.0},{"damage":0.0,"enemies":"Small Slimes","floor":2.0,"turns":3.0},{"damage":3.0,"enemies":"2 Louse","floor":3.0,"turns":4.0},{"damage":15.0,"enemies":"3 Sentries","floor":7.0,"turns":5.0},{"damage":2.0,"enemies":"2 Fungi Beasts","floor":8.0,"turns":4.0},{"damage":12.0,"enemies":"Exordium Thugs","floor":10.0,"turns":3.0},{"damage":8.0,"enemies":"3 Louse","floor":14.0,"turns":2.0},{"damage":16.0,"enemies":"Hexaghost","floor":16.0,"turns":10.0},{"damage":11.0,"enemies":"Spheric Guardian","floor":18.0,"turns":5.0},{"damage":17,"enemies":"3 Byrds","floor":22,"turns":5},{"damage":7,"enemies":"Snecko","floor":24,"turns":7},{"damage":10,"enemies":"3 Cultists","floor":25,"turns":5},{"damage":27,"enemies":"Cultist and Chosen","floor":28,"turns":5},{"damage":32,"enemies":"Slaver and Parasite","floor":30,"turns":4}],"relics_obtained":[{"floor":7.0,"key":"Pen Nib"},{"floor":9.0,"key":"Dream Catcher"},{"floor":26,"key":"Art of War"}],"event_choices":[{"event_name":"Match and Keep!","player_choice":"1 cards matched","floor":5.0,"damage_taken":0.0},{"event_name":"Golden Idol","player_choice":"Ignored","floor":12.0,"damage_taken":0.0},{"event_name":"Golden Wing","player_choice":"Card Removal","floor":13.0,"damage_taken":0.0},{"event_name":"Addict","player_choice":"Obtained Relic","floor":19.0,"damage_taken":0.0},{"event_name":"Vampires","player_choice":"Ignored","floor":21.0,"damage_taken":0.0}],"boss_relics":[],"potions_floor_spawned":[1,3,14,22],"seed_played":"-1780828825751007704","killed_by":"Slaver and Parasite","ascension_level":9,"potions_obtained":[{"floor":1.0,"key":"Fruit Juice"},{"floor":3.0,"key":"Dexterity Potion"},{"floor":14.0,"key":"Ancient Potion"},{"floor":22,"key":"AttackPotion"}],"is_trial":false}