{"path_per_floor":["M","M","?","$","M","R","E","?","T","M","$","R","T","M","R","B",null,"M","M","M","$","M","E","M","R","T","?","T","R","M","M","R","B",null,"M","?","?","?","?","E","R","E","T","M","E","$","?","?","R","B"],"character_chosen":"IRONCLAD","items_purchased":["Singing Bowl","Purity"],"gold_per_floor":[211,225,225,150,167,167,196,271,271,290,39,39,92,102,102,205,205,217,227,245,120,138,166,178,178,178,178,178,178,191,206,206,309,309,325,325,0,0,0,29,29,55,81,97,131,38,38,89,89,89],"floor_reached":51,"campfire_rested":3,"playtime":3430,"current_hp_per_floor":[80,80,80,80,80,80,48,37,37,36,36,60,60,56,56,38,82,65,61,65,65,65,10,15,44,44,44,44,73,81,73,73,27,101,106,93,93,93,93,96,96,106,106,113,121,121,121,106,106,126],"items_purged":["Defend_R","Strike_R","Reckless Charge"],"gold":89,"score":703,"play_id":"546cb213-3784-4f32-8965-be47c146c74d","is_prod":false,"is_daily":false,"is_ascension_mode":false,"campfire_upgraded":5,"path_taken":["M","M","?","$","M","R","E","?","T","M","$","R","?","?","R","BOSS","M","M","M","$","M","E","M","R","T","?","?","R","M","M","R","BOSS","M","?","?","?","?","E","R","E","T","M","E","?","?","?","R","BOSS"],"build_version":"2018-02-08-PROD1","purchased_purges":3,"victory":true,"master_deck":["Strike_R+1","Defend_R","Defend_R","Flex+1","Battle Trance+1","Spot Weakness+1","Twin Strike+1","Corruption+1","Warcry","Spot Weakness","Heavy Blade+1","Feed+1","Limit Break+1","Madness","Madness","Parasite","Purity+1"],"max_hp_per_floor":[80,80,80,80,80,80,80,80,80,80,80,80,80,80,80,82,82,82,82,84,84,84,86,91,93,93,93,93,95,95,101,101,101,101,106,106,106,106,106,108,108,113,113,119,121,121,121,123,123,126],"relics":["Burning Blood","Mercury Hourglass","Dead Branch","Singing Bowl","Dream Catcher","Astrolabe","Juzu Bracelet","Blood Vial","Vajra","White Beast Statue","Red Mask","Toxic Egg 2","Pen Nib","Whetstone","Happy Flower","Frozen Eye"],"card_choices":[{"not_picked":["Sword Boomerang","Seeing Red"],"picked":"Flex"},{"not_picked":["Clash","Flex"],"picked":"Battle Trance"},{"not_picked":["Uppercut","Flame Barrier"],"picked":"Spot Weakness"},{"not_picked":["Pommel Strike","Combust"],"picked":"Warcry"},{"not_picked":["Twin Strike","True Grit"],"picked":"Spot Weakness"},{"not_picked":["Iron Wave","Clash"],"picked":"Heavy Blade"},{"not_picked":["Sword Boomerang","Heavy Blade"],"picked":"Feed"},{"not_picked":["Barricade","Double Tap"],"picked":"Limit Break"}],"player_experience":146863,"potions_floor_usage":[16,23,24,33,42,42,48],"damage_taken":[{"damage":6,"enemies":"Cultist","floor":1,"turns":3},{"damage":6,"enemies":"2 Louse","floor":2,"turns":3},{"damage":0,"enemies":"Small Slimes","floor":5,"turns":3},{"damage":38,"enemies":"3 Sentries","floor":7,"turns":9},{"damage":7,"enemies":"Gremlin Gang","floor":10,"turns":4},{"damage":10,"enemies":"Looter","floor":14,"turns":3},{"damage":38,"enemies":"Hexaghost","floor":16,"turns":6},{"damage":23,"enemies":"2 Thieves","floor":18,"turns":3},{"damage":10,"enemies":"Shell Parasite","floor":19,"turns":2},{"damage":4,"enemies":"Snecko","floor":20,"turns":3},{"damage":6,"enemies":"Centurion and Healer","floor":22,"turns":2},{"damage":63,"enemies":"Slavers","floor":23,"turns":5},{"damage":12,"enemies":"3 Cultists","floor":24,"turns":3},{"damage":0,"enemies":"Snake Plant","floor":30,"turns":2},{"damage":22,"enemies":"Slaver and Parasite","floor":31,"turns":3},{"damage":63,"enemies":"Collector","floor":33,"turns":6},{"damage":0,"enemies":"3 Shapes","floor":35,"turns":3},{"damage":7,"enemies":"Giant Head","floor":40,"turns":5},{"damage":3,"enemies":"2 Orb Walkers","floor":42,"turns":1},{"damage":7,"enemies":"Orb Walker","floor":44,"turns":2},{"damage":0,"enemies":"Giant Head","floor":45,"turns":1},{"damage":23,"enemies":"신비한 구체","floor":48,"turns":2},{"damage":9,"enemies":"Awakened One","floor":50,"turns":3}],"event_choices":[{"event_name":"Living Wall","player_choice":"Grow","floor":3,"damage_taken":0},{"event_name":"World of Goop","player_choice":"Gather Gold","floor":8,"damage_taken":0},{"event_name":"Back to Basics","player_choice":"Elegance","floor":27,"damage_taken":0},{"event_name":"Winding Halls","player_choice":"Embrace Madness","floor":36,"damage_taken":0},{"event_name":"Tomb of Lord Red Mask","player_choice":"Paid","floor":37,"damage_taken":0},{"event_name":"Wheel of Change","player_choice":"Curse","floor":38,"damage_taken":0},{"event_name":"Transmorgrifier","player_choice":"Transform","floor":39,"damage_taken":0},{"event_name":"Mysterious Sphere","player_choice":"Fight","floor":48,"damage_taken":0}],"boss_relics":[{"not_picked":["Black Blood","Runic Cube"],"picked":"Astrolabe"},{"not_picked":["Tiny House","Eternal Feather"],"picked":"White Beast Statue"}],"potions_floor_spawned":[5,10,22,23,30,35,40,42,44,45,48],"seed_played":"5894498595165406541","ascension_level":0,"is_trial":false}