{"gold_per_floor":[110,0,30,42,66,103,115,145,184,213,255,267,291,319,331,447,459,490,125,137,137,137,165,165,183,183,183,4,23,33,50,50,150,150,170,170,170,0,11,11,25,25,50,50,150,150,150,150],"floor_reached":48,"playtime":1615,"items_purged":["Defend_R"],"score":533,"play_id":"d3072415-0c84-4574-90a8-feae0aeeaa26","local_time":"20190630222138","is_ascension_mode":true,"campfire_choices":[{"data":"Rampage","floor":7,"key":"SMITH"},{"data":"Rampage","floor":15,"key":"SMITH"},{"data":"J.A.X.","floor":27,"key":"SMITH"},{"data":"Rampage","floor":32,"key":"SMITH"},{"floor":40,"key":"RECALL"},{"floor":42,"key":"REST"},{"floor":44,"key":"REST"},{"floor":47,"key":"REST"}],"neow_cost":"NONE","seed_source_timestamp":1485371450335523,"circlet_count":0,"master_deck":["Strike_R+1","Strike_R+1","Strike_R+1","Strike_R+1","Strike_R+1","Defend_R+1","Defend_R+1","Bash+1","Rage+1","Rampage+1","Bludgeon+1","Double Tap+1","Rampage+1","Feed+1","J.A.X.+1","Metamorphosis+1","Rampage+1","Limit Break+1","Writhe","Battle Trance+1"],"relics":["Burning Blood","Bronze Scales","MawBank","Blood Vial","Anchor","Omamori","Busted Crown","Vajra","Bag of Preparation","Gremlin Horn","Bag of Marbles","Pantograph","Calling Bell","Juzu Bracelet","Meat on the Bone","Mango","Mark of the Bloom","Red Mask"],"potions_floor_usage":[16,16,16,23,33,33,48],"damage_taken":[{"damage":23,"enemies":"Jaw Worm","floor":1,"turns":3},{"damage":1,"enemies":"Cultist","floor":3,"turns":3},{"damage":1,"enemies":"2 Louse","floor":5,"turns":3},{"damage":14,"enemies":"Gremlin Nob","floor":6,"turns":4},{"damage":5,"enemies":"Red Slaver","floor":8,"turns":2},{"damage":6,"enemies":"2 Fungi Beasts","floor":10,"turns":3},{"damage":27,"enemies":"3 Sentries","floor":11,"turns":8},{"damage":16,"enemies":"Large Slime","floor":13,"turns":5},{"damage":0,"enemies":"Looter","floor":14,"turns":2},{"damage":40,"enemies":"The Guardian","floor":16,"turns":8},{"damage":0,"enemies":"3 Byrds","floor":18,"turns":3},{"damage":6,"enemies":"Spheric Guardian","floor":20,"turns":3},{"damage":1,"enemies":"Book of Stabbing","floor":23,"turns":3},{"damage":17,"enemies":"Centurion and Healer","floor":25,"turns":3},{"damage":3,"enemies":"Snake Plant","floor":29,"turns":2},{"damage":5,"enemies":"Cultist and Chosen","floor":30,"turns":4},{"damage":4,"enemies":"Centurion and Healer","floor":31,"turns":3},{"damage":86,"enemies":"Automaton","floor":33,"turns":7},{"damage":3,"enemies":"Orb Walker","floor":35,"turns":1},{"damage":26,"enemies":"3 Darklings","floor":39,"turns":5},{"damage":56,"enemies":"Writhing Mass","floor":41,"turns":4},{"damage":26,"enemies":"Spire Growth","floor":48,"turns":3}],"seed_played":"7409048677411434299","potions_obtained":[{"floor":8,"key":"Swift Potion"},{"floor":11,"key":"SkillPotion"},{"floor":13,"key":"Regen Potion"},{"floor":14,"key":"Strength Potion"},{"floor":16,"key":"GamblersBrew"},{"floor":18,"key":"Weak Potion"},{"floor":20,"key":"SteroidPotion"},{"floor":25,"key":"AttackPotion"},{"floor":29,"key":"LiquidBronze"},{"floor":31,"key":"Regen Potion"},{"floor":41,"key":"SkillPotion"}],"is_trial":false,"path_per_floor":["M","?","M","?","M","E","R","M","T","M","E","?","M","M","R","B",null,"M","$","M","?","?","E","?","M","T","R","$","M","M","M","R","B",null,"M","?","?","?","M","R","M","R","T","R","?","?","R","M"],"character_chosen":"IRONCLAD","items_purchased":["Vajra","Bag of Preparation","Metamorphosis"],"campfire_rested":3,"item_purchase_floors":[19,19,28],"current_hp_per_floor":[63,63,68,68,73,65,65,68,68,70,51,35,27,35,35,18,80,80,80,83,83,83,86,86,78,78,78,78,83,86,89,89,9,103,103,98,98,98,72,72,16,16,16,16,16,16,16,0],"gold":150,"neow_bonus":"RANDOM_COMMON_RELIC","is_prod":false,"is_daily":false,"chose_seed":false,"campfire_upgraded":4,"win_rate":0,"timestamp":1561947698,"path_taken":["M","?","?","?","M","E","R","M","T","?","E","?","M","M","R","BOSS","M","$","M","?","?","E","?","M","T","R","$","M","?","M","R","BOSS","M","?","?","?","M","R","M","R","T","R","?","?","R","M"],"build_version":"2019-01-23","purchased_purges":1,"victory":false,"max_hp_per_floor":[80,80,80,80,80,80,80,80,80,80,80,80,80,80,80,80,80,80,80,83,83,83,86,86,89,89,89,89,89,89,89,89,89,103,103,98,98,98,98,98,98,98,98,98,98,98,98,98],"card_choices":[{"not_picked":["True Grit","Shrug It Off","Flame Barrier"],"picked":"SKIP","floor":1},{"not_picked":["Twin Strike","Havoc"],"picked":"Rage","floor":3},{"not_picked":["Thunderclap","Pommel Strike"],"picked":"Rampage","floor":5},{"not_picked":["Spot Weakness","True Grit"],"picked":"Bludgeon","floor":6},{"not_picked":["Perfected Strike","Sentinel","Searing Blow"],"picked":"SKIP","floor":8},{"not_picked":["Second Wind","Evolve","Wild Strike"],"picked":"SKIP","floor":10},{"not_picked":["Clash","Spot Weakness"],"picked":"Double Tap","floor":11},{"not_picked":["Armaments","Twin Strike"],"picked":"Rampage","floor":13},{"not_picked":["Wild Strike","Bloodletting","Iron Wave"],"picked":"SKIP","floor":14},{"not_picked":["Barricade","Juggernaut"],"picked":"Feed","floor":16},{"not_picked":["Clash+1"],"picked":"SKIP","floor":18},{"not_picked":["Headbutt+1"],"picked":"SKIP","floor":20},{"not_picked":["Bloodletting+1"],"picked":"SKIP","floor":23},{"not_picked":["Shrug It Off+1"],"picked":"SKIP","floor":25},{"not_picked":[],"picked":"Rampage","floor":29},{"not_picked":["Flame Barrier+1"],"picked":"SKIP","floor":30},{"not_picked":["Anger+1"],"picked":"SKIP","floor":31},{"not_picked":[],"picked":"Limit Break","floor":33},{"not_picked":["Power Through"],"picked":"SKIP","floor":35},{"not_picked":["Clash+1"],"picked":"SKIP","floor":39},{"not_picked":[],"picked":"Battle Trance+1","floor":41}],"player_experience":90398,"relics_obtained":[{"floor":6,"key":"Blood Vial"},{"floor":9,"key":"Anchor"},{"floor":11,"key":"Omamori"},{"floor":23,"key":"Bag of Marbles"},{"floor":26,"key":"Pantograph"},{"floor":34,"key":"Juzu Bracelet"},{"floor":34,"key":"Meat on the Bone"},{"floor":34,"key":"Mango"}],"event_choices":[{"damage_healed":0,"gold_gain":0,"player_choice":"Paid Gold","damage_taken":0,"relics_obtained":["MawBank"],"max_hp_gain":0,"max_hp_loss":0,"event_name":"WeMeetAgain","floor":2,"gold_loss":110},{"cards_removed":["Defend_R"],"damage_healed":0,"gold_gain":0,"player_choice":"Purged","damage_taken":0,"max_hp_gain":0,"max_hp_loss":0,"event_name":"Purifier","floor":4,"gold_loss":0},{"damage_healed":0,"gold_gain":0,"player_choice":"Entered Light","damage_taken":16,"max_hp_gain":0,"max_hp_loss":0,"event_name":"Shining Light","floor":12,"gold_loss":0,"cards_upgraded":["Strike_R","Double Tap"]},{"damage_healed":0,"gold_gain":0,"player_choice":"Ignored","damage_taken":0,"max_hp_gain":0,"max_hp_loss":0,"event_name":"Ghosts","floor":21,"gold_loss":0},{"damage_healed":0,"gold_gain":0,"player_choice":"Opened","damage_taken":0,"relics_obtained":["Gremlin Horn"],"max_hp_gain":0,"max_hp_loss":0,"event_name":"The Mausoleum","floor":22,"gold_loss":0},{"damage_healed":0,"gold_gain":0,"player_choice":"Obtain J.A.X.","damage_taken":0,"max_hp_gain":0,"max_hp_loss":0,"event_name":"Drug Dealer","floor":24,"gold_loss":0,"cards_obtained":["J.A.X."]},{"damage_healed":0,"gold_gain":0,"player_choice":"Max HP","damage_taken":0,"max_hp_gain":0,"max_hp_loss":5,"event_name":"Winding Halls","floor":36,"gold_loss":0},{"damage_healed":0,"gold_gain":0,"player_choice":"Upgrade","damage_taken":0,"relics_obtained":["Mark of the Bloom"],"max_hp_gain":0,"max_hp_loss":0,"event_name":"MindBloom","floor":37,"gold_loss":0,"cards_upgraded":["Strike_R","Strike_R","Strike_R","Strike_R","Defend_R","Defend_R","Bash","Rage","Bludgeon","Feed","Metamorphosis","Limit Break"]},{"damage_healed":0,"gold_gain":0,"player_choice":"Paid","damage_taken":0,"relics_obtained":["Red Mask"],"max_hp_gain":0,"max_hp_loss":0,"event_name":"Tomb of Lord Red Mask","floor":38,"gold_loss":170},{"damage_healed":0,"gold_gain":100,"player_choice":"Pray","damage_taken":0,"max_hp_gain":0,"max_hp_loss":0,"event_name":"Golden Shrine","floor":45,"gold_loss":0},{"damage_healed":0,"gold_gain":0,"player_choice":"Ignored","damage_taken":0,"max_hp_gain":0,"max_hp_loss":0,"event_name":"Mysterious Sphere","floor":46,"gold_loss":0}],"is_beta":false,"boss_relics":[{"not_picked":["Runic Dome","Snecko Eye"],"picked":"Busted Crown"},{"not_picked":["Tiny House","Runic Pyramid"],"picked":"Calling Bell"}],"items_purged_floors":[19],"is_endless":false,"potions_floor_spawned":[8,11,13,14,16,18,20,25,29,31,41],"killed_by":"Spire Growth","ascension_level":2}