{"path_per_floor":["M","M","M","M","T","R","?","R","T","E","R","?","$","M","R","B",null,"M","$","?","?","M","R","M","?","T","R","$","R","M","E","R","B",null,"M","?","$","T","M","R","E","?","T","R","?","M","$","$","R","B"],"character_chosen":"DEFECT","items_purchased":["Capacitor","Fruit Juice","Coolheaded","Bag of Preparation"],"gold_per_floor":[16,29,49,69,96,96,121,121,147,180,180,255,38,57,57,155,155,172,24,24,24,35,35,46,46,46,46,46,46,66,94,94,198,228,248,248,123,123,142,142,169,169,169,169,169,185,36,36,36,36],"floor_reached":51,"campfire_rested":1,"playtime":2210,"item_purchase_floors":[],"current_hp_per_floor":[67,67,67,61,61,61,61,61,61,40,40,29,29,32,32,3,61,32,32,58,58,56,56,43,43,43,43,43,43,31,27,51,23,71,70,70,70,70,63,63,55,55,55,55,55,55,55,55,55,38],"items_purged":["Strike_B","Defend_B","Strike_B"],"gold":36,"score":1009,"play_id":"466204f5-3a93-4706-ba1d-2490781b8863","local_time":"20180523125158","is_prod":false,"is_daily":false,"chose_seed":false,"is_ascension_mode":true,"campfire_upgraded":7,"win_rate":0.14782609,"timestamp":1527072718,"campfire_choices":[{"data":"Coolheaded","floor":6.0,"key":"SMITH"},{"data":"Zap","floor":8.0,"key":"SMITH"},{"data":"Defragment","floor":11.0,"key":"SMITH"},{"data":"Beam Cell","floor":15.0,"key":"SMITH"},{"data":"Coolheaded","floor":23.0,"key":"SMITH"},{"data":"Dualcast","floor":27.0,"key":"SMITH"},{"data":"Barrage","floor":29.0,"key":"SMITH"},{"floor":32,"key":"REST"},{"data":"Defend_B","floor":40,"key":"PURGE"},{"data":"Strike_B","floor":44,"key":"PURGE"},{"data":"Defend_B","floor":49,"key":"PURGE"}],"path_taken":["M","M","?","M","?","R","?","R","T","E","R","?","$","M","R","BOSS","M","$","?","?","M","R","M","?","T","R","$","R","M","E","R","BOSS","M","?","?","?","?","R","E","?","T","R","?","M","?","$","R","BOSS"],"build_version":"2018-05-22","seed_source_timestamp":294167194096854,"purchased_purges":3,"victory":true,"master_deck":["Defend_B","Zap+1","Dualcast+1","AscendersBane","Beam Cell+1","Coolheaded+1","Glacier+1","Defragment+1","Capacitor+1","Machine Learning","Barrage+1","Coolheaded+1","Double Energy+1","Melter+1","Core Surge","Go for the Eyes+1"],"max_hp_per_floor":[75,75,75,75,75,75,75,75,75,75,75,75,75,80,80,80,80,80,80,80,80,80,80,80,80,80,80,80,80,80,80,80,80,85,85,85,85,85,85,85,85,85,85,85,85,85,85,85,85,85],"relics":["Cracked Core","Du-Vu Doll","Art of War","Odd Mushroom","Potion Belt","Anchor","White Beast Statue","Prayer Wheel","Peace Pipe","Tiny House","Ornamental Fan","Pen Nib","Bag of Marbles","Bag of Preparation"],"card_choices":[{"not_picked":["Go for the Eyes","Tempest"],"picked":"Beam Cell","floor":1.0},{"not_picked":["Double Energy","Force Field","Tempest"],"picked":"SKIP","floor":2.0},{"not_picked":["Barrage","Capacitor"],"picked":"Coolheaded","floor":3.0},{"not_picked":["Stack","All For One"],"picked":"Glacier","floor":4.0},{"not_picked":["Lockon","Streamline"],"picked":"Defragment","floor":7.0},{"not_picked":["Ball Lightning","Cold Snap","Redo"],"picked":"SKIP","floor":10.0},{"not_picked":["Double Energy","Stack","Steam"],"picked":"SKIP","floor":14.0},{"not_picked":["All For One","Buffer"],"picked":"Machine Learning","floor":16.0},{"not_picked":["Coolheaded","Double Energy"],"picked":"Barrage","floor":18.0},{"not_picked":["Sweeping Beam","Cold Snap+1"],"picked":"Double Energy+1","floor":22.0},{"not_picked":["Stack","Redo+1"],"picked":"Melter+1","floor":24.0},{"not_picked":["Heatsinks+1","Leap","Streamline"],"picked":"SKIP","floor":30.0},{"not_picked":["Go for the Eyes","Force Field","Meteor Strike"],"picked":"SKIP","floor":30.0},{"not_picked":["Redo","Ball Lightning"],"picked":"Core Surge","floor":31},{"not_picked":["Beam Cell","Capacitor","Heatsinks+1"],"picked":"SKIP","floor":35},{"not_picked":["Turbo","Rebound+1","Tempest"],"picked":"SKIP","floor":35},{"not_picked":["Scrape+1","Glacier+1","Turbo"],"picked":"SKIP","floor":39},{"not_picked":["Loop","Rebound+1","Rip and Tear+1"],"picked":"SKIP","floor":39},{"not_picked":["Skim","Steam Power","Sweeping Beam+1"],"picked":"SKIP","floor":41},{"not_picked":["Hello World+1","Stack+1"],"picked":"Go for the Eyes+1","floor":46},{"not_picked":["Amplify","Steam","Steam Power"],"picked":"SKIP","floor":46}],"player_experience":711057,"potions_floor_usage":[31,31,31,39,41,46,50,50,50],"damage_taken":[{"damage":1.0,"enemies":"Cultist","floor":1.0,"turns":3.0},{"damage":0.0,"enemies":"2 Louse","floor":2.0,"turns":2.0},{"damage":0.0,"enemies":"Small Slimes","floor":3.0,"turns":2.0},{"damage":6.0,"enemies":"Looter","floor":4.0,"turns":3.0},{"damage":0.0,"enemies":"The Mushroom Lair","floor":7.0,"turns":3.0},{"damage":21.0,"enemies":"Lagavulin","floor":10.0,"turns":7.0},{"damage":2.0,"enemies":"3 Louse","floor":14.0,"turns":4.0},{"damage":29.0,"enemies":"The Guardian","floor":16.0,"turns":14.0},{"damage":29.0,"enemies":"3 Byrds","floor":18.0,"turns":7.0},{"damage":2.0,"enemies":"Spheric Guardian","floor":22.0,"turns":4.0},{"damage":13.0,"enemies":"3 Cultists","floor":24.0,"turns":5.0},{"damage":12.0,"enemies":"Snake Plant","floor":30.0,"turns":4.0},{"damage":4,"enemies":"Slavers","floor":31,"turns":5},{"damage":28,"enemies":"Automaton","floor":33,"turns":11},{"damage":1,"enemies":"Flame Bruiser 1 Orb","floor":35,"turns":6},{"damage":7,"enemies":"3 Darklings","floor":39,"turns":6},{"damage":8,"enemies":"Nemesis","floor":41,"turns":5},{"damage":0,"enemies":"4 Shapes","floor":46,"turns":7},{"damage":17,"enemies":"Donu and Deca","floor":50,"turns":9}],"relics_obtained":[{"floor":5.0,"key":"Art of War"},{"floor":7.0,"key":"Odd Mushroom"},{"floor":9.0,"key":"Potion Belt"},{"floor":10.0,"key":"Anchor"},{"floor":26.0,"key":"Prayer Wheel"},{"floor":31,"key":"Peace Pipe"},{"floor":38,"key":"Ornamental Fan"},{"floor":41,"key":"Pen Nib"},{"floor":43,"key":"Bag of Marbles"}],"event_choices":[{"event_name":"Mushrooms","player_choice":"Fought Mushrooms","floor":7.0,"damage_taken":0.0},{"event_name":"World of Goop","player_choice":"Gather Gold","floor":12.0,"damage_taken":0.0},{"event_name":"The Library","player_choice":"Heal","floor":20.0,"damage_taken":0.0},{"event_name":"Cursed Tome","player_choice":"Ignored","floor":21.0,"damage_taken":0.0},{"event_name":"Bonfire Elementals","player_choice":"BASIC","floor":25.0,"damage_taken":0.0},{"event_name":"Tomb of Lord Red Mask","player_choice":"Ignored","floor":36,"damage_taken":0},{"event_name":"Accursed Blacksmith","player_choice":"Ignore","floor":42,"damage_taken":0},{"event_name":"Upgrade Shrine","player_choice":"Upgraded","floor":45,"damage_taken":0}],"boss_relics":[{"not_picked":["Black Star","Snecko Eye"],"picked":"Tiny House"}],"items_purged_floors":[],"potions_floor_spawned":[2,3,7,10,14,18,22,24,30,31,33,35,39,41,46],"seed_played":"-2335635134410069843","ascension_level":10,"potions_obtained":[{"floor":2.0,"key":"Energy Potion"},{"floor":3.0,"key":"Explosive Potion"},{"floor":7.0,"key":"SteroidPotion"},{"floor":10.0,"key":"SmokeBomb"},{"floor":14.0,"key":"SteroidPotion"},{"floor":18.0,"key":"SkillPotion"},{"floor":22.0,"key":"Dexterity Potion"},{"floor":24.0,"key":"FearPotion"},{"floor":30.0,"key":"SteroidPotion"},{"floor":31,"key":"FearPotion"},{"floor":33,"key":"SkillPotion"},{"floor":34,"key":"FairyPotion"},{"floor":35,"key":"FearPotion"},{"floor":39,"key":"Weak Potion"},{"floor":41,"key":"LiquidBronze"},{"floor":46,"key":"PowerPotion"}],"is_trial":false}