{"gold_per_floor":[119,131,144,163,138,163,177,177,177,177,200,223,246,39,39,160,160,185,169,182,182],"floor_reached":21,"playtime":1693,"items_purged":[],"score":189,"play_id":"4af3352a-254c-4e38-a3b6-0a0dc00b371d","local_time":"20190630002908","is_ascension_mode":false,"campfire_choices":[{"data":"HandOfGreed","floor":15,"key":"SMITH"}],"neow_cost":"NONE","seed_source_timestamp":1406545106613044,"circlet_count":0,"master_deck":["Strike_B","Strike_B","Strike_B","Strike_B","Defend_B","Defend_B","Defend_B","Defend_B","Zap","Dualcast","Ball Lightning","Glacier","Reinforced Body","Capacitor+1","Genetic Algorithm","Amplify","Leap","Injury","Consume","Ball Lightning","Undo","HandOfGreed+1","Ball Lightning","Echo Form","Clumsy","Regret","Doubt","Tempest+1","Static Discharge","Streamline+1"],"relics":["Cracked Core","Pen Nib","Mercury Hourglass","Golden Idol","Bottled Tornado","Calling Bell","Calipers","Potion Belt","Letter Opener"],"potions_floor_usage":[6,11,16,20],"damage_taken":[{"damage":1,"enemies":"Cultist","floor":1,"turns":4},{"damage":5,"enemies":"Small Slimes","floor":2,"turns":2},{"damage":1,"enemies":"Jaw Worm","floor":3,"turns":2},{"damage":6,"enemies":"3 Louse","floor":4,"turns":4},{"damage":16,"enemies":"Exordium Thugs","floor":5,"turns":5},{"damage":11,"enemies":"Lagavulin","floor":6,"turns":9},{"damage":12,"enemies":"Looter","floor":7,"turns":4},{"damage":1,"enemies":"3 Louse","floor":11,"turns":2},{"damage":11,"enemies":"2 Fungi Beasts","floor":12,"turns":4},{"damage":0,"enemies":"Gremlin Gang","floor":13,"turns":4},{"damage":8,"enemies":"The Guardian","floor":16,"turns":11},{"damage":20,"enemies":"Spheric Guardian","floor":18,"turns":4},{"damage":19,"enemies":"2 Thieves","floor":19,"turns":4},{"damage":23,"enemies":"Snake Plant","floor":20,"turns":5},{"damage":21,"enemies":"3 Cultists","floor":21,"turns":3}],"seed_played":"-5919205766174862592","potions_obtained":[{"floor":2,"key":"Explosive Potion"},{"floor":5,"key":"Regen Potion"},{"floor":6,"key":"Swift Potion"},{"floor":7,"key":"SpeedPotion"},{"floor":11,"key":"Energy Potion"},{"floor":19,"key":"FearPotion"}],"is_trial":false,"path_per_floor":["M","M","M","M","M","E","M","?","T","?","M","M","M","$","R","B",null,"M","M","M","M"],"character_chosen":"DEFECT","items_purchased":["HandOfGreed","Ball Lightning"],"campfire_rested":0,"item_purchase_floors":[14,14],"current_hp_per_floor":[74,69,68,62,46,50,38,38,38,38,37,26,26,26,26,18,75,55,36,13,0],"gold":182,"neow_bonus":"RANDOM_COMMON_RELIC","is_prod":false,"is_daily":false,"chose_seed":false,"campfire_upgraded":1,"win_rate":0.0,"timestamp":1561868948,"path_taken":["M","M","M","M","M","E","M","?","T","?","M","M","M","$","R","BOSS","M","M","M","M"],"build_version":"2019-01-23","purchased_purges":0,"victory":false,"max_hp_per_floor":[75,75,75,75,75,75,75,75,75,75,75,75,75,75,75,75,75,75,75,75,75],"card_choices":[{"not_picked":["Barrage","Steam"],"picked":"Ball Lightning","floor":1},{"not_picked":["Gash","Compile Driver"],"picked":"Glacier","floor":2},{"not_picked":["Ball Lightning","Go for the Eyes"],"picked":"Reinforced Body","floor":3},{"not_picked":["FTL","Steam"],"picked":"Capacitor","floor":4},{"not_picked":["Steam","Gash"],"picked":"Genetic Algorithm","floor":5},{"not_picked":["Beam Cell","Barrage"],"picked":"Amplify","floor":6},{"not_picked":["Hologram","Blizzard"],"picked":"Leap","floor":7},{"not_picked":["Hologram","Conserve Battery"],"picked":"Consume","floor":11},{"not_picked":["Coolheaded","Steam"],"picked":"Ball Lightning","floor":12},{"not_picked":["Capacitor","Stack"],"picked":"Undo","floor":13},{"not_picked":["Multi-Cast","Machine Learning"],"picked":"Echo Form","floor":16},{"not_picked":["BootSequence","White Noise+1"],"picked":"Tempest+1","floor":18},{"not_picked":["Reinforced Body","Steam Power"],"picked":"Static Discharge","floor":19},{"not_picked":["Barrage","Steam+1"],"picked":"Streamline+1","floor":20}],"player_experience":28679,"relics_obtained":[{"floor":6,"key":"Mercury Hourglass"},{"floor":9,"key":"Bottled Tornado"},{"floor":17,"key":"Calipers"},{"floor":17,"key":"Potion Belt"},{"floor":17,"key":"Letter Opener"}],"event_choices":[{"damage_healed":0,"gold_gain":0,"player_choice":"Take Wound","damage_taken":0,"relics_obtained":["Golden Idol"],"max_hp_gain":0,"max_hp_loss":0,"event_name":"Golden Idol","floor":8,"gold_loss":0,"cards_obtained":["Injury"]},{"damage_healed":0,"gold_gain":0,"player_choice":"Grow","damage_taken":0,"max_hp_gain":0,"max_hp_loss":0,"event_name":"Living Wall","floor":10,"gold_loss":0,"cards_upgraded":["Capacitor"]}],"is_beta":false,"boss_relics":[{"not_picked":["FrozenCore","Runic Dome"],"picked":"Calling Bell"}],"items_purged_floors":[],"is_endless":false,"potions_floor_spawned":[2,5,6,7,11,13,19],"killed_by":"3 Cultists","ascension_level":0}