{"gold_per_floor":[115,125,139,32,42,42,68,68,95,45,45,80,105,123,123,218,218,233,34,51,70,88,88,13,44,69,86,86,86,48,75,75,173,173,191,191,191,191,205,238,238,238,238,563,87,97,97,97,97,201,201,213,33,33,46,46,46,78,91,141,141,156,156,174,174,174,304,304,353,353,353,353,353,145,178,178,205,205,236,236,271,271,271,368,368,384,384,384,384,139,139,139,174,203,203,233,233,266,282,282,377,377,395,145,145,164,164,164,114,126,151,201,217,227,227,304,304,407,407,419,469,618,631,232,261,261,311,337,29,79,129,79,98,98,197,197,217,267,367,417,434,461,227,259,294,141,191,208,258,277,277,372,372,390,110,160,178,303,334,334,346,377,377,427,477,41,154,154,282,282,301,226,314,328,194,194,225,225,264,191,234,108,158,183,183,308,308,322,372,395,445,828,861,635,635,662,934,964,964,833,866,866,966,966,982,102,122,72,122,122,135,152,182,407,407,441,441,476,476,571,621],"floor_reached":221,"playtime":8069,"items_purged":["Crippling Poison","Leg Sweep+1","Backflip+1","Footwork+1","Deflect+1","Writhe","Noxious Fumes+1","Setup+1","Pride","Pride"],"score":9538,"play_id":"5840c599-c65f-4683-9992-193458ff90de","local_time":"20180719172901","daily_mods":["Draft","Vintage"],"is_ascension_mode":true,"campfire_choices":[{"data":"Noxious Fumes","floor":6.0,"key":"SMITH"},{"data":"Setup","floor":11.0,"key":"SMITH"},{"data":"Prepared","floor":15.0,"key":"SMITH"},{"data":"Adrenaline","floor":23.0,"key":"SMITH"},{"data":"Cloak And Dagger","floor":29.0,"key":"SMITH"},{"data":"Acrobatics","floor":32.0,"key":"SMITH"},{"data":"Footwork","floor":42.0,"key":"SMITH"},{"data":"Adrenaline","floor":47.0,"key":"SMITH"},{"data":"Leg Sweep","floor":49.0,"key":"SMITH"},{"data":"Deflect","floor":57.0,"key":"SMITH"},{"data":"Die Die Die","floor":63.0,"key":"SMITH"},{"data":"Corpse Explosion","floor":66.0,"key":"SMITH"},{"data":"Storm of Steel","floor":76.0,"key":"SMITH"},{"data":"Burst","floor":78.0,"key":"SMITH"},{"data":"1","floor":80.0,"key":"LIFT"},{"data":"2","floor":83.0,"key":"LIFT"},{"data":"3","floor":91.0,"key":"LIFT"},{"data":"Cloak And Dagger","floor":95.0,"key":"SMITH"},{"floor":100.0,"key":"REST"},{"data":"Blade Dance","floor":108.0,"key":"SMITH"},{"floor":115.0,"key":"REST"},{"floor":117.0,"key":"REST"},{"floor":126.0,"key":"REST"},{"floor":134.0,"key":"REST"},{"data":"Doubt","floor":151.0,"key":"PURGE"},{"data":"Regret","floor":160.0,"key":"PURGE"},{"data":"Deflect+1","floor":168.0,"key":"PURGE"},{"floor":176.0,"key":"REST"},{"data":"PiercingWail+1","floor":178.0,"key":"PURGE"},{"floor":185.0,"key":"REST"},{"floor":195,"key":"REST"},{"floor":199,"key":"REST"},{"floor":202,"key":"REST"},{"data":"Pride","floor":210,"key":"PURGE"},{"data":"Doubt","floor":215,"key":"PURGE"},{"data":"Well Laid Plans+1","floor":217,"key":"PURGE"},{"data":"Infinite Blades+1","floor":219,"key":"PURGE"}],"neow_cost":"","seed_source_timestamp":0,"circlet_count":15,"master_deck":["Cloak And Dagger+1","Acrobatics+1","Noxious Fumes+1","Prepared+1","Adrenaline+1","Finisher+1","Adrenaline+1","Accuracy+1","Burst+1","Accuracy+1","Cloak And Dagger+1","Storm of Steel+1","Corpse Explosion+1","Catalyst+1","Acrobatics+1","Adrenaline+1","Blade Dance+1","Catalyst+1","Infinite Blades+1","Infinite Blades+1","Noxious Fumes+1"],"special_seed":0,"relics":["Ring of the Serpent","Boot","Anchor","Tingsha","Blood Vial","Incense Burner","Omamori","Ninja Scroll","Odd Mushroom","Frozen Egg 2","Dead Branch","Empty Cage","The Specimen","Medical Kit","Blue Candle","Lantern","Strawberry","Dream Catcher","Orichalcum","Juzu Bracelet","Ice Cream","Bottled Flame","Sozu","Bag of Preparation","Tough Bandages","Bird Faced Urn","Prayer Wheel","Old Coin","Gremlin Horn","Oddly Smooth Stone","Meat on the Bone","Cursed Key","Bag of Marbles","Snake Skull","Ginger","Gambling Chip","Whetstone","War Paint","Regal Pillow","Ornamental Fan","Bloody Idol","Girya","Orrery","Tiny Chest","Nloth\u0027s Gift","Sling","Centennial Puzzle","Astrolabe","Art of War","Kunai","Vajra","Pantograph","Potion Belt","Ancient Tea Set","The Courier","Smiling Mask","SsserpentHead","Bottled Tornado","Mercury Hourglass","Bronze Scales","Circlet","Pen Nib","Busted Crown","Happy Flower","Molten Egg 2","DollysMirror","Singing Bowl","ClockworkSouvenir","Question Card","Enchiridion","Paper Crane","Darkstone Periapt","White Beast Statue","Du-Vu Doll","Sundial","Peace Pipe","Unceasing Top","Membership Card","Fusion Hammer","Bottled Lightning","Letter Opener","Pear","Dodecahedron","Mummified Hand","Matryoshka","Turnip","Torii","Thread and Needle","Lizard Tail","TwistedFunnel","Red Mask","Frozen Eye","Lee\u0027s Waffle","MealTicket","Pandora\u0027s Box","Mark of the Bloom","HandDrill","OrangePellets","Coffee Dripper","Shuriken","MawBank","TheAbacus","Nunchaku","Calipers","Tiny House"],"potions_floor_usage":[],"damage_taken":[{"damage":0.0,"enemies":"Small Slimes","floor":1.0,"turns":3.0},{"damage":0.0,"enemies":"Jaw Worm","floor":2.0,"turns":4.0},{"damage":3.0,"enemies":"2 Louse","floor":3.0,"turns":3.0},{"damage":1.0,"enemies":"2 Fungi Beasts","floor":5.0,"turns":3.0},{"damage":14.0,"enemies":"3 Sentries","floor":7.0,"turns":6.0},{"damage":7.0,"enemies":"Lagavulin","floor":12.0,"turns":5.0},{"damage":19.0,"floor":13.0,"turns":3.0},{"damage":0.0,"enemies":"Blue Slaver","floor":14.0,"turns":2.0},{"damage":1.0,"enemies":"Slime Boss","floor":16.0,"turns":8.0},{"damage":0.0,"enemies":"3 Byrds","floor":18.0,"turns":2.0},{"damage":0.0,"enemies":"Spheric Guardian","floor":20.0,"turns":1.0},{"damage":0.0,"enemies":"Snake Plant","floor":21.0,"turns":3.0},{"damage":0.0,"enemies":"Centurion and Healer","floor":22.0,"turns":2.0},{"damage":0.0,"enemies":"Gremlin Leader","floor":25.0,"turns":5.0},{"damage":10.0,"enemies":"Snecko","floor":27.0,"turns":4.0},{"damage":5.0,"enemies":"Slavers","floor":31.0,"turns":4.0},{"damage":2.0,"enemies":"Collector","floor":33.0,"turns":6.0},{"damage":0.0,"enemies":"Flame Bruiser 1 Orb","floor":35.0,"turns":3.0},{"damage":0.0,"floor":36.0,"turns":6.0},{"damage":0.0,"enemies":"Orb Walker","floor":39.0,"turns":1.0},{"damage":0.0,"enemies":"Nemesis","floor":40.0,"turns":3.0},{"damage":0.0,"enemies":"2 Orb Walkers","floor":44.0,"turns":4.0},{"damage":0.0,"enemies":"Flame Bruiser 2 Orb","floor":46.0,"turns":2.0},{"damage":29.0,"enemies":"Donu and Deca","floor":50.0,"turns":5.0},{"damage":0.0,"enemies":"Small Slimes","floor":52.0,"turns":1.0},{"damage":0.0,"enemies":"2 Louse","floor":55.0,"turns":1.0},{"damage":0.0,"enemies":"3 Sentries","floor":58.0,"turns":2.0},{"damage":0.0,"enemies":"Jaw Worm","floor":59.0,"turns":1.0},{"damage":0.0,"enemies":"Exordium Wildlife","floor":62.0,"turns":1.0},{"damage":0.0,"enemies":"Large Slime","floor":64.0,"turns":1.0},{"damage":0.0,"enemies":"Hexaghost","floor":67.0,"turns":2.0},{"damage":0.0,"enemies":"Shell Parasite","floor":69.0,"turns":1.0},{"damage":0.0,"enemies":"Slavers","floor":75.0,"turns":1.0},{"damage":0.0,"enemies":"Gremlin Leader","floor":77.0,"turns":2.0},{"damage":0.0,"enemies":"Slavers","floor":79.0,"turns":1.0},{"damage":0.0,"enemies":"Gremlin Leader","floor":81.0,"turns":1.0},{"damage":0.0,"enemies":"Automaton","floor":84.0,"turns":3.0},{"damage":0.0,"enemies":"Flame Bruiser 1 Orb","floor":86.0,"turns":1.0},{"damage":0.0,"enemies":"2 Orb Walkers","floor":93.0,"turns":1.0},{"damage":0.0,"enemies":"Nemesis","floor":94.0,"turns":2.0},{"damage":0.0,"enemies":"2 Orb Walkers","floor":96.0,"turns":3.0},{"damage":0.0,"enemies":"Giant Head","floor":98.0,"turns":2.0},{"damage":0.0,"enemies":"3 Shapes","floor":99.0,"turns":1.0},{"damage":0.0,"enemies":"Donu and Deca","floor":101.0,"turns":2.0},{"damage":0.0,"enemies":"2 Louse","floor":103.0,"turns":1.0},{"damage":0.0,"enemies":"Small Slimes","floor":106.0,"turns":1.0},{"damage":0.0,"enemies":"Cultist","floor":110.0,"turns":1.0},{"damage":0.0,"enemies":"Gremlin Nob","floor":111.0,"turns":1.0},{"damage":0.0,"enemies":"Exordium Thugs","floor":113.0,"turns":1.0},{"damage":0.0,"enemies":"3 Louse","floor":114.0,"turns":1.0},{"damage":0.0,"floor":116.0,"turns":1.0},{"damage":0.0,"enemies":"Slime Boss","floor":118.0,"turns":1.0},{"damage":0.0,"enemies":"2 Thieves","floor":120.0,"turns":2.0},{"damage":0.0,"enemies":"3 Byrds","floor":123.0,"turns":2.0},{"damage":0.0,"enemies":"Gremlin Leader","floor":125.0,"turns":1.0},{"damage":0.0,"enemies":"Book of Stabbing","floor":128.0,"turns":1.0},{"damage":0.0,"enemies":"Snake Plant","floor":133.0,"turns":1.0},{"damage":0.0,"enemies":"Automaton","floor":135.0,"turns":3.0},{"damage":0.0,"enemies":"Flame Bruiser 1 Orb","floor":137.0,"turns":1.0},{"damage":0.0,"floor":139.0,"turns":1.0},{"damage":1.0,"enemies":"3 Darklings","floor":141.0,"turns":2.0},{"damage":1.0,"enemies":"Nemesis","floor":142.0,"turns":1.0},{"damage":0.0,"enemies":"2 Orb Walkers","floor":144.0,"turns":1.0},{"damage":0.0,"enemies":"Nemesis","floor":145.0,"turns":1.0},{"damage":0.0,"enemies":"Sphere and 2 Shapes","floor":148.0,"turns":1.0},{"damage":1.0,"enemies":"Spire Growth","floor":150.0,"turns":1.0},{"damage":76.0,"enemies":"Awakened One","floor":152.0,"turns":3.0},{"damage":0.0,"enemies":"Cultist","floor":154.0,"turns":1.0},{"damage":0.0,"enemies":"Jaw Worm","floor":157.0,"turns":1.0},{"damage":1.0,"enemies":"Gremlin Nob","floor":159.0,"turns":1.0},{"damage":0.0,"enemies":"Small Slimes","floor":161.0,"turns":1.0},{"damage":0.0,"enemies":"Lagavulin","floor":162.0,"turns":1.0},{"damage":0.0,"enemies":"Gremlin Nob","floor":167.0,"turns":1.0},{"damage":0.0,"enemies":"Hexaghost","floor":169.0,"turns":2.0},{"damage":0.0,"enemies":"Chosen","floor":171.0,"turns":1.0},{"damage":0.0,"floor":173.0,"turns":1.0},{"damage":0.0,"enemies":"2 Thieves","floor":174.0,"turns":1.0},{"damage":0.0,"enemies":"Slavers","floor":177.0,"turns":1.0},{"damage":0.0,"enemies":"Gremlin Leader","floor":179.0,"turns":1.0},{"damage":0.0,"enemies":"Book of Stabbing","floor":181.0,"turns":2.0},{"damage":0.0,"enemies":"Chosen and Byrds","floor":184.0,"turns":1.0},{"damage":0.0,"enemies":"Automaton","floor":186.0,"turns":2.0},{"damage":0.0,"enemies":"3 Darklings","floor":188.0,"turns":1.0},{"damage":0.0,"enemies":"Orb Walker","floor":190.0,"turns":1.0},{"damage":0.0,"enemies":"Giant Head","floor":193.0,"turns":3.0},{"damage":0,"enemies":"2 Orb Walkers","floor":196,"turns":1},{"damage":0,"enemies":"Giant Head","floor":198,"turns":2},{"damage":0,"enemies":"2 Orb Walkers","floor":201,"turns":1},{"damage":0,"enemies":"Donu and Deca","floor":203,"turns":2},{"damage":2,"enemies":"2 Louse","floor":205,"turns":1},{"damage":0,"enemies":"Cultist","floor":211,"turns":1},{"damage":0,"enemies":"Small Slimes","floor":212,"turns":1},{"damage":0,"enemies":"3 Sentries","floor":213,"turns":1},{"damage":0,"enemies":"Lagavulin","floor":216,"turns":2},{"damage":0,"enemies":"Gremlin Nob","floor":218,"turns":1},{"damage":0,"enemies":"The Guardian","floor":220,"turns":3}],"seed_played":"-7437638404280771934","potions_obtained":[{"floor":2.0,"key":"GhostInAJar"},{"floor":3.0,"key":"LiquidBronze"},{"floor":5.0,"key":"EssenceOfSteel"},{"floor":7.0,"key":"Strength Potion"},{"floor":18.0,"key":"GhostInAJar"}],"is_trial":true,"path_per_floor":["M","M","M","$","M","R","E","?","T","?","R","E","?","M","R","B",null,"M","$","M","M","M","R","?","E","T","M","?","R","$","E","R","B",null,"M","?","?","?","M","E","?","R","T","E","$","M","R","?","R","B",null,"M","$","?","M","?","R","E","M","T","?","M","R","M","?","R","B",null,"M","?","?","?","?","$","E","R","E","R","E","R","E","?","R","B",null,"M","?","?","?","$","R","?","E","E","R","E","?","E","M","R","B",null,"M","$","?","M","?","R","$","M","E","?","M","M","R","?","R","B",null,"M","?","?","M","$","E","R","?","E","$","?","?","$","M","R","B",null,"M","?","?","?","M","E","$","E","E","$","?","M","?","M","R","B",null,"M","$","?","M","?","E","R","M","E","?","?","?","$","?","R","B",null,"M","$","?","M","$","R","E","R","E","$","E","$","?","M","R","B",null,"M","?","M","$","?","E","$","R","E","?","E","R","$","E","R","B",null,"M","$","?","$","?","R","M","M","E","?","R","E","R","E","R","B"],"character_chosen":"THE_SILENT","items_purchased":["Noxious Fumes","Prepared","Medical Kit","Noxious Fumes+1","Gremlin Horn","Adrenaline","Snake Skull","Accuracy+1","Sling","Kunai","Ancient Tea Set","DollysMirror","Singing Bowl","ClockworkSouvenir","Question Card","Unceasing Top","Membership Card","Letter Opener","Infinite Blades+1","Infinite Blades+1","Turnip","Torii","TwistedFunnel","Frozen Eye","Lee\u0027s Waffle","MealTicket","HandDrill","Noxious Fumes+1","Well Laid Plans+1","OrangePellets","MawBank","TheAbacus","Nunchaku","Calipers"],"campfire_rested":10,"item_purchase_floors":[4,4,19,30,45,45,53,53,74,90,104,124,124,129,129,143,146,155,155,155,166,166,172,175,180,182,194,194,194,200,206,206,206,206],"current_hp_per_floor":[70,70,67,67,66,66,54,47,47,47,47,42,25,27,27,28,70,70,70,70,70,77,77,77,77,77,67,67,67,67,64,64,64,77,77,77,77,77,77,77,77,77,77,77,77,77,77,77,77,48,77,77,77,77,77,77,77,77,77,77,77,77,77,77,58,58,66,77,77,77,77,70,70,70,77,77,77,77,77,77,77,77,77,77,77,77,77,77,77,77,77,77,77,77,77,77,77,77,77,77,77,77,77,77,65,76,76,76,76,77,77,77,77,77,77,77,77,77,77,77,77,77,77,77,79,81,81,83,83,67,72,72,83,85,85,85,85,85,87,93,93,95,95,97,99,99,105,105,105,105,105,48,107,107,107,107,107,98,102,102,107,107,107,104,80,82,107,107,107,107,107,107,107,107,107,107,107,107,107,107,107,107,107,107,107,107,107,107,107,107,107,107,107,107,107,107,107,107,107,107,107,107,107,107,105,105,105,105,105,105,105,105,105,105,105,105,105,105,105,105,105],"gold":621,"neow_bonus":"","is_prod":false,"is_daily":false,"chose_seed":false,"campfire_upgraded":16,"win_rate":0,"timestamp":1532014141,"path_taken":["M","M","M","$","M","R","E","?","T","?","R","E","?","M","R","BOSS","M","$","?","M","M","R","?","E","T","M","?","R","?","E","R","BOSS","M","?","?","?","M","E","?","R","T","E","$","M","R","?","R","BOSS","M","$","?","M","?","R","E","M","T","?","M","R","M","?","R","BOSS","M","?","?","?","?","$","E","R","E","R","E","R","E","?","R","BOSS","M","?","?","?","$","R","?","E","E","R","E","?","E","M","R","BOSS","M","$","?","M","?","R","$","M","E","?","M","M","R","?","R","BOSS","M","?","?","M","$","E","R","?","E","?","?","?","$","M","R","BOSS","M","?","?","?","M","E","?","E","E","?","?","M","?","M","R","BOSS","M","$","?","M","?","E","R","M","E","?","?","?","?","?","R","BOSS","M","?","?","M","$","R","E","R","E","?","E","$","?","M","R","BOSS","M","?","M","?","?","E","$","R","E","?","E","R","$","E","R","BOSS","M","$","?","$","?","R","M","M","E","?","R","E","R","E","R","BOSS"],"build_version":"2018-07-18","purchased_purges":10,"victory":false,"max_hp_per_floor":[70,70,70,70,70,70,70,70,70,70,70,70,70,70,70,70,70,70,70,70,70,77,77,77,77,77,77,77,77,77,77,77,77,77,77,77,77,77,77,77,77,77,77,77,77,77,77,77,77,77,77,77,77,77,77,77,77,77,77,77,77,77,77,77,77,77,77,77,77,77,77,77,77,77,77,77,77,77,77,77,77,77,77,77,77,77,77,77,77,77,77,77,77,77,77,77,77,77,77,77,77,77,77,77,77,77,77,77,77,77,77,77,77,77,77,77,77,77,77,77,77,77,77,77,79,81,81,83,83,83,83,83,83,85,85,85,85,85,87,93,93,95,95,97,99,99,105,105,105,105,105,107,107,107,107,107,107,107,107,107,107,107,107,107,107,107,107,107,107,107,107,107,107,107,107,107,107,107,107,107,107,107,107,107,107,107,107,107,107,107,107,107,107,107,107,107,107,107,107,107,107,107,107,107,107,107,107,107,107,107,107,107,107,107,107,107,107,107,107,107,107],"card_choices":[{"not_picked":["Underhanded Strike","Bane"],"picked":"Crippling Poison","floor":0.0},{"not_picked":["Endless Agony","Crippling Poison"],"picked":"Dagger Throw","floor":0.0},{"not_picked":["Eviscerate","Flying Knee"],"picked":"Setup","floor":0.0},{"not_picked":["Deadly Poison","PiercingWail"],"picked":"Backflip","floor":0.0},{"not_picked":["Poisoned Stab","Quick Slash"],"picked":"Sucker Punch","floor":0.0},{"not_picked":["All Out Attack","Blade Dance"],"picked":"Crippling Poison","floor":0.0},{"not_picked":["Acrobatics","Flying Knee"],"picked":"Cloak And Dagger","floor":0.0},{"not_picked":["Masterful Stab","Underhanded Strike"],"picked":"Cloak And Dagger","floor":0.0},{"not_picked":["Prepared","Predator"],"picked":"Leg Sweep","floor":0.0},{"not_picked":["Flying Knee","Outmaneuver"],"picked":"Footwork","floor":0.0},{"not_picked":["Finisher","Quick Slash"],"picked":"Dagger Throw","floor":0.0},{"not_picked":["All Out Attack","Blur"],"picked":"Acrobatics","floor":0.0},{"not_picked":["Bouncing Flask","Acrobatics"],"picked":"Slice","floor":0.0},{"not_picked":["Crippling Poison","Prepared"],"picked":"Deadly Poison","floor":0.0},{"not_picked":["Underhanded Strike","Blur"],"picked":"Deflect","floor":0.0},{"not_picked":["Heel Hook","Deadly Poison","Underhanded Strike"],"picked":"SKIP","floor":7.0},{"not_picked":["Quick Slash","Finisher"],"picked":"Slice","floor":12.0},{"not_picked":["Choke","Quick Slash"],"picked":"PiercingWail","floor":13.0},{"not_picked":["Tools of the Trade+1","Phantasmal Killer"],"picked":"Adrenaline","floor":16.0},{"not_picked":["Backflip","Slice+1"],"picked":"Finisher","floor":25.0},{"not_picked":["Crippling Poison","Slice","Caltrops+1"],"picked":"SKIP","floor":31.0},{"not_picked":["Bullet Time","Tools of the Trade+1"],"picked":"Die Die Die","floor":33.0},{"not_picked":["Outmaneuver","Poisoned Stab+1"],"picked":"Slice","floor":40.0},{"not_picked":["All Out Attack+1","Slice"],"picked":"Deflect+1","floor":44.0},{"not_picked":["Tactician","Grand Finale"],"picked":"Corpse Explosion","floor":50.0},{"not_picked":["Dodge and Roll","Grand Finale","Dagger Spray"],"picked":"SKIP","floor":58.0},{"not_picked":["Doppelganger","Night Terror"],"picked":"Burst","floor":67.0},{"not_picked":["Prepared","Slice"],"picked":"Accuracy+1","floor":68.0},{"not_picked":["Dodge and Roll","Heel Hook"],"picked":"Cloak And Dagger","floor":68.0},{"not_picked":["Poisoned Stab+1","PiercingWail"],"picked":"Storm of Steel","floor":75.0},{"not_picked":["Wraith Form v2+1","Corpse Explosion","Deadly Poison"],"picked":"SKIP","floor":77.0},{"not_picked":["Outmaneuver","Skewer","Dagger Throw"],"picked":"SKIP","floor":79.0},{"not_picked":["Bane+1","Dagger Throw","Poisoned Stab"],"picked":"SKIP","floor":81.0},{"not_picked":["Deadly Poison+1","Slice+1","Dodge and Roll"],"picked":"SKIP","floor":93.0},{"not_picked":["Quick Slash+1","Storm of Steel","Prepared"],"picked":"SKIP","floor":94.0},{"not_picked":["Wraith Form v2+1","Dagger Throw","Quick Slash+1"],"picked":"SKIP","floor":96.0},{"not_picked":["Underhanded Strike+1","Glass Knife","Dodge and Roll+1"],"picked":"SKIP","floor":98.0},{"not_picked":["Underhanded Strike","Flying Knee"],"picked":"Blade Dance","floor":100.0},{"not_picked":["Backflip","Dagger Spray","Cloak And Dagger"],"picked":"SKIP","floor":111.0},{"not_picked":["Deflect"],"picked":"Singing Bowl","floor":125.0},{"not_picked":["Backflip"],"picked":"Singing Bowl","floor":126.0},{"not_picked":["Venomology"],"picked":"Singing Bowl","floor":128.0},{"not_picked":["Prepared","Cloak And Dagger"],"picked":"Singing Bowl","floor":134.0},{"not_picked":["Venomology"],"picked":"After Image+1","floor":135.0},{"not_picked":["Deflect","Venomology"],"picked":"Singing Bowl","floor":139.0},{"not_picked":["PiercingWail+1","Prepared"],"picked":"Singing Bowl","floor":142.0},{"not_picked":["Bullet Time","Noxious Fumes+1"],"picked":"Singing Bowl","floor":144.0},{"not_picked":["Phantasmal Killer","Dagger Throw+1"],"picked":"Singing Bowl","floor":145.0},{"not_picked":["Tactician","Phantasmal Killer"],"picked":"Singing Bowl","floor":152.0},{"not_picked":["Distraction","Sucker Punch+1"],"picked":"Singing Bowl","floor":159.0},{"not_picked":["Underhanded Strike+1","Sucker Punch+1"],"picked":"Singing Bowl","floor":162.0},{"not_picked":["PiercingWail","Underhanded Strike+1"],"picked":"Singing Bowl","floor":167.0},{"not_picked":["Bullet Time","A Thousand Cuts+1"],"picked":"Singing Bowl","floor":169.0},{"not_picked":["Blur","Skewer+1"],"picked":"Singing Bowl","floor":173.0},{"not_picked":["Heel Hook+1","Escape Plan"],"picked":"Singing Bowl","floor":176.0},{"not_picked":["Cloak And Dagger","Outmaneuver+1"],"picked":"Singing Bowl","floor":177.0},{"not_picked":["Prepared","PiercingWail"],"picked":"Singing Bowl","floor":179.0},{"not_picked":["Dash+1","Phantasmal Killer"],"picked":"Singing Bowl","floor":181.0},{"not_picked":["Heel Hook+1","Deflect"],"picked":"Singing Bowl","floor":185.0},{"not_picked":["Wraith Form v2+1","Tools of the Trade+1"],"picked":"Singing Bowl","floor":186.0},{"not_picked":["Distraction","Unload+1"],"picked":"Singing Bowl","floor":193},{"not_picked":["Quick Slash+1","PiercingWail+1"],"picked":"Singing Bowl","floor":195},{"not_picked":["Poisoned Stab+1","Quick Slash+1"],"picked":"Singing Bowl","floor":196},{"not_picked":["After Image+1","Quick Slash+1"],"picked":"Singing Bowl","floor":198},{"not_picked":["Reflex+1","Dagger Spray+1"],"picked":"Singing Bowl","floor":199},{"not_picked":["Dagger Spray+1","Backflip"],"picked":"Singing Bowl","floor":201},{"not_picked":["Sucker Punch+1","Outmaneuver"],"picked":"Singing Bowl","floor":202},{"not_picked":["Tools of the Trade+1","Venomology"],"picked":"Singing Bowl","floor":203},{"not_picked":["Doppelganger","Sucker Punch+1"],"picked":"Singing Bowl","floor":213},{"not_picked":["Well Laid Plans+1","Dodge and Roll"],"picked":"Singing Bowl","floor":216},{"not_picked":["Outmaneuver"],"picked":"Infinite Blades+1","floor":218},{"not_picked":["Doppelganger","Die Die Die+1"],"picked":"Singing Bowl","floor":220},{"not_picked":["PiercingWail","Deflect"],"picked":"Singing Bowl","floor":221}],"player_experience":723300,"relics_obtained":[{"floor":1.0,"key":"Boot"},{"floor":2.0,"key":"Anchor"},{"floor":3.0,"key":"Tingsha"},{"floor":5.0,"key":"Blood Vial"},{"floor":7.0,"key":"Incense Burner"},{"floor":9.0,"key":"Omamori"},{"floor":12.0,"key":"Ninja Scroll"},{"floor":13.0,"key":"Odd Mushroom"},{"floor":14.0,"key":"Frozen Egg 2"},{"floor":16.0,"key":"Dead Branch"},{"floor":18.0,"key":"The Specimen"},{"floor":20.0,"key":"Blue Candle"},{"floor":21.0,"key":"Lantern"},{"floor":22.0,"key":"Strawberry"},{"floor":25.0,"key":"Dream Catcher"},{"floor":26.0,"key":"Orichalcum"},{"floor":27.0,"key":"Juzu Bracelet"},{"floor":31.0,"key":"Ice Cream"},{"floor":33.0,"key":"Bottled Flame"},{"floor":35.0,"key":"Bag of Preparation"},{"floor":36.0,"key":"Tough Bandages"},{"floor":39.0,"key":"Turnip"},{"floor":40.0,"key":"Bird Faced Urn"},{"floor":43.0,"key":"Prayer Wheel"},{"floor":44.0,"key":"Old Coin"},{"floor":46.0,"key":"Oddly Smooth Stone"},{"floor":50.0,"key":"Meat on the Bone"},{"floor":52.0,"key":"Bag of Marbles"},{"floor":55.0,"key":"Ginger"},{"floor":59.0,"key":"Gambling Chip"},{"floor":60.0,"key":"Whetstone"},{"floor":62.0,"key":"Regal Pillow"},{"floor":64.0,"key":"Ornamental Fan"},{"floor":67.0,"key":"Girya"},{"floor":69.0,"key":"Tiny Chest"},{"floor":84.0,"key":"Centennial Puzzle"},{"floor":86.0,"key":"Art of War"},{"floor":99.0,"key":"Vajra"},{"floor":101.0,"key":"Pantograph"},{"floor":103.0,"key":"Potion Belt"},{"floor":106.0,"key":"Smiling Mask"},{"floor":110.0,"key":"Bottled Tornado"},{"floor":113.0,"key":"Mercury Hourglass"},{"floor":114.0,"key":"Bronze Scales"},{"floor":116.0,"key":"Circlet"},{"floor":118.0,"key":"Pen Nib"},{"floor":120.0,"key":"Happy Flower"},{"floor":123.0,"key":"Molten Egg 2"},{"floor":130.0,"key":"Enchiridion"},{"floor":133.0,"key":"Paper Crane"},{"floor":135.0,"key":"Darkstone Periapt"},{"floor":137.0,"key":"Du-Vu Doll"},{"floor":139.0,"key":"Sundial"},{"floor":141.0,"key":"Peace Pipe"},{"floor":148.0,"key":"Circlet"},{"floor":150.0,"key":"Circlet"},{"floor":152.0,"key":"Circlet"},{"floor":154.0,"key":"Bottled Lightning"},{"floor":157.0,"key":"Dodecahedron"},{"floor":161.0,"key":"Mummified Hand"},{"floor":167.0,"key":"Thread and Needle"},{"floor":169.0,"key":"Circlet"},{"floor":171.0,"key":"Circlet"},{"floor":173.0,"key":"Red Mask"},{"floor":174.0,"key":"Circlet"},{"floor":184.0,"key":"Circlet"},{"floor":186.0,"key":"Circlet"},{"floor":188.0,"key":"Circlet"},{"floor":190.0,"key":"Circlet"},{"floor":203,"key":"Circlet"},{"floor":205,"key":"Shuriken"},{"floor":211,"key":"Circlet"},{"floor":212,"key":"Circlet"},{"floor":220,"key":"Circlet"}],"event_choices":[{"event_name":"Golden Wing","player_choice":"Card Removal","floor":8.0,"damage_taken":0.0},{"event_name":"The Cleric","player_choice":"Card Removal","floor":10.0,"damage_taken":0.0},{"event_name":"Mushrooms","player_choice":"Fought Mushrooms","floor":13.0,"damage_taken":0.0},{"event_name":"Beggar","player_choice":"Gave Gold","floor":24.0,"damage_taken":0.0},{"event_name":"Duplicator","player_choice":"One dupe","floor":28.0,"damage_taken":0.0},{"event_name":"MindBloom","player_choice":"Fight","floor":36.0,"damage_taken":0.0},{"event_name":"The Woman in Blue","player_choice":"Bought 0 Potions","floor":37.0,"damage_taken":0.0},{"event_name":"Falling","player_choice":"Removed Attack","floor":38.0,"damage_taken":0.0},{"event_name":"Tomb of Lord Red Mask","player_choice":"Ignored","floor":41.0,"damage_taken":0.0},{"event_name":"Upgrade Shrine","player_choice":"Upgraded","floor":48.0,"damage_taken":0.0},{"event_name":"The Lab","player_choice":"Got Potions","floor":54.0,"damage_taken":0.0},{"event_name":"Shining Light","player_choice":"Ignored","floor":56.0,"damage_taken":0.0},{"event_name":"Dead Adventurer","player_choice":"Searched \u00271\u0027 times","floor":61.0,"damage_taken":0.0},{"event_name":"Golden Idol","player_choice":"Take Damage","floor":65.0,"damage_taken":0.0},{"event_name":"Forgotten Altar","player_choice":"Gave Idol","floor":70.0,"damage_taken":0.0},{"event_name":"N\u0027loth","player_choice":"Traded a Turnip","floor":71.0,"damage_taken":0.0},{"event_name":"Wheel of Change","player_choice":"Damage","floor":72.0,"damage_taken":0.0},{"event_name":"Vampires","player_choice":"Ignored","floor":73.0,"damage_taken":0.0},{"event_name":"The Library","player_choice":"Heal","floor":82.0,"damage_taken":0.0},{"event_name":"Tomb of Lord Red Mask","player_choice":"Ignored","floor":87.0,"damage_taken":0.0},{"event_name":"Winding Halls","player_choice":"Writhe","floor":88.0,"damage_taken":0.0},{"event_name":"SecretPortal","player_choice":"Rejected Portal.","floor":89.0,"damage_taken":0.0},{"event_name":"Duplicator","player_choice":"One dupe","floor":92.0,"damage_taken":0.0},{"event_name":"Falling","player_choice":"Removed Attack","floor":97.0,"damage_taken":0.0},{"event_name":"Scrap Ooze","player_choice":"success","floor":105.0,"damage_taken":12.0},{"event_name":"FaceTrader","player_choice":"Trade","floor":107.0,"damage_taken":0.0},{"event_name":"Purifier","player_choice":"One Purge","floor":112.0,"damage_taken":0.0},{"event_name":"Mushrooms","player_choice":"Fought Mushrooms","floor":116.0,"damage_taken":0.0},{"event_name":"Duplicator","player_choice":"Ignored","floor":121.0,"damage_taken":0.0},{"event_name":"Nest","player_choice":"Stole From Cult","floor":122.0,"damage_taken":0.0},{"event_name":"Vampires","player_choice":"Ignored","floor":127.0,"damage_taken":0.0},{"event_name":"Cursed Tome","player_choice":"Obtained Book","floor":130.0,"damage_taken":0.0},{"event_name":"Drug Dealer","player_choice":"Ignored","floor":131.0,"damage_taken":0.0},{"event_name":"Tomb of Lord Red Mask","player_choice":"Ignored","floor":138.0,"damage_taken":0.0},{"event_name":"Mysterious Sphere","player_choice":"Fight","floor":139.0,"damage_taken":0.0},{"event_name":"Winding Halls","player_choice":"Writhe","floor":140.0,"damage_taken":0.0},{"event_name":"MindBloom","player_choice":"Heal","floor":147.0,"damage_taken":0.0},{"event_name":"Falling","player_choice":"Removed Power","floor":149.0,"damage_taken":0.0},{"event_name":"Big Fish","player_choice":"Box","floor":156.0,"damage_taken":0.0},{"event_name":"World of Goop","player_choice":"Gather Gold","floor":158.0,"damage_taken":0.0},{"event_name":"The Cleric","player_choice":"Card Removal","floor":163.0,"damage_taken":0.0},{"event_name":"Scrap Ooze","player_choice":"success","floor":164.0,"damage_taken":3.0},{"event_name":"Golden Idol","player_choice":"Take Damage","floor":165.0,"damage_taken":0.0},{"event_name":"Dead Adventurer","player_choice":"Searched \u00272\u0027 times","floor":167.0,"damage_taken":0.0},{"event_name":"Beggar","player_choice":"Ignored","floor":183.0,"damage_taken":0.0},{"event_name":"MindBloom","player_choice":"Upgrade","floor":189.0,"damage_taken":0.0},{"event_name":"The Moai Head","player_choice":"Gave Idol","floor":192.0,"damage_taken":0.0},{"event_name":"Tomb of Lord Red Mask","player_choice":"Wore Mask","floor":197,"damage_taken":0},{"event_name":"World of Goop","player_choice":"Left","floor":207,"damage_taken":0},{"event_name":"Golden Idol","player_choice":"Ignored","floor":209,"damage_taken":0},{"event_name":"Liars Game","player_choice":"agreed","floor":214,"damage_taken":0}],"is_beta":true,"boss_relics":[{"not_picked":["Eternal Feather","Velvet Choker"],"picked":"Empty Cage"},{"not_picked":["Lizard Tail","Calling Bell"],"picked":"Sozu"},{"not_picked":["Fusion Hammer","Snecko Eye"],"picked":"Cursed Key"},{"not_picked":["Tiny House","Runic Dome"],"picked":"Orrery"},{"not_picked":["Runic Pyramid","Fusion Hammer"],"picked":"Astrolabe"},{"not_picked":["Velvet Choker","Calling Bell"],"picked":"Ring of the Serpent"},{"not_picked":["Tiny House","Black Star"],"picked":"Busted Crown"},{"not_picked":["Runic Dome","Philosopher\u0027s Stone"],"picked":"White Beast Statue"},{"not_picked":["Calling Bell","Runic Pyramid"],"picked":"Fusion Hammer"},{"not_picked":["Snecko Eye","Philosopher\u0027s Stone"],"picked":"Lizard Tail"},{"not_picked":["Eternal Feather","Calling Bell"],"picked":"Pandora\u0027s Box"},{"not_picked":["Black Star","Runic Pyramid"],"picked":"Coffee Dripper"},{"not_picked":["Black Star","Runic Pyramid"],"picked":"Tiny House"}],"items_purged_floors":[45,104,109,124,132,143,146,155,206,208],"is_endless":true,"potions_floor_spawned":[2,3,5,7,14,16,18,25,39,44,46,50,59,62,67,69,84,93,96,99,106,113,114,118,123,128,135,137,139,141,142,144,145,148,150,152,154,157,159,161,162,167,167,169,171,173,174,177,179,181,184,186,188,190,193,196,198,201,203,205,211,212,213,216,218,220],"ascension_level":1}