{"gold_per_floor":[113,195,195,161,161,161,204,204,204,204,204,227,271,271,271,397,397,410,79,34,47,47,47,78,99,99,99,99,44,44,44,44,44],"floor_reached":33,"playtime":986,"items_purged":["Strike_R"],"score":345,"play_id":"592fca00-6e5f-48d9-8809-6588e5aed58a","local_time":"20190721132625","is_ascension_mode":true,"campfire_choices":[{"data":"Blood for Blood","floor":6,"key":"SMITH"},{"floor":8,"key":"REST"},{"data":"Bash","floor":10,"key":"SMITH"},{"floor":15,"key":"REST"},{"data":"True Grit","floor":23,"key":"SMITH"},{"floor":28,"key":"REST"},{"floor":32,"key":"REST"}],"neow_cost":"NONE","seed_source_timestamp":322285378673407,"circlet_count":0,"master_deck":["Strike_R","Strike_R","Strike_R+1","Defend_R","Defend_R","Defend_R","Defend_R","Bash+1","Cleave+1","Blood for Blood+1","Offering","Anger","Limit Break","Battle Trance+1","Flex","True Grit+1","Flame Barrier"],"relics":["Burning Blood","Gremlin Horn","Bloody Idol","Paper Frog","Gambling Chip","Charon\u0027s Ashes","Omamori","Velvet Choker","Kunai","Girya","Toxic Egg 2","Tiny Chest","Enchiridion"],"potions_floor_usage":[16,16,16],"damage_taken":[{"damage":1,"enemies":"Cultist","floor":1,"turns":3},{"damage":20,"enemies":"Gremlin Nob","floor":7,"turns":4},{"damage":0,"enemies":"2 Louse","floor":12,"turns":1},{"damage":30,"enemies":"Lagavulin","floor":13,"turns":4},{"damage":6,"enemies":"Hexaghost","floor":16,"turns":8},{"damage":25,"enemies":"Spheric Guardian","floor":18,"turns":4},{"damage":7,"enemies":"Chosen","floor":21,"turns":3},{"damage":24,"enemies":"Gremlin Leader","floor":24,"turns":3},{"damage":24,"enemies":"Snake Plant","floor":25,"turns":3},{"damage":54,"enemies":"Collector","floor":33,"turns":7}],"seed_played":"-8712900908551997484","potions_obtained":[{"floor":13,"key":"Dexterity Potion"},{"floor":14,"key":"LiquidBronze"},{"floor":14,"key":"Block Potion"},{"floor":16,"key":"Explosive Potion"},{"floor":21,"key":"Swift Potion"},{"floor":25,"key":"FearPotion"}],"is_trial":false,"path_per_floor":["M","T","?","$","?","R","E","R","T","R","?","M","E","?","R","B",null,"M","$","$","M","$","R","E","M","T","?","R","?","?","$","R","B"],"character_chosen":"IRONCLAD","items_purchased":["Blood for Blood","Kunai","Flex"],"campfire_rested":4,"item_purchase_floors":[4,19,20],"current_hp_per_floor":[77,77,57,57,41,41,27,51,51,51,39,45,21,21,45,45,71,52,52,52,51,51,51,33,15,15,15,39,44,28,28,52,0],"gold":44,"neow_bonus":"REMOVE_CARD","is_prod":false,"is_daily":false,"chose_seed":false,"campfire_upgraded":3,"win_rate":0,"timestamp":1563740785,"path_taken":["M","?","?","$","?","R","E","R","T","R","?","M","E","?","R","BOSS","M","?","$","?","$","R","E","M","T","?","R","?","?","?","R","BOSS"],"build_version":"2019-07-05","purchased_purges":1,"victory":false,"max_hp_per_floor":[80,80,80,80,80,80,80,80,80,80,80,80,80,80,80,80,80,80,80,80,80,80,80,80,80,80,80,80,80,80,80,80,80],"card_choices":[{"not_picked":["Heavy Blade","Sword Boomerang"],"picked":"Cleave","floor":1},{"not_picked":["Feel No Pain","True Grit"],"picked":"Offering","floor":7},{"not_picked":["Bloodletting","Body Slam","Thunderclap"],"picked":"SKIP","floor":12},{"not_picked":["Dual Wield","Wild Strike"],"picked":"Anger","floor":13},{"not_picked":["Offering","Berserk"],"picked":"Limit Break","floor":16},{"not_picked":["Carnage","Warcry+1"],"picked":"Battle Trance+1","floor":18},{"not_picked":["Body Slam","Rampage"],"picked":"True Grit","floor":21},{"not_picked":["Body Slam","Perfected Strike","Sword Boomerang"],"picked":"SKIP","floor":24},{"not_picked":["Hemokinesis+1","Warcry"],"picked":"Flame Barrier","floor":25}],"player_experience":76064,"relics_obtained":[{"floor":2,"key":"Gremlin Horn"},{"floor":7,"key":"Paper Frog"},{"floor":9,"key":"Gambling Chip"},{"floor":13,"key":"Omamori"},{"floor":24,"key":"Girya"},{"floor":26,"key":"Toxic Egg 2"},{"floor":30,"key":"Enchiridion"}],"event_choices":[{"damage_healed":0,"gold_gain":0,"player_choice":"Take Damage","damage_taken":20,"relics_obtained":["Golden Idol"],"max_hp_gain":0,"max_hp_loss":0,"event_name":"Golden Idol","floor":3,"gold_loss":0},{"damage_healed":0,"gold_gain":0,"player_choice":"Entered Light","damage_taken":16,"max_hp_gain":0,"max_hp_loss":0,"event_name":"Shining Light","floor":5,"gold_loss":0,"cards_upgraded":["Cleave","Strike_R"]},{"damage_healed":0,"gold_gain":0,"player_choice":"Success","damage_taken":12,"relics_obtained":["Charon\u0027s Ashes"],"max_hp_gain":0,"max_hp_loss":0,"event_name":"Scrap Ooze","floor":11,"gold_loss":0},{"damage_healed":0,"gold_gain":0,"player_choice":"Got Potions","damage_taken":0,"max_hp_gain":0,"max_hp_loss":0,"event_name":"Lab","floor":14,"gold_loss":0},{"damage_healed":0,"gold_gain":0,"player_choice":"Gave Idol","damage_taken":0,"relics_obtained":["Bloody Idol"],"max_hp_gain":0,"max_hp_loss":0,"event_name":"Forgotten Altar","floor":27,"relics_lost":["Golden Idol"],"gold_loss":0},{"damage_healed":0,"gold_gain":0,"player_choice":"Obtained Relic","damage_taken":0,"relics_obtained":["Tiny Chest"],"max_hp_gain":0,"max_hp_loss":0,"event_name":"Addict","floor":29,"gold_loss":85},{"damage_healed":0,"gold_gain":0,"player_choice":"Obtained Book","damage_taken":16,"max_hp_gain":0,"max_hp_loss":0,"event_name":"Cursed Tome","floor":30,"gold_loss":0}],"is_beta":false,"boss_relics":[{"not_picked":["Sozu","Astrolabe"],"picked":"Velvet Choker"}],"items_purged_floors":[19],"is_endless":false,"potions_floor_spawned":[13,16,21,25],"killed_by":"Collector","ascension_level":6}