{"gold_per_floor":[17,17,17,17,33,33,4,16,16,16,50,62,62,22,22,22],"floor_reached":16,"playtime":406,"items_purged":[],"score":191,"play_id":"df4533f8-7b50-4061-942c-ef81cbcf3683","local_time":"20190222170413","is_ascension_mode":true,"campfire_choices":[{"data":"Zap","floor":6.0,"key":"SMITH"},{"data":"Loop","floor":10.0,"key":"SMITH"},{"floor":13.0,"key":"DIG"},{"floor":15.0,"key":"DIG"}],"neow_cost":"NO_GOLD","seed_source_timestamp":1333361786018183,"circlet_count":0,"master_deck":["AscendersBane","Strike_B","Strike_B","Strike_B","Strike_B","Defend_B","Defend_B","Defend_B","Defend_B","Zap+1","Dualcast","Sweeping Beam","Compile Driver","Loop+1","Conserve Battery"],"special_seed":0,"relics":["Cracked Core","Dead Branch","Symbiotic Virus","Emotion Chip","Shovel","Mummified Hand","Happy Flower"],"potions_floor_usage":[],"damage_taken":[{"damage":2.0,"enemies":"Jaw Worm","floor":1.0,"turns":3.0},{"damage":4.0,"enemies":"Small Slimes","floor":5.0,"turns":4.0},{"damage":4.0,"enemies":"2 Louse","floor":8.0,"turns":2.0},{"damage":20.0,"enemies":"3 Sentries","floor":11.0,"turns":5.0},{"damage":6.0,"enemies":"Blue Slaver","floor":12.0,"turns":4.0},{"damage":17,"enemies":"The Guardian","floor":16,"turns":7}],"seed_played":"-3175018311356862867","potions_obtained":[{"floor":8.0,"key":"Dexterity Potion"},{"floor":11.0,"key":"Block Potion"}],"is_trial":false,"path_per_floor":["M","?","$","?","M","R","$","M","T","R","E","M","R","?","R","B"],"character_chosen":"DEFECT","items_purchased":["Compile Driver"],"campfire_rested":0,"item_purchase_floors":[7],"current_hp_per_floor":[62,62,62,51,47,47,47,43,43,43,23,17,17,17,17,0],"gold":22,"neow_bonus":"ONE_RARE_RELIC","is_prod":false,"is_daily":false,"chose_seed":false,"campfire_upgraded":2,"win_rate":0,"timestamp":1550851453,"path_taken":["M","?","$","?","M","R","$","M","T","R","E","M","R","?","R","BOSS"],"build_version":"2019-01-23","purchased_purges":0,"victory":false,"max_hp_per_floor":[71,71,71,71,71,71,71,71,71,71,71,71,71,71,71,71],"card_choices":[{"not_picked":["Rebound","Beam Cell"],"picked":"Sweeping Beam","floor":1.0},{"not_picked":["Reprogram","Steam Power","Storm"],"picked":"SKIP","floor":5.0},{"not_picked":["Heatsinks","Steam"],"picked":"Loop","floor":8.0},{"not_picked":["Hologram","Meteor Strike","Barrage"],"picked":"SKIP","floor":11.0},{"not_picked":["Go for the Eyes","Beam Cell"],"picked":"Conserve Battery","floor":12.0}],"player_experience":864773,"relics_obtained":[{"floor":9.0,"key":"Emotion Chip"},{"floor":11.0,"key":"Shovel"},{"floor":13.0,"key":"Mummified Hand"},{"floor":15.0,"key":"Happy Flower"}],"event_choices":[{"damage_healed":0.0,"max_hp_gain":0.0,"max_hp_loss":0.0,"gold_gain":0.0,"event_name":"Shining Light","player_choice":"Ignored","floor":2.0,"gold_loss":0.0,"damage_taken":0.0},{"damage_healed":0.0,"max_hp_gain":0.0,"max_hp_loss":0.0,"gold_gain":0.0,"event_name":"Scrap Ooze","player_choice":"Success","floor":4.0,"gold_loss":0.0,"damage_taken":11.0,"relics_obtained":["Symbiotic Virus"]},{"damage_healed":0.0,"max_hp_gain":0.0,"max_hp_loss":0.0,"gold_gain":0.0,"event_name":"World of Goop","player_choice":"Left Gold","floor":14.0,"gold_loss":40.0,"damage_taken":0.0}],"is_beta":false,"boss_relics":[],"items_purged_floors":[],"is_endless":false,"potions_floor_spawned":[8,11],"killed_by":"The Guardian","ascension_level":19}