{"gold_per_floor":[117,42,0,17,17,17,46,59,85,100,100,100,116,116,116,116],"floor_reached":16,"playtime":222,"items_purged":["Strike_R"],"score":250,"play_id":"ff67d83b-aad2-4adc-8036-2dd1ece4b951","local_time":"20190228104052","is_ascension_mode":true,"campfire_choices":[{"data":"Bash","floor":6,"key":"SMITH"},{"data":"Metallicize","floor":12,"key":"SMITH"},{"data":"Spot Weakness","floor":15,"key":"SMITH"}],"neow_cost":"NONE","seed_source_timestamp":15796173071243,"circlet_count":0,"master_deck":["AscendersBane","Strike_R","Strike_R","Strike_R","Strike_R","Defend_R","Defend_R","Defend_R","Defend_R","Bash+1","Metallicize+1","Spot Weakness+1","Cleave"],"relics":["Burning Blood","NeowsBlessing","Juzu Bracelet","Bag of Marbles","Golden Idol"],"potions_floor_usage":[],"damage_taken":[{"damage":0,"enemies":"Cultist","floor":1,"turns":1},{"damage":0,"enemies":"Small Slimes","floor":4,"turns":1},{"damage":0,"enemies":"3 Sentries","floor":7,"turns":2},{"damage":9,"enemies":"2 Louse","floor":8,"turns":4},{"damage":11,"enemies":"Blue Slaver","floor":10,"turns":3},{"damage":16,"enemies":"2 Fungi Beasts","floor":13,"turns":3},{"damage":68,"enemies":"Slime Boss","floor":16,"turns":6}],"seed_played":"-7469028315537040897","potions_obtained":[{"floor":8,"key":"LiquidBronze"}],"is_trial":false,"path_per_floor":["M","$","$","M","?","R","E","M","T","M","?","R","M","?","R","B"],"character_chosen":"IRONCLAD","items_purchased":["Metallicize"],"campfire_rested":0,"item_purchase_floors":[3],"current_hp_per_floor":[74,74,74,75,80,80,80,77,77,72,72,72,62,62,62,0],"gold":116,"neow_bonus":"THREE_ENEMY_KILL","is_prod":false,"is_daily":false,"chose_seed":false,"campfire_upgraded":3,"win_rate":0,"timestamp":1551346852,"path_taken":["M","?","$","M","?","R","E","M","T","M","?","R","M","?","R","BOSS"],"build_version":"2019-01-23","purchased_purges":1,"victory":false,"max_hp_per_floor":[75,75,75,75,80,80,80,80,80,80,72,72,72,72,72,72],"card_choices":[{"not_picked":["Warcry","Sword Boomerang","Blood for Blood"],"picked":"SKIP","floor":1},{"not_picked":["Feel No Pain","Perfected Strike"],"picked":"Spot Weakness","floor":4},{"not_picked":["Body Slam","Clothesline","Second Wind"],"picked":"SKIP","floor":7},{"not_picked":["True Grit","Twin Strike"],"picked":"Cleave","floor":8},{"not_picked":["Disarm","Perfected Strike","Wild Strike"],"picked":"SKIP","floor":10},{"not_picked":["Second Wind","Blood for Blood","Brutality"],"picked":"SKIP","floor":13}],"player_experience":914744,"relics_obtained":[{"floor":7,"key":"Juzu Bracelet"},{"floor":9,"key":"Bag of Marbles"}],"event_choices":[{"damage_healed":0,"gold_gain":0,"player_choice":"Donut","damage_taken":0,"max_hp_gain":5,"max_hp_loss":0,"event_name":"Big Fish","floor":5,"gold_loss":0},{"damage_healed":0,"gold_gain":0,"player_choice":"Lose Max HP","damage_taken":0,"relics_obtained":["Golden Idol"],"max_hp_gain":0,"max_hp_loss":8,"event_name":"Golden Idol","floor":11,"gold_loss":0},{"damage_healed":0,"gold_gain":0,"player_choice":"Ignored","damage_taken":0,"max_hp_gain":0,"max_hp_loss":0,"event_name":"Shining Light","floor":14,"gold_loss":0}],"is_beta":false,"boss_relics":[],"items_purged_floors":[2],"is_endless":false,"potions_floor_spawned":[8],"killed_by":"Slime Boss","ascension_level":20}