{"gold_per_floor":[112,112,122,138,157,188,199,199,199,54,19,19,19,49,49,49],"floor_reached":16,"playtime":794,"items_purged":["Strike_G"],"score":121,"play_id":"279f5289-3753-4063-962c-f88d76dc0cf1","local_time":"20190729202614","is_ascension_mode":true,"campfire_choices":[{"floor":8,"key":"REST"},{"data":"Footwork","floor":13,"key":"SMITH"},{"floor":15,"key":"REST"}],"neow_cost":"NONE","seed_source_timestamp":453608535791953,"circlet_count":0,"master_deck":["Strike_G","Strike_G","Strike_G","Strike_G","Defend_G","Defend_G","Defend_G","Defend_G","Defend_G","Survivor","Neutralize","Flechettes","Dagger Throw","Footwork+1","Cloak And Dagger","Crippling Poison","Infinite Blades","Catalyst","Skewer"],"relics":["Ring of the Snake","NeowsBlessing","Snake Skull","Gambling Chip","Question Card"],"potions_floor_usage":[16,16],"damage_taken":[{"damage":0,"enemies":"Cultist","floor":1,"turns":1},{"damage":0,"enemies":"Small Slimes","floor":3,"turns":1},{"damage":0,"enemies":"Jaw Worm","floor":4,"turns":1},{"damage":3,"enemies":"Looter","floor":5,"turns":4},{"damage":47,"enemies":"Gremlin Nob","floor":6,"turns":6},{"damage":0,"enemies":"2 Fungi Beasts","floor":7,"turns":4},{"damage":27,"enemies":"Lagavulin","floor":14,"turns":9},{"damage":54,"enemies":"Hexaghost","floor":16,"turns":16}],"seed_played":"5902288979643132786","potions_obtained":[{"floor":2,"key":"Block Potion"},{"floor":2,"key":"Ancient Potion"},{"floor":2,"key":"Dexterity Potion"}],"is_trial":false,"path_per_floor":["M","?","M","M","M","E","M","R","T","$","?","$","R","E","R","B"],"character_chosen":"THE_SILENT","items_purchased":["Catalyst"],"campfire_rested":2,"item_purchase_floors":[10],"current_hp_per_floor":[70,70,70,70,67,20,20,41,41,41,58,58,58,31,52,0],"gold":49,"neow_bonus":"THREE_ENEMY_KILL","is_prod":false,"is_daily":false,"chose_seed":false,"campfire_upgraded":1,"win_rate":0,"timestamp":1564449974,"path_taken":["M","?","M","M","M","E","?","R","T","?","?","$","R","E","R","BOSS"],"build_version":"2019-07-17","purchased_purges":1,"victory":false,"max_hp_per_floor":[70,70,70,70,70,70,70,70,70,70,70,70,70,70,70,70],"card_choices":[{"not_picked":["Deflect","Distraction"],"picked":"Flechettes","floor":1},{"not_picked":["Acrobatics","Prepared"],"picked":"Dagger Throw","floor":3},{"not_picked":["Acrobatics","Expertise"],"picked":"Footwork","floor":4},{"not_picked":["Bane","Masterful Stab"],"picked":"Cloak And Dagger","floor":5},{"not_picked":["Outmaneuver","Blade Dance"],"picked":"Crippling Poison","floor":6},{"not_picked":["Acrobatics","Quick Slash"],"picked":"Infinite Blades","floor":7},{"not_picked":["Doppelganger","Flying Knee"],"picked":"Skewer","floor":14}],"player_experience":146162,"relics_obtained":[{"floor":6,"key":"Snake Skull"},{"floor":9,"key":"Gambling Chip"},{"floor":14,"key":"Question Card"}],"event_choices":[{"damage_healed":0,"gold_gain":0,"player_choice":"Got Potions","damage_taken":0,"max_hp_gain":0,"max_hp_loss":0,"event_name":"Lab","floor":2,"gold_loss":0},{"damage_healed":17,"gold_gain":0,"player_choice":"Healed","damage_taken":0,"max_hp_gain":0,"max_hp_loss":0,"event_name":"The Cleric","floor":11,"gold_loss":35}],"is_beta":false,"boss_relics":[],"items_purged_floors":[10],"is_endless":false,"potions_floor_spawned":[3,5,6,7],"killed_by":"Hexaghost","ascension_level":2}