{"gold_per_floor":[112,112,23,37,51,51,51,70,94,94,129,129,149,181,181,181],"floor_reached":16,"playtime":408,"items_purged":[],"score":215,"play_id":"ece97705-d031-4fb1-9b91-bc5e757ea8ae","local_time":"20190222173041","is_ascension_mode":true,"campfire_choices":[{"data":"Zap","floor":6,"key":"SMITH"},{"data":"Defragment","floor":10,"key":"SMITH"},{"data":"Redo","floor":15,"key":"SMITH"}],"neow_cost":"NONE","seed_source_timestamp":1334982218555093,"circlet_count":0,"master_deck":["AscendersBane","Strike_B","Strike_B","Defend_B","Defend_B","Defend_B","Defend_B","Zap+1","Dualcast","Auto Shields","Conserve Battery","Defragment+1","Loop","Sweeping Beam","Cold Snap","Decay","Redo+1"],"relics":["Cracked Core","NeowsBlessing","Vajra","Dream Catcher","Kunai"],"potions_floor_usage":[11,14],"damage_taken":[{"damage":0,"enemies":"Small Slimes","floor":1,"turns":2},{"damage":0,"enemies":"Cultist","floor":4,"turns":1},{"damage":0,"enemies":"Jaw Worm","floor":5,"turns":1},{"damage":11,"enemies":"Exordium Wildlife","floor":8,"turns":5},{"damage":5,"enemies":"3 Sentries","floor":11,"turns":6},{"damage":5,"enemies":"2 Fungi Beasts","floor":13,"turns":4},{"damage":21,"enemies":"Lagavulin","floor":14,"turns":8},{"damage":17,"enemies":"Slime Boss","floor":16,"turns":3}],"seed_played":"4470475704452669471","potions_obtained":[{"floor":4,"key":"PowerPotion"},{"floor":5,"key":"Ancient Potion"},{"floor":8,"key":"Weak Potion"},{"floor":14,"key":"GamblersBrew"}],"is_trial":false,"path_per_floor":["M","?","$","M","M","R","?","M","T","R","E","?","M","E","R","B"],"character_chosen":"DEFECT","items_purchased":["Defragment"],"campfire_rested":0,"item_purchase_floors":[3],"current_hp_per_floor":[64,64,64,64,64,64,57,46,46,46,41,41,36,15,15,0],"gold":181,"neow_bonus":"THREE_ENEMY_KILL","is_prod":false,"is_daily":false,"chose_seed":false,"campfire_upgraded":3,"win_rate":0,"timestamp":1550853041,"path_taken":["M","?","?","M","?","R","?","M","T","R","E","?","M","E","R","BOSS"],"build_version":"2019-01-23","purchased_purges":0,"victory":false,"max_hp_per_floor":[71,71,71,71,71,71,71,71,71,71,71,71,71,71,71,71],"card_choices":[{"not_picked":["Gash","Reinforced Body"],"picked":"Auto Shields","floor":1},{"not_picked":["Barrage","Streamline"],"picked":"Loop","floor":4},{"not_picked":["Leap","Sunder"],"picked":"Sweeping Beam","floor":5},{"not_picked":["Lockon","Reprogram"],"picked":"Cold Snap","floor":8},{"not_picked":["Hyperbeam","Recycle","Sweeping Beam"],"picked":"SKIP","floor":11},{"not_picked":["Rebound","Conserve Battery"],"picked":"Redo","floor":13},{"not_picked":["Gash","Leap","Reprogram"],"picked":"SKIP","floor":14}],"player_experience":866103,"relics_obtained":[{"floor":9,"key":"Vajra"},{"floor":11,"key":"Dream Catcher"},{"floor":14,"key":"Kunai"}],"event_choices":[{"damage_healed":0,"gold_gain":0,"cards_transformed":["Strike_B"],"player_choice":"Transformed","damage_taken":0,"max_hp_gain":0,"max_hp_loss":0,"event_name":"Transmorgrifier","floor":2,"gold_loss":0,"cards_obtained":["Conserve Battery"]},{"cards_removed":["Strike_B"],"damage_healed":0,"gold_gain":0,"player_choice":"Card Removal","damage_taken":7,"max_hp_gain":0,"max_hp_loss":0,"event_name":"Golden Wing","floor":7,"gold_loss":0},{"damage_healed":0,"gold_gain":0,"player_choice":"Cursed","damage_taken":0,"max_hp_gain":0,"max_hp_loss":0,"event_name":"Wheel of Change","floor":12,"gold_loss":0,"cards_obtained":["Decay"]}],"is_beta":false,"boss_relics":[],"items_purged_floors":[],"is_endless":false,"potions_floor_spawned":[4,5,8,14],"killed_by":"Slime Boss","ascension_level":19}