{"gold_per_floor":[159,174,174,194,194,194,194,205,231,245,256,270,270,302,302,398,398,323],"floor_reached":18,"playtime":858,"items_purged":[],"score":198,"play_id":"0dca1810-87fa-4c01-a4a3-a517d9637750","local_time":"20190110151357","is_ascension_mode":true,"campfire_choices":[{"data":"Neutralize","floor":6,"key":"SMITH"},{"data":"Footwork","floor":13,"key":"SMITH"},{"floor":15,"key":"RECALL"}],"neow_cost":"NONE","seed_source_timestamp":303627281208064,"circlet_count":0,"master_deck":["Defend_G","Defend_G","Defend_G","Defend_G","Strike_G","Strike_G+1","Survivor","Neutralize+1","Slice","Blur","PiercingWail","Dagger Throw","Footwork+1","Endless Agony","Burst"],"relics":["Tiny House","PreservedInsect","Pen Nib","Empty Cage"],"potions_floor_usage":[8,8,14,14],"damage_taken":[{"damage":1,"enemies":"Jaw Worm","floor":1,"turns":4},{"damage":7,"enemies":"Small Slimes","floor":2,"turns":4},{"damage":0,"enemies":"2 Louse","floor":4,"turns":3},{"damage":0,"enemies":"Gremlin Gang","floor":8,"turns":6},{"damage":3,"enemies":"Exordium Wildlife","floor":10,"turns":9},{"damage":2,"enemies":"Red Slaver","floor":11,"turns":4},{"damage":9,"enemies":"Large Slime","floor":12,"turns":9},{"damage":0,"enemies":"Gremlin Nob","floor":14,"turns":2},{"damage":8,"enemies":"The Guardian","floor":16,"turns":21},{"damage":5,"enemies":"2 Thieves","floor":18,"turns":4}],"seed_played":"6526435929870049198","potions_obtained":[{"floor":0,"key":"AttackPotion"},{"floor":2,"key":"EssenceOfSteel"},{"floor":4,"key":"FearPotion"},{"floor":10,"key":"Poison Potion"},{"floor":11,"key":"EssenceOfSteel"},{"floor":12,"key":"Fire Potion"}],"is_trial":false,"path_per_floor":["M","M","?","M","?","R","?","M","T","M","M","M","R","E","R","B",null,"M"],"character_chosen":"THE_SILENT","items_purchased":[],"campfire_rested":0,"item_purchase_floors":[],"current_hp_per_floor":[74,67,72,72,72,72,72,72,72,69,67,58,58,58,58,50,80,75],"gold":323,"neow_bonus":"BOSS_RELIC","is_prod":false,"is_daily":false,"chose_seed":false,"campfire_upgraded":2,"win_rate":0,"timestamp":1547129637,"path_taken":["M","M","?","M","?","R","?","?","T","M","M","M","R","E","R","BOSS","M"],"build_version":"2019-01-03v4","purchased_purges":0,"victory":false,"max_hp_per_floor":[75,75,80,80,80,80,80,80,80,80,80,80,80,80,80,80,80,80],"card_choices":[{"not_picked":["Deadly Poison","Quick Slash"],"picked":"Slice","floor":0},{"not_picked":["Bane","Poisoned Stab"],"picked":"Blur","floor":1},{"not_picked":["Caltrops","Backstab"],"picked":"PiercingWail","floor":2},{"not_picked":["Deadly Poison","Flying Knee"],"picked":"Dagger Throw","floor":4},{"not_picked":["Quick Slash","Underhanded Strike","Dodge and Roll"],"picked":"SKIP","floor":8},{"not_picked":["Endless Agony","Dodge and Roll","Outmaneuver"],"picked":"SKIP","floor":10},{"not_picked":["Dodge and Roll","Outmaneuver"],"picked":"Endless Agony","floor":10},{"not_picked":["Deadly Poison","Dodge and Roll","Bane"],"picked":"SKIP","floor":11},{"not_picked":["Escape Plan","Bane","Blade Dance"],"picked":"SKIP","floor":12},{"not_picked":["Riddle With Holes","Escape Plan","Underhanded Strike"],"picked":"SKIP","floor":14},{"not_picked":["Die Die Die","Grand Finale"],"picked":"Burst","floor":16}],"player_experience":675698,"relics_obtained":[{"floor":9,"key":"PreservedInsect"},{"floor":14,"key":"Pen Nib"}],"event_choices":[{"damage_healed":0,"gold_gain":0,"player_choice":"Donut","damage_taken":0,"max_hp_gain":5,"max_hp_loss":0,"event_name":"Big Fish","floor":3,"gold_loss":0},{"cards_removed":["Strike_G"],"damage_healed":0,"gold_gain":0,"player_choice":"Forget","damage_taken":0,"max_hp_gain":0,"max_hp_loss":0,"event_name":"Living Wall","floor":5,"gold_loss":0},{"damage_healed":0,"gold_gain":0,"cards_transformed":["Strike_G"],"player_choice":"Transformed","damage_taken":0,"max_hp_gain":0,"max_hp_loss":0,"event_name":"Transmorgrifier","floor":7,"gold_loss":0,"cards_obtained":["Footwork"]}],"is_beta":false,"boss_relics":[{"not_picked":["Ectoplasm","Fusion Hammer"],"picked":"Empty Cage"}],"items_purged_floors":[],"is_endless":false,"potions_floor_spawned":[2,4,10,11,12],"killed_by":"2 Thieves","ascension_level":1}