{"path_per_floor":["M","?","M","?","M","?","$","R","T","M","?","R","E","$","R","B",null,"M","M","?","?","?","R"],"character_chosen":"DEFECT","items_purchased":["Apotheosis","Capacitor"],"gold_per_floor":[112,112,125,200,223,223,30,30,30,45,75,75,113,68,68,194,194,218,236,236,186,0,0,0],"floor_reached":24,"campfire_rested":1,"playtime":697,"current_hp_per_floor":[75,57,57,46,45,45,45,45,45,45,45,45,30,30,30,26,75,57,16,16,16,16,46,0],"items_purged":[],"gold":0,"score":202,"play_id":"06d8d978-6ac8-4039-99c0-e431b2e69fbd","local_time":"20180503232342","is_prod":false,"is_daily":false,"chose_seed":false,"is_ascension_mode":true,"campfire_upgraded":3,"timestamp":1525382622,"path_taken":["M","?","?","?","M","?","?","R","T","M","?","R","E","$","R","BOSS","M","M","?","?","?","R","E"],"build_version":"2018-05-02","seed_source_timestamp":656849127450369,"purchased_purges":0,"victory":false,"master_deck":["Strike_B","Strike_B","Strike_B","Strike_B","Defend_B","Defend_B","Defend_B","Defend_B","Zap+1","Dualcast","Fission","Conserve Battery","Darkness","Barrage","Apotheosis+1","Hologram","Reboot","Capacitor+1","Prime","Lockon+1","Skim+1"],"max_hp_per_floor":[75,75,75,75,75,75,75,75,75,75,75,75,75,75,75,75,75,75,75,75,75,75,75,75],"relics":["Cracked Core","Golden Idol","Lantern","Singing Bowl","Ice Cream","Eternal Feather"],"card_choices":[{"not_picked":["Go for the Eyes","Turbo"],"picked":"Conserve Battery","floor":1},{"not_picked":["Tempest","Doom and Gloom"],"picked":"Darkness","floor":3},{"not_picked":["Sweeping Beam","Go for the Eyes"],"picked":"Barrage","floor":5},{"not_picked":["Lockon","Sweeping Beam"],"picked":"Hologram","floor":10},{"not_picked":["Tempest","Darkness"],"picked":"Reboot","floor":13},{"not_picked":["Biased Cognition","Redo"],"picked":"Prime","floor":16},{"not_picked":["Barrage","Skim"],"picked":"Lockon","floor":18},{"not_picked":["Stack","Beam Cell"],"picked":"Skim","floor":19}],"player_experience":589883,"potions_floor_usage":[13,13,13],"damage_taken":[{"damage":0,"enemies":"Small Slimes","floor":1,"turns":3},{"damage":0,"enemies":"Jaw Worm","floor":3,"turns":3},{"damage":1,"enemies":"Cultist","floor":5,"turns":4},{"damage":0,"enemies":"Looter","floor":10,"turns":3},{"damage":18,"enemies":"Gremlin Nob","floor":13,"turns":3},{"damage":4,"enemies":"The Guardian","floor":16,"turns":10},{"damage":18,"enemies":"Spheric Guardian","floor":18,"turns":4},{"damage":41,"enemies":"Shell Parasite","floor":19,"turns":7},{"damage":49,"enemies":"Slavers","floor":24,"turns":2}],"event_choices":[{"event_name":"Golden Idol","player_choice":"Take Damage","floor":2,"damage_taken":0},{"event_name":"World of Goop","player_choice":"Gather Gold","floor":4,"damage_taken":0},{"event_name":"Liars Game","player_choice":"disagreed","floor":6,"damage_taken":0},{"event_name":"Dead Adventurer","player_choice":"Searched \u00272\u0027 times","floor":11,"damage_taken":0},{"event_name":"Vampires","player_choice":"Ignored","floor":20,"damage_taken":0},{"event_name":"The Joust","player_choice":"Bet on Murderer","floor":21,"damage_taken":0}],"boss_relics":[{"not_picked":["Tiny House","Velvet Choker"],"picked":"Eternal Feather"}],"potions_floor_spawned":[3,5,10,13],"seed_played":"1517896225454040931","killed_by":"Slavers","ascension_level":1,"is_trial":false}