{"gold_per_floor":[110,124,124,134,181,181,211,211,292,318,192,225,240,251,251,354,354,368,400,416,331,421,421,452,468,468,797,797,812,823,838,838,933,933,947,994,1011,991,1007,1040,621,636,636,648,648,170,170,181,181,181],"floor_reached":51,"playtime":4777,"items_purged":["Strike_R","Strike_R","Strike_R"],"score":931,"play_id":"85ccdfcc-0fde-4f07-b818-43ec805dd815","local_time":"20190724023110","is_ascension_mode":true,"campfire_choices":[{"data":"Bash","floor":6.0,"key":"SMITH"},{"data":"Iron Wave","floor":8.0,"key":"SMITH"},{"data":"Limit Break","floor":15.0,"key":"SMITH"},{"data":"Uppercut","floor":23.0,"key":"SMITH"},{"data":"Battle Trance","floor":28,"key":"SMITH"},{"floor":32,"key":"REST"},{"floor":45,"key":"RECALL"},{"floor":47,"key":"REST"},{"floor":49,"key":"REST"}],"neow_cost":"NONE","seed_source_timestamp":1119668545832000,"circlet_count":0,"master_deck":["Strike_R","Strike_R","Defend_R","Defend_R","Defend_R","Defend_R","Bash+1","Iron Wave+1","Entrench","Blood for Blood","Limit Break+1","Uppercut+1","Cleave","Disarm","Barricade","Ghostly Armor+1","Offering","Spot Weakness+1","Entrench","Battle Trance+1","Limit Break","Heavy Blade","Flame Barrier+1","Demon Form","Flame Barrier+1","Headbutt","Impervious","Demon Form"],"special_seed":0,"relics":["Burning Blood","Bag of Marbles","Anchor","Bird Faced Urn","Question Card","Red Skull","Magic Flower","Snecko Eye","Red Mask","Ancient Tea Set","Mango","Regal Pillow","Old Coin","Fusion Hammer","Bronze Scales","Shuriken","Bottled Tornado","Champion Belt"],"potions_floor_usage":[27,33,33],"damage_taken":[{"damage":3.0,"enemies":"Small Slimes","floor":1.0,"turns":3.0},{"damage":6.0,"enemies":"Jaw Worm","floor":2.0,"turns":3.0},{"damage":4.0,"enemies":"2 Louse","floor":4.0,"turns":3.0},{"damage":16.0,"enemies":"3 Sentries","floor":7.0,"turns":8.0},{"damage":26.0,"enemies":"Lagavulin","floor":10.0,"turns":5.0},{"damage":20.0,"enemies":"Gremlin Nob","floor":12.0,"turns":4.0},{"damage":5.0,"enemies":"Exordium Wildlife","floor":13.0,"turns":3.0},{"damage":0.0,"enemies":"Blue Slaver","floor":14.0,"turns":2.0},{"damage":0.0,"enemies":"Slime Boss","floor":16.0,"turns":7.0},{"damage":0.0,"enemies":"3 Byrds","floor":18.0,"turns":7.0},{"damage":41.0,"enemies":"Masked Bandits","floor":19.0,"turns":6.0},{"damage":0.0,"enemies":"Shell Parasite","floor":20.0,"turns":4.0},{"damage":32.0,"enemies":"Gremlin Leader","floor":24.0,"turns":4.0},{"damage":6,"enemies":"Centurion and Healer","floor":25,"turns":3},{"damage":16,"enemies":"Slavers","floor":27,"turns":4},{"damage":6,"enemies":"Snecko","floor":29,"turns":5},{"damage":14,"enemies":"Chosen and Byrds","floor":30,"turns":4},{"damage":20,"enemies":"3 Cultists","floor":31,"turns":4},{"damage":74,"enemies":"Collector","floor":33,"turns":8},{"damage":0,"enemies":"Orb Walker","floor":35,"turns":4},{"damage":39,"enemies":"2 Orb Walkers","floor":36,"turns":5},{"damage":6,"enemies":"3 Darklings","floor":37,"turns":5},{"damage":6,"enemies":"Jaw Worm Horde","floor":39,"turns":5},{"damage":0,"enemies":"Nemesis","floor":40,"turns":5},{"damage":0,"enemies":"Sphere and 2 Shapes","floor":42,"turns":4},{"damage":0,"enemies":"Spire Growth","floor":44,"turns":5},{"damage":0,"enemies":"Transient","floor":48,"turns":5},{"damage":6,"enemies":"Time Eater","floor":50,"turns":21}],"seed_played":"8262487899731006096","potions_obtained":[{"floor":7.0,"key":"Weak Potion"},{"floor":10.0,"key":"EssenceOfSteel"},{"floor":13.0,"key":"Swift Potion"},{"floor":18.0,"key":"Energy Potion"},{"floor":20.0,"key":"FairyPotion"},{"floor":25,"key":"Fire Potion"},{"floor":27,"key":"SkillPotion"},{"floor":31,"key":"SteroidPotion"},{"floor":35,"key":"Energy Potion"},{"floor":38,"key":"Weak Potion"}],"is_trial":false,"path_per_floor":["M","M","?","M","T","R","E","R","T","E","$","E","M","M","R","B",null,"M","?","M","?","?","R","E","M","T","E","R","M","M","M","R","B",null,"M","?","M","?","M","E","$","M","T","M","R","$","R","M","R","B",null],"character_chosen":"IRONCLAD","items_purchased":["Strength Potion","Impervious","Shuriken","SteroidPotion","Champion Belt"],"campfire_rested":3,"item_purchase_floors":[11,41,41,46,46],"current_hp_per_floor":[80,80,85,85,85,85,75,75,75,55,55,41,45,54,54,63,85,85,53,65,65,49,49,43,46,46,42,42,48,43,32,76,11,99,99,72,81,81,90,99,99,99,99,99,99,99,99,99,99,99],"gold":181,"neow_bonus":"RANDOM_COMMON_RELIC","is_prod":false,"is_daily":false,"chose_seed":false,"campfire_upgraded":5,"win_rate":0,"timestamp":1563960670,"path_taken":["M","M","?","M","?","R","E","R","T","E","$","E","M","M","R","BOSS","M","?","M","?","?","R","E","?","T","E","R","M","M","M","R","BOSS","M","?","M","?","?","E","$","M","T","M","R","$","R","M","R","BOSS"],"build_version":"2019-07-18","purchased_purges":3,"victory":true,"max_hp_per_floor":[80,80,85,85,85,85,85,85,85,85,85,85,85,85,85,85,85,85,85,85,85,85,85,99,99,99,99,99,99,99,99,99,99,99,99,99,99,99,99,99,99,99,99,99,99,99,99,99,99,99],"card_choices":[{"not_picked":["Twin Strike","Armaments","Reckless Charge"],"picked":"SKIP","floor":1.0},{"not_picked":["Twin Strike","Evolve"],"picked":"Iron Wave","floor":2.0},{"not_picked":["True Grit","Heavy Blade"],"picked":"Entrench","floor":4.0},{"not_picked":["Clash","Armaments"],"picked":"Blood for Blood","floor":7.0},{"not_picked":["Sword Boomerang","Heavy Blade","Twin Strike"],"picked":"Limit Break","floor":10.0},{"not_picked":["Headbutt","Entrench","Heavy Blade"],"picked":"Uppercut","floor":12.0},{"not_picked":["Armaments","Heavy Blade","Iron Wave"],"picked":"Cleave","floor":13.0},{"not_picked":["Sentinel","Pommel Strike","Perfected Strike"],"picked":"Disarm","floor":14.0},{"not_picked":["Berserk","Dark Embrace","Double Tap"],"picked":"Barricade","floor":16.0},{"not_picked":["Twin Strike","Warcry","Inflame"],"picked":"Ghostly Armor+1","floor":18.0},{"not_picked":["Pommel Strike","Clash","Twin Strike"],"picked":"Offering","floor":19.0},{"not_picked":["Ghostly Armor","Wild Strike","Dropkick"],"picked":"Spot Weakness+1","floor":20.0},{"not_picked":["Warcry","Anger","Iron Wave","Sever Soul"],"picked":"SKIP","floor":24.0},{"not_picked":["Twin Strike","Rampage","Disarm"],"picked":"Entrench","floor":25},{"not_picked":["Anger","Wild Strike","Sever Soul"],"picked":"Battle Trance","floor":27},{"not_picked":["Sentinel","Wild Strike","Rupture"],"picked":"Limit Break","floor":29},{"not_picked":["Feel No Pain","Flex+1","Whirlwind+1"],"picked":"Heavy Blade","floor":30},{"not_picked":["True Grit+1","Rampage","Seeing Red"],"picked":"Flame Barrier+1","floor":31},{"not_picked":["Reaper","Barricade","Bludgeon"],"picked":"Demon Form","floor":33},{"not_picked":["Shockwave+1","Shrug It Off+1","True Grit"],"picked":"Flame Barrier+1","floor":35},{"not_picked":["Pummel","Pommel Strike+1","Cleave"],"picked":"Headbutt","floor":36},{"not_picked":["Clash","Armaments+1","Rage","Clothesline+1"],"picked":"SKIP","floor":37},{"not_picked":["Combust+1","Clash","Searing Blow","Havoc+1"],"picked":"SKIP","floor":39},{"not_picked":["Bloodletting","Dropkick","Anger","Armaments+1"],"picked":"SKIP","floor":40},{"not_picked":["Rampage","Pommel Strike","Corruption+1"],"picked":"Demon Form","floor":42},{"not_picked":["Cleave","Clash","Sever Soul","Shrug It Off"],"picked":"SKIP","floor":44},{"not_picked":["Intimidate+1","Fire Breathing","Thunderclap","Warcry+1"],"picked":"SKIP","floor":48}],"player_experience":165067,"relics_obtained":[{"floor":5.0,"key":"Anchor"},{"floor":7.0,"key":"Bird Faced Urn"},{"floor":9.0,"key":"Question Card"},{"floor":10.0,"key":"Red Skull"},{"floor":12.0,"key":"Magic Flower"},{"floor":19.0,"key":"Red Mask"},{"floor":24.0,"key":"Mango"},{"floor":26,"key":"Regal Pillow"},{"floor":27,"key":"Old Coin"},{"floor":40,"key":"Bronze Scales"},{"floor":43,"key":"Bottled Tornado"}],"event_choices":[{"damage_healed":0.0,"max_hp_gain":5.0,"max_hp_loss":0.0,"gold_gain":0.0,"event_name":"Big Fish","player_choice":"Donut","floor":3.0,"gold_loss":0.0,"damage_taken":0.0},{"damage_healed":0.0,"max_hp_gain":0.0,"max_hp_loss":0.0,"gold_gain":0.0,"event_name":"Masked Bandits","player_choice":"Fought Bandits","floor":19.0,"gold_loss":0.0,"damage_taken":0.0},{"damage_healed":0.0,"max_hp_gain":0.0,"max_hp_loss":0.0,"gold_gain":0.0,"event_name":"Addict","player_choice":"Obtained Relic","floor":21.0,"gold_loss":85.0,"damage_taken":0.0,"relics_obtained":["Ancient Tea Set"]},{"damage_healed":0.0,"max_hp_gain":0.0,"max_hp_loss":0.0,"gold_gain":90.0,"event_name":"Knowing Skull","player_choice":"GOLD ","floor":22.0,"potions_obtained":[],"gold_loss":0.0,"damage_taken":16.0,"cards_obtained":[]},{"damage_healed":0,"gold_gain":0,"player_choice":"Fight","damage_taken":0,"max_hp_gain":0,"max_hp_loss":0,"event_name":"Mysterious Sphere","floor":36,"gold_loss":0},{"damage_healed":0,"gold_gain":0,"player_choice":"Bought 1 Potion","damage_taken":0,"max_hp_gain":0,"max_hp_loss":0,"event_name":"The Woman in Blue","floor":38,"gold_loss":0}],"is_beta":true,"boss_relics":[{"not_picked":["Orrery","Black Blood"],"picked":"Snecko Eye"},{"not_picked":["Calling Bell","Runic Pyramid"],"picked":"Fusion Hammer"}],"items_purged_floors":[11,41,46],"is_endless":false,"potions_floor_spawned":[7,10,13,18,20,25,27,31,35,44],"ascension_level":1}