{"path_per_floor":["M","?","M","M","T","E","M","E","T","$","?","M","?","M","R","B",null,"M","M","M","?","M","R"],"character_chosen":"IRONCLAD","items_purchased":["Jack Of All Trades","Strange Spoon"],"gold_per_floor":[119,119,139,150,173,198,214,240,321,17,0,19,19,31,31,135,135,146,165,184,184,198,198],"floor_reached":24,"campfire_rested":1,"playtime":5521,"current_hp_per_floor":[80,80,80,80,87,84,87,70,70,70,70,70,63,67,96,56,97,93,71,57,57,55,55],"items_purged":[],"gold":198,"play_id":"427e6fba-b615-4147-b6c7-a4d6ba2fa80c","is_prod":false,"is_daily":false,"is_ascension_mode":false,"campfire_upgraded":1,"path_taken":["M","?","M","M","?","E","M","E","T","?","?","M","?","?","R","BOSS","M","M","M","?","?","R","E"],"build_version":"2018-02-01-PROD3","purchased_purges":0,"victory":false,"master_deck":["Strike_R+1","Strike_R+1","Strike_R+1","Strike_R+1","Defend_R+1","Defend_R+1","Defend_R+1","Defend_R+1","Bash","Armaments+1","Iron Wave","Body Slam","Infernal Blade","Cleave","Jack Of All Trades+1","Warcry","Headbutt","Juggernaut","Pommel Strike","Pommel Strike","Perfected Strike+1","Perfected Strike"],"max_hp_per_floor":[80,80,80,80,87,97,97,97,97,97,97,97,97,97,97,97,97,97,97,97,97,97,97],"relics":["Burning Blood","Strawberry","Pear","Frozen Eye","Self Forming Clay","Strange Spoon","Mark of Pain"],"card_choices":[{"not_picked":["Searing Blow","Headbutt"],"picked":"Armaments"},{"not_picked":["Armaments","Twin Strike"],"picked":"Iron Wave"},{"not_picked":["Second Wind","Dual Wield"],"picked":"Body Slam"},{"not_picked":["Pommel Strike","Shrug It Off"],"picked":"Infernal Blade"},{"not_picked":["Bloodletting","Sever Soul"],"picked":"Cleave"},{"not_picked":["Dropkick","Thunderclap"],"picked":"Warcry"},{"not_picked":["Flex","Iron Wave"],"picked":"Headbutt"},{"not_picked":["Offering","Brutality"],"picked":"Juggernaut"},{"not_picked":["Iron Wave","Flame Barrier"],"picked":"Pommel Strike"},{"not_picked":["Clash","Iron Wave"],"picked":"Pommel Strike"},{"not_picked":["Flex","Cleave"],"picked":"Perfected Strike"},{"not_picked":["Rupture","Rage"],"picked":"Perfected Strike"}],"player_experience":987,"potions_floor_usage":[6,8,16,16,19,20,24],"damage_taken":[{"damage":5,"enemies":"Small Slimes","floor":1,"turns":5},{"damage":1,"enemies":"Cultist","floor":3,"turns":3},{"damage":2,"enemies":"Jaw Worm","floor":4,"turns":5},{"damage":19,"enemies":"3 Sentries","floor":6,"turns":7},{"damage":3,"enemies":"Exordium Thugs","floor":7,"turns":5},{"damage":23,"enemies":"Lagavulin","floor":8,"turns":6},{"damage":6,"enemies":"Looter","floor":12,"turns":3},{"damage":6,"enemies":"Large Slime","floor":14,"turns":7},{"damage":61,"enemies":"The Guardian","floor":16,"turns":9},{"damage":10,"enemies":"Shell Parasite","floor":18,"turns":5},{"damage":28,"enemies":"Chosen","floor":19,"turns":8},{"damage":20,"enemies":"Sentry and Sphere","floor":20,"turns":5},{"damage":8,"enemies":"Snecko","floor":22,"turns":5},{"damage":62,"enemies":"Slavers","floor":24,"turns":5}],"event_choices":[{"event_name":"Living Wall","player_choice":"Grow","floor":2,"damage_taken":0},{"event_name":"World of Goop","player_choice":"Left","floor":11,"damage_taken":0},{"event_name":"Golden Wing","player_choice":"Card Removal","floor":13,"damage_taken":0},{"event_name":"Back to Basics","player_choice":"Simplicity","floor":21,"damage_taken":0}],"boss_relics":[{"not_picked":["Lizard Tail","Tiny House"],"picked":"Mark of Pain"}],"potions_floor_spawned":[1,4,8,12,14,16,22],"seed_played":"-2888887978792534091","killed_by":"Slavers","ascension_level":0,"is_trial":false}