{"gold_per_floor":[116],"floor_reached":1,"playtime":102,"items_purged":[],"score":7,"play_id":"d5910044-ddb3-4b4c-a1ee-07f22e5165d0","local_time":"20190721235836","daily_mods":["Draft","Heirloom"],"is_ascension_mode":false,"campfire_choices":[],"neow_cost":"","seed_source_timestamp":359926097601340,"circlet_count":0,"master_deck":["Flex","Wild Strike","Carnage","Whirlwind","Seeing Red","Heavy Blade","Flame Barrier","Flex","Shrug It Off","Flex","Inflame","Shrug It Off","Iron Wave","Iron Wave","Thunderclap","Shrug It Off"],"relics":["Burning Blood","Prayer Wheel"],"potions_floor_usage":[],"damage_taken":[{"damage":0,"enemies":"2 Louse","floor":1,"turns":1}],"seed_played":"-6149695004967810191","potions_obtained":[{"floor":1,"key":"Energy Potion"}],"is_trial":true,"path_per_floor":["M"],"character_chosen":"IRONCLAD","items_purchased":[],"campfire_rested":0,"item_purchase_floors":[],"current_hp_per_floor":[80],"gold":116,"neow_bonus":"","is_prod":false,"is_daily":false,"chose_seed":false,"campfire_upgraded":0,"win_rate":0,"timestamp":1563778716,"path_taken":["M"],"build_version":"2019-07-05","purchased_purges":0,"victory":false,"max_hp_per_floor":[80],"card_choices":[{"not_picked":["Sever Soul","Iron Wave"],"picked":"Flex","floor":0},{"not_picked":["Body Slam","Evolve"],"picked":"Wild Strike","floor":0},{"not_picked":["Perfected Strike","Searing Blow"],"picked":"Carnage","floor":0},{"not_picked":["Perfected Strike","Wild Strike"],"picked":"Whirlwind","floor":0},{"not_picked":["Cleave","Fire Breathing"],"picked":"Seeing Red","floor":0},{"not_picked":["Sword Boomerang","Shockwave"],"picked":"Heavy Blade","floor":0},{"not_picked":["Twin Strike","Armaments"],"picked":"Flame Barrier","floor":0},{"not_picked":["True Grit","Heavy Blade"],"picked":"Flex","floor":0},{"not_picked":["Sword Boomerang","True Grit"],"picked":"Shrug It Off","floor":0},{"not_picked":["Armaments","Havoc"],"picked":"Flex","floor":0},{"not_picked":["Sentinel","Thunderclap"],"picked":"Inflame","floor":0},{"not_picked":["Cleave","Disarm"],"picked":"Shrug It Off","floor":0},{"not_picked":["Sword Boomerang","Twin Strike"],"picked":"Iron Wave","floor":0},{"not_picked":["Anger","Evolve"],"picked":"Iron Wave","floor":0},{"not_picked":["Metallicize","True Grit"],"picked":"Thunderclap","floor":0},{"not_picked":["Metallicize","Feel No Pain"],"picked":"Shrug It Off","floor":1}],"player_experience":100315,"relics_obtained":[],"event_choices":[],"is_beta":false,"boss_relics":[],"items_purged_floors":[],"is_endless":false,"potions_floor_spawned":[1],"killed_by":"2 Louse","ascension_level":0}