{"gold_per_floor":[112,126,126,126,139,139,172,172,195,195,195,270,294,294],"floor_reached":14,"playtime":315,"items_purged":[],"score":97,"play_id":"1cb19809-79b6-4ba6-997b-64d1a39ca789","local_time":"20190630200511","is_ascension_mode":true,"campfire_choices":[{"floor":6,"key":"RECALL"},{"floor":8,"key":"REST"},{"floor":11,"key":"REST"}],"neow_cost":"NONE","seed_source_timestamp":1478486141511335,"circlet_count":0,"master_deck":["Strike_R","Strike_R","Strike_R","Strike_R","Strike_R","Defend_R","Defend_R","Defend_R","Defend_R","Bash"],"relics":["Burning Blood","Anchor","Torii","Juzu Bracelet","Golden Idol"],"potions_floor_usage":[7,7],"damage_taken":[{"damage":6,"enemies":"Cultist","floor":1,"turns":4},{"damage":15,"enemies":"Small Slimes","floor":2,"turns":3},{"damage":11,"enemies":"Jaw Worm","floor":5,"turns":4},{"damage":39,"enemies":"Lagavulin","floor":7,"turns":4},{"damage":11,"enemies":"Looter","floor":13,"turns":3},{"damage":45,"enemies":"3 Sentries","floor":14,"turns":6}],"seed_played":"-4352420209535243232","potions_obtained":[{"floor":2,"key":"Strength Potion"},{"floor":5,"key":"PowerPotion"},{"floor":13,"key":"GamblersBrew"}],"is_trial":false,"path_per_floor":["M","M","?","?","M","R","E","R","T","?","R","?","M","E"],"character_chosen":"IRONCLAD","items_purchased":[],"campfire_rested":2,"item_purchase_floors":[],"current_hp_per_floor":[88,79,84,66,61,61,28,55,55,32,59,48,43,0],"gold":294,"neow_bonus":"TEN_PERCENT_HP_BONUS","is_prod":false,"is_daily":false,"chose_seed":false,"campfire_upgraded":0,"win_rate":0,"timestamp":1561939511,"path_taken":["M","?","?","?","M","R","E","R","T","?","R","?","M","E"],"build_version":"2019-01-23","purchased_purges":0,"victory":false,"max_hp_per_floor":[88,88,93,93,93,93,93,93,93,93,93,93,93,93],"card_choices":[{"not_picked":["Perfected Strike","Havoc","Burning Pact"],"picked":"SKIP","floor":1},{"not_picked":["Sword Boomerang","Burning Pact","Intimidate"],"picked":"SKIP","floor":2},{"not_picked":["Wild Strike","Perfected Strike","Feel No Pain"],"picked":"SKIP","floor":5},{"not_picked":["Flame Barrier","True Grit","Shrug It Off"],"picked":"SKIP","floor":7},{"not_picked":["Ghostly Armor","Wild Strike","Flex"],"picked":"SKIP","floor":13}],"player_experience":83750,"relics_obtained":[{"floor":7,"key":"Torii"},{"floor":9,"key":"Juzu Bracelet"}],"event_choices":[{"damage_healed":0,"gold_gain":0,"player_choice":"Donut","damage_taken":0,"max_hp_gain":5,"max_hp_loss":0,"event_name":"Big Fish","floor":3,"gold_loss":0},{"damage_healed":0,"gold_gain":0,"player_choice":"Success","damage_taken":18,"relics_obtained":["Anchor"],"max_hp_gain":0,"max_hp_loss":0,"event_name":"Scrap Ooze","floor":4,"gold_loss":0},{"damage_healed":0,"gold_gain":0,"player_choice":"Take Damage","damage_taken":23,"relics_obtained":["Golden Idol"],"max_hp_gain":0,"max_hp_loss":0,"event_name":"Golden Idol","floor":10,"gold_loss":0},{"damage_healed":0,"gold_gain":75,"player_choice":"Gather Gold","damage_taken":11,"max_hp_gain":0,"max_hp_loss":0,"event_name":"World of Goop","floor":12,"gold_loss":0}],"is_beta":false,"boss_relics":[],"items_purged_floors":[],"is_endless":false,"potions_floor_spawned":[2,5,13],"killed_by":"3 Sentries","ascension_level":2}