{"gold_per_floor":[113,113,113,24,24,24,59,78,103,131,131,149,149,38,38,109,109,120,8,18,18],"floor_reached":21,"playtime":646,"items_purged":["Strike_B"],"score":368,"play_id":"b47b0592-7c23-4f7a-bff8-fc3043674521","local_time":"20190113163252","is_ascension_mode":true,"campfire_choices":[{"data":"Zap","floor":6.0,"key":"SMITH"},{"data":"Redo","floor":13.0,"key":"SMITH"},{"data":"Dualcast","floor":15.0,"key":"SMITH"}],"neow_cost":"NONE","seed_source_timestamp":519040170637599,"circlet_count":0,"master_deck":["AscendersBane","Strike_B","Strike_B","Defend_B","Defend_B","Defend_B","Defend_B","Zap+1","Dualcast+1","Glacier","Compile Driver","Coolheaded+1","Redo+1","Static Discharge","Thunder Strike","Compile Driver","Capacitor","Melter"],"special_seed":0,"relics":["FrozenCore","NeowsBlessing","Singing Bowl","Art of War","Vajra"],"potions_floor_usage":[],"damage_taken":[{"damage":0.0,"enemies":"Jaw Worm","floor":1.0,"turns":1.0},{"damage":0.0,"enemies":"Gremlin Nob","floor":7.0,"turns":1.0},{"damage":0.0,"enemies":"2 Louse","floor":8.0,"turns":1.0},{"damage":18.0,"enemies":"3 Sentries","floor":10.0,"turns":9.0},{"damage":4.0,"enemies":"Small Slimes","floor":12.0,"turns":3.0},{"damage":32.0,"enemies":"The Guardian","floor":16.0,"turns":14.0},{"damage":15,"enemies":"Chosen","floor":18,"turns":9},{"damage":23,"enemies":"2 Thieves","floor":20,"turns":4},{"damage":41,"enemies":"3 Cultists","floor":21,"turns":5}],"seed_played":"6615095530783435924","potions_obtained":[{"floor":1.0,"key":"FearPotion"},{"floor":7.0,"key":"Fruit Juice"},{"floor":8.0,"key":"PowerPotion"}],"is_trial":false,"path_per_floor":["M","?","?","$","$","R","E","M","T","E","?","M","R","$","R","B",null,"M","$","M","M"],"character_chosen":"DEFECT","items_purchased":["Glacier","Compile Driver","Static Discharge","Capacitor","Melter"],"campfire_rested":0,"item_purchase_floors":[4,4,14,19,19],"current_hp_per_floor":[64,57,62,62,62,62,62,69,69,53,53,49,49,49,49,17,68,53,53,32,0],"gold":18,"neow_bonus":"THREE_ENEMY_KILL","is_prod":false,"is_daily":false,"chose_seed":false,"campfire_upgraded":3,"win_rate":0,"timestamp":1547393572,"path_taken":["M","?","?","?","$","R","E","M","T","E","?","M","R","$","R","BOSS","M","$","M","M"],"build_version":"2019-01-10","purchased_purges":1,"victory":false,"max_hp_per_floor":[71,71,76,76,76,76,76,83,83,85,85,85,85,85,85,85,85,85,85,87,87],"card_choices":[{"not_picked":["Steam Power","Double Energy","Tempest"],"picked":"SKIP","floor":1.0},{"not_picked":["Beam Cell","Lockon"],"picked":"Coolheaded","floor":7.0},{"not_picked":["Rebound","Beam Cell","Stack"],"picked":"Singing Bowl","floor":8.0},{"not_picked":["Stack","Beam Cell","Auto Shields"],"picked":"Singing Bowl","floor":10.0},{"not_picked":["Skim","Rebound"],"picked":"Redo","floor":12.0},{"not_picked":["Fission","Multi-Cast"],"picked":"Thunder Strike","floor":16.0},{"not_picked":["Scrape","Barrage"],"picked":"Compile Driver","floor":18},{"not_picked":["Compile Driver","Rebound+1","Streamline"],"picked":"Singing Bowl","floor":20}],"player_experience":724397,"relics_obtained":[{"floor":7.0,"key":"Singing Bowl"},{"floor":9.0,"key":"Art of War"},{"floor":10.0,"key":"Vajra"}],"event_choices":[{"cards_removed":["Strike_B"],"damage_healed":0.0,"max_hp_gain":0.0,"max_hp_loss":0.0,"gold_gain":0.0,"event_name":"Golden Wing","player_choice":"Card Removal","floor":2.0,"gold_loss":0.0,"damage_taken":7.0},{"damage_healed":0.0,"max_hp_gain":5.0,"max_hp_loss":0.0,"gold_gain":0.0,"event_name":"Big Fish","player_choice":"Donut","floor":3.0,"gold_loss":0.0,"damage_taken":0.0},{"damage_healed":0.0,"max_hp_gain":0.0,"max_hp_loss":0.0,"gold_gain":0.0,"event_name":"Accursed Blacksmith","player_choice":"Forge","floor":11.0,"gold_loss":0.0,"damage_taken":0.0,"cards_upgraded":["Coolheaded"]}],"is_beta":false,"boss_relics":[{"not_picked":["Lizard Tail","Astrolabe"],"picked":"FrozenCore"}],"items_purged_floors":[14],"is_endless":false,"potions_floor_spawned":[1,7,8],"killed_by":"3 Cultists","ascension_level":15}