{"path_per_floor":["M","?","M","?","M","E","R","E","T","R","?","$","R","$","R","B",null,"M","?","M","?","?","R"],"character_chosen":"DEFECT","items_purchased":["Capacitor","Tiny Chest","Coolheaded"],"gold_per_floor":[115,115,135,135,149,175,175,201,201,201,201,50,50,5,5,109,109,126,51,70,70,70,70,70],"floor_reached":24,"campfire_rested":1,"playtime":824,"current_hp_per_floor":[69,62,55,60,58,27,51,38,38,38,38,38,38,38,38,23,80,58,58,48,33,33,33,0],"items_purged":[],"gold":70,"score":230,"play_id":"2c76b0e3-9677-4cf3-aabe-acfdb5dead9b","local_time":"20180504083233","is_prod":false,"is_daily":false,"chose_seed":false,"is_ascension_mode":true,"campfire_upgraded":4,"timestamp":1525415553,"path_taken":["M","?","M","?","?","E","R","E","T","R","?","$","R","?","R","BOSS","M","?","M","?","?","R","E"],"build_version":"2018-05-02","seed_source_timestamp":12063359662061,"purchased_purges":0,"victory":false,"master_deck":["Zap+1","Dualcast+1","Ball Lightning","Cold Snap","Barrage+1","Reboot+1","BootSequence+1","Capacitor+1","Coolheaded+1","Redo+1","Turbo+1","Capacitor+1","Aggregate+1","Streamline","Stack+1","Turbo+1","Aggregate+1","Reprogram+1","Skim+1"],"max_hp_per_floor":[75,75,75,80,80,80,80,80,80,80,80,80,80,80,80,80,80,80,80,80,85,85,85,85],"relics":["Cracked Core","Dead Branch","Toxic Egg 2","Pen Nib","Blue Candle","Tiny Chest","Pandora\u0027s Box"],"card_choices":[{"not_picked":["Hologram","Impulse"],"picked":"Ball Lightning","floor":1},{"not_picked":["Leap","Storm"],"picked":"Cold Snap","floor":3},{"not_picked":["Self Repair","Streamline"],"picked":"Barrage","floor":5},{"not_picked":["Ball Lightning","Streamline"],"picked":"Reboot","floor":6},{"not_picked":["Heatsinks","Auto Shields"],"picked":"BootSequence","floor":8},{"not_picked":["Prime","Rainbow"],"picked":"Redo","floor":16},{"not_picked":["Sweeping Beam","Blizzard"],"picked":"Reprogram","floor":18},{"not_picked":["Hologram","Turbo"],"picked":"Skim","floor":20}],"player_experience":593652,"potions_floor_usage":[8],"damage_taken":[{"damage":6,"enemies":"Jaw Worm","floor":1,"turns":4},{"damage":7,"enemies":"Small Slimes","floor":3,"turns":2},{"damage":2,"enemies":"2 Louse","floor":5,"turns":2},{"damage":31,"enemies":"Lagavulin","floor":6,"turns":5},{"damage":13,"enemies":"3 Sentries","floor":8,"turns":4},{"damage":15,"enemies":"Hexaghost","floor":16,"turns":7},{"damage":22,"enemies":"2 Thieves","floor":18,"turns":3},{"damage":10,"enemies":"3 Byrds","floor":20,"turns":3},{"damage":40,"enemies":"Slavers","floor":24,"turns":3}],"event_choices":[{"event_name":"Scrap Ooze","player_choice":"success","floor":2,"damage_taken":7},{"event_name":"Big Fish","player_choice":"Donut","floor":4,"damage_taken":0},{"event_name":"Liars Game","player_choice":"disagreed","floor":11,"damage_taken":0},{"event_name":"Beggar","player_choice":"Gave Gold","floor":19,"damage_taken":0},{"event_name":"Forgotten Altar","player_choice":"Shed Blood","floor":21,"damage_taken":0},{"event_name":"Drug Dealer","player_choice":"Ignored","floor":22,"damage_taken":0}],"boss_relics":[{"not_picked":["Snecko Eye","Philosopher\u0027s Stone"],"picked":"Pandora\u0027s Box"}],"potions_floor_spawned":[3,6,16],"seed_played":"86494723375027456","killed_by":"Slavers","ascension_level":3,"is_trial":false}