{"gold_per_floor":[365,290,290,309,80,80,119,119,143,143,167,186,210,210,210,303,366,387,408,432,432,6,38,70,70,95,95,95],"floor_reached":28,"playtime":784,"items_purged":["Shame","Strike_R","Strike_R"],"score":472,"play_id":"8905f260-a271-4421-af70-cf0141b3f31c","local_time":"20190720172153","is_ascension_mode":true,"campfire_choices":[{"data":"Inflame","floor":6.0,"key":"SMITH"},{"data":"Sword Boomerang","floor":8.0,"key":"SMITH"},{"floor":10.0,"key":"REST"},{"data":"Disarm","floor":15.0,"key":"SMITH"},{"data":"Limit Break","floor":25.0,"key":"SMITH"},{"data":"Warcry","floor":27.0,"key":"SMITH"}],"neow_cost":"CURSE","seed_source_timestamp":195809241315348,"circlet_count":0,"master_deck":["AscendersBane","Strike_R","Strike_R","Defend_R+1","Defend_R","Defend_R","Defend_R","Bash","Sever Soul","Shrug It Off","Inflame+1","Sword Boomerang+1","Twin Strike","Disarm+1","Sword Boomerang+1","Limit Break+1","Cleave+1","Inflame+1","Armaments+1","Warcry+1","Power Through"],"special_seed":0,"relics":["Burning Blood","Bloody Idol","Bronze Scales","Centennial Puzzle","Tiny House","Membership Card","Gremlin Horn","Whetstone","Red Mask","Lantern"],"potions_floor_usage":[28],"damage_taken":[{"damage":7.0,"enemies":"Small Slimes","floor":1.0,"turns":4.0},{"damage":6.0,"enemies":"2 Louse","floor":4.0,"turns":2.0},{"damage":32.0,"enemies":"Lagavulin","floor":7.0,"turns":6.0},{"damage":1.0,"enemies":"Cultist","floor":11.0,"turns":3.0},{"damage":9.0,"enemies":"Exordium Thugs","floor":12.0,"turns":2.0},{"damage":1.0,"enemies":"Looter","floor":13.0,"turns":3.0},{"damage":15.0,"enemies":"The Guardian","floor":16.0,"turns":10.0},{"damage":14.0,"enemies":"3 Byrds","floor":18.0,"turns":2.0},{"damage":18.0,"enemies":"Chosen","floor":19.0,"turns":4.0},{"damage":32.0,"enemies":"3 Cultists","floor":20.0,"turns":4.0},{"damage":7.0,"enemies":"Book of Stabbing","floor":23.0,"turns":3.0},{"damage":15.0,"enemies":"Masked Bandits","floor":24.0,"turns":3.0},{"damage":31,"enemies":"Slavers","floor":28,"turns":3}],"seed_played":"-3266875031957491604","potions_obtained":[{"floor":4.0,"key":"Regen Potion"},{"floor":11.0,"key":"FearPotion"},{"floor":13.0,"key":"SkillPotion"},{"floor":17.0,"key":"FearPotion"},{"floor":20.0,"key":"Energy Potion"},{"floor":23.0,"key":"GamblersBrew"}],"is_trial":false,"path_per_floor":["M","$","?","M","$","R","E","R","T","R","M","M","M","?","R","B",null,"M","M","M","?","$","E","?","R","T","R","E"],"character_chosen":"IRONCLAD","items_purchased":["Inflame","Sword Boomerang","Membership Card","Gremlin Horn"],"campfire_rested":1,"item_purchase_floors":[5,5,22,22],"current_hp_per_floor":[67,67,41,41,41,41,15,15,15,37,42,39,44,44,44,35,70,62,50,24,24,24,28,24,24,29,29,0],"gold":95,"neow_bonus":"TWO_FIFTY_GOLD","is_prod":false,"is_daily":false,"chose_seed":false,"campfire_upgraded":5,"win_rate":0,"timestamp":1563610913,"path_taken":["M","$","?","M","$","R","E","R","T","R","M","M","M","?","R","BOSS","M","?","M","?","$","E","?","R","T","R","E"],"build_version":"2019-07-17","purchased_purges":3,"victory":false,"max_hp_per_floor":[75,75,75,75,75,75,75,75,75,75,75,75,75,75,75,75,80,80,80,80,80,80,80,80,80,80,80,80],"card_choices":[{"not_picked":["Power Through","Burning Pact"],"picked":"Sever Soul","floor":1.0},{"not_picked":["Clothesline","Second Wind"],"picked":"Shrug It Off","floor":4.0},{"not_picked":["Impervious","Warcry"],"picked":"Twin Strike","floor":7.0},{"not_picked":["Rupture","Armaments","Perfected Strike"],"picked":"SKIP","floor":11.0},{"not_picked":["Flex","Second Wind"],"picked":"Disarm","floor":12.0},{"not_picked":["Body Slam","Twin Strike"],"picked":"Sword Boomerang","floor":13.0},{"not_picked":["Dark Embrace","Fiend Fire"],"picked":"Limit Break","floor":16.0},{"not_picked":["Disarm","Inflame"],"picked":"Cleave","floor":17.0},{"not_picked":["Corruption","Clash"],"picked":"Inflame+1","floor":18.0},{"not_picked":["Dual Wield","Body Slam","Armaments"],"picked":"SKIP","floor":19.0},{"not_picked":["Bloodletting","Fiend Fire"],"picked":"Armaments+1","floor":20.0},{"not_picked":["Reckless Charge","Rage"],"picked":"Warcry","floor":23.0},{"not_picked":["Body Slam","Sword Boomerang+1"],"picked":"Power Through","floor":24.0}],"player_experience":996342,"relics_obtained":[{"floor":7.0,"key":"Bronze Scales"},{"floor":9.0,"key":"Centennial Puzzle"},{"floor":23.0,"key":"Whetstone"},{"floor":24.0,"key":"Red Mask"},{"floor":26.0,"key":"Lantern"}],"event_choices":[{"damage_healed":0.0,"max_hp_gain":0.0,"max_hp_loss":0.0,"gold_gain":0.0,"event_name":"Golden Idol","player_choice":"Take Damage","floor":3.0,"gold_loss":0.0,"damage_taken":26.0,"relics_obtained":["Golden Idol"]},{"cards_removed":["Strike_R"],"damage_healed":0.0,"max_hp_gain":0.0,"max_hp_loss":0.0,"gold_gain":0.0,"event_name":"Purifier","player_choice":"Purged","floor":14.0,"gold_loss":0.0,"damage_taken":0.0},{"damage_healed":0.0,"max_hp_gain":0.0,"max_hp_loss":0.0,"gold_gain":0.0,"event_name":"Forgotten Altar","player_choice":"Gave Idol","floor":21.0,"relics_lost":["Golden Idol"],"gold_loss":0.0,"damage_taken":0.0,"relics_obtained":["Bloody Idol"]},{"damage_healed":0.0,"max_hp_gain":0.0,"max_hp_loss":0.0,"gold_gain":0.0,"event_name":"Masked Bandits","player_choice":"Fought Bandits","floor":24.0,"gold_loss":0.0,"damage_taken":0.0}],"is_beta":false,"boss_relics":[{"not_picked":["Pandora\u0027s Box","Fusion Hammer"],"picked":"Tiny House"}],"items_purged_floors":[2,5,22],"is_endless":false,"potions_floor_spawned":[4,11,13,20,23],"killed_by":"Slavers","ascension_level":20}