{"gold_per_floor":[110,122,122,141,158,158,178,178,202,222,13,63,63,92,92,92],"floor_reached":16,"playtime":591,"items_purged":["Strike_B"],"score":199,"play_id":"fa8fcd84-d51e-49f4-9431-3df07dc6ec9c","local_time":"20190222220543","is_ascension_mode":true,"campfire_choices":[{"data":"Zap","floor":6.0,"key":"SMITH"},{"data":"Barrage","floor":13,"key":"SMITH"},{"data":"Coolheaded","floor":15,"key":"SMITH"}],"neow_cost":"NONE","seed_source_timestamp":1351231381456553,"circlet_count":0,"master_deck":["AscendersBane","Strike_B","Strike_B","Defend_B","Defend_B","Defend_B","Defend_B","Zap+1","Dualcast","Compile Driver","Coolheaded","Capacitor","Ball Lightning","Conserve Battery","Coolheaded+1","Self Repair","Barrage+1","Glacier"],"special_seed":0,"relics":["Cracked Core","CultistMask","Vajra","Omamori"],"potions_floor_usage":[10,14],"damage_taken":[{"damage":10.0,"enemies":"Small Slimes","floor":1.0,"turns":5.0},{"damage":1.0,"enemies":"Cultist","floor":2.0,"turns":3.0},{"damage":8.0,"enemies":"Jaw Worm","floor":4.0,"turns":4.0},{"damage":13.0,"enemies":"Red Slaver","floor":5.0,"turns":3.0},{"damage":0.0,"enemies":"Blue Slaver","floor":7.0,"turns":3.0},{"damage":0,"enemies":"3 Louse","floor":10,"turns":1},{"damage":13,"enemies":"Lagavulin","floor":14,"turns":5},{"damage":26,"enemies":"Slime Boss","floor":16,"turns":11}],"seed_played":"-502935063518543116","potions_obtained":[{"floor":4.0,"key":"Poison Potion"},{"floor":5.0,"key":"AttackPotion"},{"floor":7.0,"key":"Ancient Potion"},{"floor":10,"key":"Fire Potion"}],"is_trial":false,"path_per_floor":["M","M","?","M","M","R","M","?","T","M","$","?","R","E","R","B"],"character_chosen":"DEFECT","items_purchased":["Self Repair","Barrage"],"campfire_rested":0,"item_purchase_floors":[11,11],"current_hp_per_floor":[54,53,53,45,32,32,32,32,32,32,32,32,32,26,26,0],"gold":92,"neow_bonus":"REMOVE_CARD","is_prod":false,"is_daily":false,"chose_seed":false,"campfire_upgraded":3,"win_rate":0,"timestamp":1550869543,"path_taken":["M","M","?","?","M","R","M","?","T","?","?","?","R","E","R","BOSS"],"build_version":"2019-01-23","purchased_purges":1,"victory":false,"max_hp_per_floor":[71,71,71,71,71,71,71,71,71,71,71,71,71,71,71,71],"card_choices":[{"not_picked":["FTL","Auto Shields"],"picked":"Compile Driver","floor":1.0},{"not_picked":["Fusion","Beam Cell"],"picked":"Coolheaded","floor":2.0},{"not_picked":["Chaos","Gash"],"picked":"Ball Lightning","floor":4.0},{"not_picked":["Skim","FTL"],"picked":"Conserve Battery","floor":5.0},{"not_picked":["Rebound","Tempest","Fusion"],"picked":"SKIP","floor":7.0},{"not_picked":["Compile Driver","Ball Lightning"],"picked":"Coolheaded","floor":10},{"not_picked":["Hologram","Sunder"],"picked":"Glacier","floor":14}],"player_experience":867981,"relics_obtained":[{"floor":9,"key":"Vajra"},{"floor":14,"key":"Omamori"}],"event_choices":[{"damage_healed":0.0,"max_hp_gain":0.0,"max_hp_loss":0.0,"gold_gain":0.0,"event_name":"Match and Keep!","player_choice":"1 cards matched","floor":3.0,"gold_loss":0.0,"damage_taken":0.0,"cards_obtained":["Capacitor"]},{"damage_healed":0,"gold_gain":0,"player_choice":"Trade","damage_taken":0,"relics_obtained":["CultistMask"],"max_hp_gain":0,"max_hp_loss":0,"event_name":"FaceTrader","floor":8,"gold_loss":0},{"damage_healed":0,"gold_gain":50,"player_choice":"Pray","damage_taken":0,"max_hp_gain":0,"max_hp_loss":0,"event_name":"Golden Shrine","floor":12,"gold_loss":0}],"is_beta":false,"boss_relics":[],"items_purged_floors":[11],"is_endless":false,"potions_floor_spawned":[4,5,7,10],"killed_by":"Slime Boss","ascension_level":19}