{"path_per_floor":["M","M","M","$","M","M","R","M","T","R","E","M","R","M","R","B",null,"M","?","$","M"],"character_chosen":"DEFECT","items_purchased":["Bottled Tornado"],"gold_per_floor":[115,135,154,79,93,111,111,123,200,200,232,251,251,262,262,365,395,412,412,69,82,82],"floor_reached":22,"campfire_rested":2,"playtime":1241,"current_hp_per_floor":[75,75,71,71,50,45,45,39,39,39,6,5,27,18,40,17,80,80,80,80,67,0],"items_purged":["Strike_B","Strike_B"],"gold":82,"score":190,"play_id":"9e56e495-4d13-4f57-997c-bbbbd2c33171","local_time":"20180430142724","is_prod":false,"is_daily":false,"chose_seed":false,"is_ascension_mode":false,"campfire_upgraded":2,"timestamp":1525091244,"path_taken":["M","M","M","$","M","M","R","M","T","R","E","M","R","M","R","BOSS","M","?","$","M","M"],"build_version":"2018-04-27v3","seed_source_timestamp":484254630937685,"purchased_purges":3,"victory":false,"master_deck":["Strike_B","Strike_B","Defend_B","Defend_B","Defend_B","Defend_B","Zap","Dualcast+1","Auto Shields","Skim+1","Darkness","Defragment","Defragment+1","Axe Kick","Seek","Ball Lightning","Redo","Melter","Cold Snap+1","Self Repair","Beam Cell+1"],"max_hp_per_floor":[75,75,75,75,75,75,75,75,75,75,75,75,75,75,75,75,80,80,80,80,80,80],"relics":["Inserter","Tiny Chest","Oddly Smooth Stone","Tiny House","Bottled Tornado"],"card_choices":[{"not_picked":["Sweeping Beam","Gash"],"picked":"Auto Shields","floor":1},{"not_picked":["FTL","Glacier"],"picked":"Skim","floor":2},{"not_picked":["Genetic Algorithm","Defragment"],"picked":"Darkness","floor":3},{"not_picked":["Doom and Gloom","Streamline"],"picked":"Defragment","floor":5},{"not_picked":["Auto Shields","Double Energy"],"picked":"Defragment","floor":6},{"not_picked":["Cold Snap","Doom and Gloom"],"picked":"Axe Kick","floor":8},{"not_picked":["Amplify","Sweeping Beam"],"picked":"Seek","floor":11},{"not_picked":["Hologram","Flux Capacitor"],"picked":"Ball Lightning","floor":12},{"not_picked":["Rainbow","Creative AI"],"picked":"Redo","floor":16},{"not_picked":["Steam Power","Stack"],"picked":"Melter","floor":17},{"not_picked":["Rebound","Hello World"],"picked":"Cold Snap","floor":18},{"not_picked":["Ball Lightning","Hologram"],"picked":"Beam Cell","floor":21}],"player_experience":545340,"potions_floor_usage":[8,11,12],"damage_taken":[{"damage":0,"enemies":"Small Slimes","floor":1,"turns":4},{"damage":0,"enemies":"2 Louse","floor":2,"turns":3},{"damage":4,"enemies":"Cultist","floor":3,"turns":4},{"damage":21,"enemies":"2 Fungi Beasts","floor":5,"turns":5},{"damage":5,"enemies":"Looter","floor":6,"turns":3},{"damage":18,"enemies":"Large Slime","floor":8,"turns":6},{"damage":33,"enemies":"3 Sentries","floor":11,"turns":9},{"damage":1,"enemies":"Exordium Thugs","floor":12,"turns":5},{"damage":9,"enemies":"2 Fungi Beasts","floor":14,"turns":3},{"damage":23,"enemies":"The Guardian","floor":16,"turns":10},{"damage":0,"enemies":"Chosen","floor":18,"turns":5},{"damage":20,"enemies":"Spheric Guardian","floor":21,"turns":4},{"damage":67,"enemies":"3 Cultists","floor":22,"turns":6}],"event_choices":[{"event_name":"The Library","player_choice":"Read","floor":19,"damage_taken":0}],"boss_relics":[{"not_picked":["Black Star","Runic Pyramid"],"picked":"Tiny House"}],"potions_floor_spawned":[2,3,5,6,11,18,21],"seed_played":"-136963604738700098","killed_by":"3 Cultists","ascension_level":0,"is_trial":false}