{"gold_per_floor":[113,113,113,113,113,113,141,158,158,188,198,215,233,233,233,308,308,321,331,204,204,18,18,18,18],"floor_reached":25,"playtime":1315,"items_purged":["Strike_R","Strike_R"],"score":456,"play_id":"d3aeb334-5cf9-4433-a6e9-a66c4316e10b","local_time":"20190729220011","is_ascension_mode":true,"campfire_choices":[{"floor":6.0,"key":"REST"},{"data":"Uppercut","floor":15.0,"key":"SMITH"},{"floor":24,"key":"REST"}],"neow_cost":"NONE","seed_source_timestamp":172790234515288,"circlet_count":0,"master_deck":["AscendersBane","Strike_R+1","Strike_R","Defend_R","Defend_R","Defend_R","Defend_R","Bash+1","Iron Wave","Ghostly Armor","Inflame","Thunderclap","Uppercut+1","Immolate","Demon Form","Twin Strike","Armaments","Power Through","Ghostly","Ghostly","Ghostly","Corruption","True Grit"],"special_seed":0,"relics":["Burning Blood","NeowsBlessing","Magic Flower","Smiling Mask","Bottled Lightning","Matryoshka","Black Star"],"potions_floor_usage":[19],"damage_taken":[{"damage":0.0,"enemies":"Cultist","floor":1.0,"turns":1.0},{"damage":0.0,"enemies":"Gremlin Nob","floor":7.0,"turns":1.0},{"damage":0.0,"enemies":"Small Slimes","floor":8.0,"turns":1.0},{"damage":25.0,"enemies":"3 Sentries","floor":10.0,"turns":10.0},{"damage":7.0,"enemies":"Jaw Worm","floor":11.0,"turns":3.0},{"damage":12.0,"enemies":"Blue Slaver","floor":12.0,"turns":4.0},{"damage":4.0,"enemies":"2 Fungi Beasts","floor":13.0,"turns":3.0},{"damage":54.0,"enemies":"Hexaghost","floor":16.0,"turns":9.0},{"damage":38.0,"enemies":"2 Thieves","floor":18.0,"turns":5.0},{"damage":25,"enemies":"Spheric Guardian","floor":19,"turns":4},{"damage":26,"enemies":"Shelled Parasite and Fungi","floor":25,"turns":9}],"seed_played":"-5491252687883618688","potions_obtained":[{"floor":7.0,"key":"Fire Potion"},{"floor":8.0,"key":"FairyPotion"},{"floor":12.0,"key":"FearPotion"},{"floor":16.0,"key":"SteroidPotion"},{"floor":19,"key":"SpeedPotion"}],"is_trial":false,"path_per_floor":["M","?","?","?","$","R","E","M","T","E","M","M","M","?","R","B",null,"M","M","$","?","$","?","R","M"],"character_chosen":"IRONCLAD","items_purchased":["Power Through","Corruption","True Grit"],"campfire_rested":2,"item_purchase_floors":[20,22,22],"current_hp_per_floor":[74,74,51,25,25,47,56,65,65,49,51,48,53,46,46,12,59,30,14,14,14,14,14,25,0],"gold":18,"neow_bonus":"THREE_ENEMY_KILL","is_prod":false,"is_daily":false,"chose_seed":false,"campfire_upgraded":1,"win_rate":0,"timestamp":1564462811,"path_taken":["M","?","?","?","?","R","E","M","T","E","?","M","M","?","R","BOSS","M","M","$","?","$","?","R","M"],"build_version":"2019-07-18","purchased_purges":2,"victory":false,"max_hp_per_floor":[75,75,75,75,75,75,75,75,75,75,75,75,75,75,75,75,75,75,75,75,37,37,37,37,37],"card_choices":[{"not_picked":["Intimidate","Flex"],"picked":"Iron Wave","floor":1.0},{"not_picked":["Heavy Blade","Dual Wield"],"picked":"Ghostly Armor","floor":7.0},{"not_picked":["Bloodletting","Dropkick"],"picked":"Inflame","floor":8.0},{"not_picked":["Iron Wave","Intimidate"],"picked":"Thunderclap","floor":10.0},{"not_picked":["Clothesline","Clash"],"picked":"Uppercut","floor":11.0},{"not_picked":["Warcry","Anger","Iron Wave"],"picked":"SKIP","floor":12.0},{"not_picked":["Iron Wave","Inflame"],"picked":"Immolate","floor":13.0},{"not_picked":["Barricade","Offering"],"picked":"Demon Form","floor":16.0},{"not_picked":["Havoc+1","Clothesline"],"picked":"Twin Strike","floor":18.0},{"not_picked":["Perfected Strike","Anger"],"picked":"Armaments","floor":19}],"player_experience":252739,"relics_obtained":[{"floor":7.0,"key":"Smiling Mask"},{"floor":9.0,"key":"Bottled Lightning"},{"floor":10.0,"key":"Matryoshka"}],"event_choices":[{"damage_healed":0.0,"max_hp_gain":0.0,"max_hp_loss":0.0,"gold_gain":0.0,"event_name":"Liars Game","player_choice":"Ignored","floor":2.0,"gold_loss":0.0,"damage_taken":0.0},{"damage_healed":0.0,"max_hp_gain":0.0,"max_hp_loss":0.0,"gold_gain":0.0,"event_name":"Shining Light","player_choice":"Entered Light","floor":3.0,"gold_loss":0.0,"damage_taken":23.0,"cards_upgraded":["Strike_R","Bash"]},{"damage_healed":0.0,"max_hp_gain":0.0,"max_hp_loss":0.0,"gold_gain":0.0,"event_name":"Scrap Ooze","player_choice":"Success","floor":4.0,"gold_loss":0.0,"damage_taken":26.0,"relics_obtained":["Magic Flower"]},{"cards_removed":["Strike_R"],"damage_healed":0.0,"max_hp_gain":0.0,"max_hp_loss":0.0,"gold_gain":0.0,"event_name":"Golden Wing","player_choice":"Card Removal","floor":14.0,"gold_loss":0.0,"damage_taken":7.0},{"damage_healed":0,"gold_gain":0,"player_choice":"Became a Ghost","damage_taken":0,"max_hp_gain":0,"max_hp_loss":38,"event_name":"Ghosts","floor":21,"gold_loss":0,"cards_obtained":["Ghostly","Ghostly","Ghostly"]},{"damage_healed":0,"gold_gain":0,"player_choice":"Ignored","damage_taken":0,"max_hp_gain":0,"max_hp_loss":0,"event_name":"Vampires","floor":23,"gold_loss":0}],"is_beta":true,"boss_relics":[{"not_picked":["Tiny House","Black Blood"],"picked":"Black Star"}],"items_purged_floors":[20,22],"is_endless":false,"potions_floor_spawned":[7,8,12,16,19],"killed_by":"Shelled Parasite and Fungi","ascension_level":19}