{"gold_per_floor":[117,127,127,137,137,169,169,197,197,212,229,13,13,24,24,24],"floor_reached":16,"playtime":456,"items_purged":["Decay"],"score":224,"play_id":"4ca08a9d-dcd6-4661-b7c4-52ee1d385c9f","local_time":"20190720170406","is_ascension_mode":true,"campfire_choices":[{"data":"Armaments","floor":7.0,"key":"SMITH"},{"data":"Uppercut","floor":15.0,"key":"SMITH"}],"neow_cost":"NONE","seed_source_timestamp":195078835462299,"circlet_count":0,"master_deck":["AscendersBane","Strike_R","Strike_R","Strike_R","Strike_R","Defend_R","Defend_R","Defend_R","Defend_R","Bash","Pommel Strike","Cleave","Uppercut+1","Armaments+1","Clash","Offering","Disarm","Flame Barrier","Immolate","Shrug It Off","Seeing Red"],"special_seed":0,"relics":["Burning Blood","Happy Flower","Frozen Egg 2","Bag of Preparation"],"potions_floor_usage":[],"damage_taken":[{"damage":7.0,"enemies":"Small Slimes","floor":1.0,"turns":3.0},{"damage":7.0,"enemies":"Cultist","floor":2.0,"turns":4.0},{"damage":6.0,"enemies":"2 Louse","floor":4.0,"turns":3.0},{"damage":26.0,"enemies":"Gremlin Nob","floor":6.0,"turns":4.0},{"damage":27.0,"enemies":"Lagavulin","floor":8.0,"turns":7.0},{"damage":11.0,"enemies":"Large Slime","floor":10.0,"turns":4.0},{"damage":2.0,"enemies":"3 Louse","floor":11.0,"turns":3.0},{"damage":6.0,"enemies":"Exordium Wildlife","floor":14.0,"turns":3.0},{"damage":18,"enemies":"Slime Boss","floor":16,"turns":5}],"seed_played":"5163829158890070615","potions_obtained":[{"floor":2.0,"key":"PowerPotion"},{"floor":8.0,"key":"Fire Potion"},{"floor":10.0,"key":"Dexterity Potion"}],"is_trial":false,"path_per_floor":["M","M","?","M","?","E","R","E","T","M","M","$","$","M","R","B"],"character_chosen":"IRONCLAD","items_purchased":["Immolate","Shrug It Off"],"campfire_rested":0,"item_purchase_floors":[12,12],"current_hp_per_floor":[67,66,59,59,59,39,39,18,18,13,17,17,17,17,17,0],"gold":24,"neow_bonus":"THREE_CARDS","is_prod":false,"is_daily":false,"chose_seed":false,"campfire_upgraded":2,"win_rate":0,"timestamp":1563609846,"path_taken":["M","M","?","M","?","E","R","E","T","M","?","?","$","M","R","BOSS"],"build_version":"2019-07-17","purchased_purges":1,"victory":false,"max_hp_per_floor":[75,75,75,75,75,75,75,75,75,75,75,75,75,75,75,75],"card_choices":[{"not_picked":["Warcry","Body Slam"],"picked":"Pommel Strike","floor":0.0},{"not_picked":["Perfected Strike","Bloodletting"],"picked":"Cleave","floor":1.0},{"not_picked":["Inflame","True Grit"],"picked":"Uppercut","floor":2.0},{"not_picked":["Hemokinesis","Sword Boomerang"],"picked":"Armaments","floor":4.0},{"not_picked":["Corruption","Uppercut"],"picked":"Clash","floor":6.0},{"not_picked":["Intimidate","Evolve"],"picked":"Offering","floor":8.0},{"not_picked":["Clothesline","Intimidate"],"picked":"Disarm","floor":10.0},{"not_picked":["Headbutt","Clothesline"],"picked":"Flame Barrier","floor":11.0},{"not_picked":["Rampage","Intimidate"],"picked":"Seeing Red","floor":14.0}],"player_experience":995886,"relics_obtained":[{"floor":6.0,"key":"Happy Flower"},{"floor":8.0,"key":"Frozen Egg 2"},{"floor":9.0,"key":"Bag of Preparation"}],"event_choices":[{"cards_removed":["Strike_R"],"damage_healed":0.0,"max_hp_gain":0.0,"max_hp_loss":0.0,"gold_gain":0.0,"event_name":"Golden Wing","player_choice":"Card Removal","floor":3.0,"gold_loss":0.0,"damage_taken":7.0},{"damage_healed":0.0,"max_hp_gain":0.0,"max_hp_loss":0.0,"gold_gain":0.0,"event_name":"Wheel of Change","player_choice":"Cursed","floor":5.0,"gold_loss":0.0,"damage_taken":0.0,"cards_obtained":["Decay"]}],"is_beta":false,"boss_relics":[],"items_purged_floors":[12],"is_endless":false,"potions_floor_spawned":[2,8,10],"killed_by":"Slime Boss","ascension_level":20}