{"gold_per_floor":[115,131,131,131,143,143,60,73,154,188,200,200,212,226,226,226],"floor_reached":16,"playtime":512,"items_purged":[],"score":208,"play_id":"bad93a98-06ef-445d-884b-c1533f16d96c","local_time":"20190303192840","is_ascension_mode":true,"campfire_choices":[{"data":"Trip","floor":6,"key":"SMITH"},{"data":"True Grit","floor":12,"key":"SMITH"},{"data":"Rampage","floor":15,"key":"SMITH"}],"neow_cost":"TEN_PERCENT_HP_LOSS","seed_source_timestamp":207526344664850,"circlet_count":0,"master_deck":["AscendersBane","Strike_R","Strike_R","Strike_R","Defend_R","Defend_R","Defend_R","Defend_R","Bash","Trip+1","Impatience","Battle Trance","Headbutt","Rampage+1","Feed","True Grit+1"],"relics":["Burning Blood","Dodecahedron","Omamori"],"potions_floor_usage":[13,16],"damage_taken":[{"damage":5,"enemies":"2 Louse","floor":1,"turns":3},{"damage":14,"enemies":"Small Slimes","floor":2,"turns":4},{"damage":7,"enemies":"Jaw Worm","floor":5,"turns":3},{"damage":3,"enemies":"3 Louse","floor":8,"turns":4},{"damage":30,"enemies":"Lagavulin","floor":10,"turns":6},{"damage":13,"enemies":"Large Slime","floor":11,"turns":4},{"damage":5,"enemies":"Red Slaver","floor":13,"turns":2},{"damage":0,"enemies":"2 Fungi Beasts","floor":14,"turns":2},{"damage":48,"enemies":"Hexaghost","floor":16,"turns":9}],"seed_played":"-7644090807221228761","potions_obtained":[{"floor":8,"key":"Dexterity Potion"},{"floor":10,"key":"Poison Potion"},{"floor":13,"key":"Regen Potion"}],"is_trial":false,"path_per_floor":["M","M","?","?","M","R","$","M","T","E","M","R","M","M","R","B"],"character_chosen":"IRONCLAD","items_purchased":["Rampage"],"campfire_rested":0,"item_purchase_floors":[7],"current_hp_per_floor":[68,60,60,53,52,52,52,55,55,31,24,24,25,31,31,0],"gold":226,"neow_bonus":"RANDOM_COLORLESS_2","is_prod":false,"is_daily":false,"chose_seed":false,"campfire_upgraded":3,"win_rate":0,"timestamp":1551637720,"path_taken":["M","M","?","?","M","R","?","M","T","E","M","R","M","M","R","BOSS"],"build_version":"2019-01-23","purchased_purges":0,"victory":false,"max_hp_per_floor":[68,68,68,68,68,68,68,68,68,68,68,68,68,68,68,68],"card_choices":[{"not_picked":["Wild Strike","Havoc"],"picked":"Battle Trance","floor":1},{"not_picked":["Seeing Red","Anger"],"picked":"Headbutt","floor":2},{"not_picked":["Clothesline","Headbutt","Sword Boomerang"],"picked":"SKIP","floor":5},{"not_picked":["Clothesline","Whirlwind"],"picked":"Feed","floor":8},{"not_picked":["Iron Wave","Flex"],"picked":"True Grit","floor":10},{"not_picked":["Second Wind","Flex","Warcry"],"picked":"SKIP","floor":11},{"not_picked":["Power Through","Sever Soul","Armaments"],"picked":"SKIP","floor":13},{"not_picked":["Flex","Disarm","Armaments"],"picked":"SKIP","floor":14}],"player_experience":934220,"relics_obtained":[{"floor":9,"key":"Dodecahedron"},{"floor":10,"key":"Omamori"}],"event_choices":[{"cards_removed":["Strike_R"],"damage_healed":0,"gold_gain":0,"player_choice":"Forget","damage_taken":0,"max_hp_gain":0,"max_hp_loss":0,"event_name":"Living Wall","floor":3,"gold_loss":0},{"cards_removed":["Strike_R"],"damage_healed":0,"gold_gain":0,"player_choice":"Card Removal","damage_taken":7,"max_hp_gain":0,"max_hp_loss":0,"event_name":"Golden Wing","floor":4,"gold_loss":0}],"is_beta":false,"boss_relics":[],"items_purged_floors":[],"is_endless":false,"potions_floor_spawned":[8,10,13],"killed_by":"Hexaghost","ascension_level":20}