{"path_per_floor":["M","$","?","M","M","R","M","M","T","M","T","$","M","M","R","B",null,"M"],"character_chosen":"IRONCLAD","items_purchased":["Blood Vial"],"gold_per_floor":[112,37,37,51,71,71,83,99,147,161,161,13,32,44,44,123,123,94,94],"floor_reached":19,"campfire_rested":0,"playtime":745,"current_hp_per_floor":[65,65,70,73,68,68,45,44,44,36,36,36,34,29,29,19,60,26,0],"items_purged":["Strike_R"],"gold":94,"score":277,"play_id":"48fbf0be-cf27-4aa3-870d-86e5b9e8fc72","local_time":"20180331010758","is_prod":false,"is_daily":false,"is_ascension_mode":true,"campfire_upgraded":2,"timestamp":1522451278,"path_taken":["M","$","?","M","M","R","M","?","T","M","?","$","M","M","R","BOSS","M","M"],"build_version":"2018-03-29v2","purchased_purges":1,"victory":false,"master_deck":["Strike_R","Strike_R","Strike_R","Strike_R","Defend_R","Defend_R","Defend_R","Defend_R","Bash+1","AscendersBane","Limit Break+1","Twin Strike","Reaper","Heavy Blade"],"max_hp_per_floor":[68,68,73,73,73,73,73,73,73,73,73,73,73,73,73,73,73,73,73],"relics":["Burning Blood","Prayer Wheel","Centennial Puzzle","Blood Vial","Orrery"],"card_choices":[{"not_picked":["Demon Form","Fiend Fire"],"picked":"Limit Break","floor":0.0},{"not_picked":["Infernal Blade","Burning Pact"],"picked":"Twin Strike","floor":5.0},{"not_picked":["Demon Form","Immolate"],"picked":"Reaper","floor":16},{"not_picked":["Armaments","Carnage"],"picked":"Heavy Blade","floor":17}],"player_experience":484747,"potions_floor_usage":[16,16,16],"damage_taken":[{"damage":9.0,"enemies":"2 Louse","floor":1.0,"turns":2.0},{"damage":0.0,"enemies":"Small Slimes","floor":4.0,"turns":3.0},{"damage":11.0,"enemies":"Cultist","floor":5.0,"turns":5.0},{"damage":29.0,"enemies":"Exordium Thugs","floor":7.0,"turns":6.0},{"damage":7.0,"enemies":"2 Fungi Beasts","floor":8.0,"turns":4.0},{"damage":14.0,"enemies":"Blue Slaver","floor":10.0,"turns":5.0},{"damage":10.0,"enemies":"Gremlin Gang","floor":13.0,"turns":6.0},{"damage":13.0,"enemies":"Red Slaver","floor":14.0,"turns":3.0},{"damage":42,"enemies":"Hexaghost","floor":16,"turns":9},{"damage":46,"enemies":"2 Thieves","floor":18,"turns":5},{"damage":63,"enemies":"Chosen","floor":19,"turns":5}],"event_choices":[{"event_name":"Big Fish","player_choice":"Donut","floor":3.0,"damage_taken":0.0}],"boss_relics":[{"not_picked":["Black Star","Runic Pyramid"],"picked":"Orrery"}],"potions_floor_spawned":[4,5,8,10,16,18],"seed_played":"-7603173022510014012","killed_by":"Chosen","ascension_level":14,"is_trial":false}