{"gold_per_floor":[115,40,57,57,74,74,128,147,147,147,167,184,184,219,219,318,318,329,329,347,347,361,361,376,376,399,424,424,441,441,460,460,557,557,573,74,174,193,93,93,118,118,118,118,128,128,155,155,155,155],"floor_reached":51,"playtime":1878,"items_purged":["Strike_B","Strike_B"],"score":1192,"play_id":"9ad07fca-869f-4802-a8ec-7952e018872f","local_time":"20190111174233","is_ascension_mode":true,"campfire_choices":[{"data":"Redo","floor":6.0,"key":"SMITH"},{"data":"Defragment","floor":13.0,"key":"SMITH"},{"data":"Coolheaded","floor":15.0,"key":"SMITH"},{"floor":23.0,"key":"REST"},{"data":"Turbo","floor":25.0,"key":"SMITH"},{"floor":28.0,"key":"REST"},{"data":"Coolheaded","floor":30.0,"key":"SMITH"},{"data":"Consume","floor":32.0,"key":"SMITH"},{"data":"Creative AI","floor":40.0,"key":"SMITH"},{"floor":42.0,"key":"DIG"},{"floor":44.0,"key":"DIG"},{"data":"Capacitor","floor":46.0,"key":"SMITH"},{"data":"Loop","floor":49,"key":"SMITH"}],"neow_cost":"NONE","seed_source_timestamp":373250863013813,"circlet_count":0,"master_deck":["AscendersBane","Strike_B","Strike_B","Defend_B","Defend_B","Defend_B","Defend_B","Zap+1","Dualcast","Purity","Redo+1","Coolheaded+1","Loop+1","Defragment+1","Glacier","Coolheaded+1","Electrodynamics","Ball Lightning","Go for the Eyes+1","Coolheaded+1","Turbo+1","Capacitor+1","Consume+1","Creative AI+1","Heatsinks+1","Redo+1","Coolheaded+1"],"special_seed":0,"relics":["Cracked Core","Bronze Scales","Prayer Wheel","Symbiotic Virus","Odd Mushroom","Emotion Chip","Eternal Feather","Orichalcum","Shuriken","Sozu","Ice Cream","Sling","Shovel","Pocketwatch","DataDisk","Toxic Egg 2","Molten Egg 2","Blood Vial"],"potions_floor_usage":[],"damage_taken":[{"damage":0.0,"enemies":"Small Slimes","floor":1.0,"turns":3.0},{"damage":0.0,"enemies":"Cultist","floor":3.0,"turns":3.0},{"damage":2.0,"enemies":"Jaw Worm","floor":5.0,"turns":5.0},{"damage":13.0,"enemies":"Large Slime","floor":8.0,"turns":5.0},{"damage":7.0,"enemies":"The Mushroom Lair","floor":11.0,"turns":4.0},{"damage":8.0,"enemies":"2 Fungi Beasts","floor":12.0,"turns":3.0},{"damage":6.0,"enemies":"Gremlin Nob","floor":14.0,"turns":3.0},{"damage":3.0,"enemies":"Hexaghost","floor":16.0,"turns":7.0},{"damage":22.0,"enemies":"2 Thieves","floor":18.0,"turns":4.0},{"damage":2.0,"enemies":"3 Byrds","floor":20.0,"turns":3.0},{"damage":0.0,"enemies":"Colosseum Slavers","floor":21.0,"turns":1.0},{"damage":18.0,"enemies":"Shelled Parasite and Fungi","floor":22.0,"turns":3.0},{"damage":14.0,"enemies":"Snecko","floor":24.0,"turns":5.0},{"damage":27.0,"enemies":"Gremlin Leader","floor":27.0,"turns":6.0},{"damage":13.0,"enemies":"Snake Plant","floor":29.0,"turns":4.0},{"damage":20.0,"enemies":"Centurion and Healer","floor":31.0,"turns":3.0},{"damage":32.0,"enemies":"Automaton","floor":33.0,"turns":11.0},{"damage":16.0,"enemies":"3 Darklings","floor":35.0,"turns":2.0},{"damage":0.0,"enemies":"Mind Bloom Boss Battle","floor":37.0,"turns":6.0},{"damage":3.0,"enemies":"3 Shapes","floor":38.0,"turns":5.0},{"damage":31.0,"enemies":"Reptomancer","floor":41.0,"turns":5.0},{"damage":18.0,"enemies":"Sphere and 2 Shapes","floor":45.0,"turns":5.0},{"damage":0.0,"enemies":"Nemesis","floor":47.0,"turns":7.0},{"damage":34,"enemies":"Donu and Deca","floor":50,"turns":7}],"seed_played":"8796131910376305343","potions_obtained":[{"floor":1.0,"key":"LiquidBronze"},{"floor":8.0,"key":"PowerPotion"},{"floor":11.0,"key":"FocusPotion"},{"floor":12.0,"key":"Fire Potion"},{"floor":18.0,"key":"SmokeBomb"},{"floor":24.0,"key":"Poison Potion"},{"floor":33.0,"key":"SpeedPotion"}],"is_trial":false,"path_per_floor":["M","$","M","?","M","R","T","M","T","?","?","M","R","E","R","B",null,"M","?","M","?","M","R","M","R","T","E","R","M","R","M","R","B",null,"M","$","?","M","$","R","E","R","T","R","M","R","E","?","R","B",null],"character_chosen":"DEFECT","items_purchased":["Ice Cream","Sling"],"campfire_rested":2,"item_purchase_floors":[36,36],"current_hp_per_floor":[68,68,68,68,66,66,66,53,53,35,28,20,20,14,14,11,59,37,23,21,21,3,39,25,37,37,10,46,33,45,25,37,5,61,45,45,45,42,42,57,26,41,41,56,38,53,53,53,68,36],"gold":155,"neow_bonus":"RANDOM_COLORLESS","is_prod":false,"is_daily":false,"chose_seed":false,"campfire_upgraded":9,"win_rate":0,"timestamp":1547224953,"path_taken":["M","$","M","?","?","R","?","M","T","?","?","M","R","E","R","BOSS","M","?","M","?","M","R","M","R","T","E","R","M","R","M","R","BOSS","M","$","?","M","$","R","E","R","T","R","M","R","E","?","R","BOSS"],"build_version":"2019-01-10","purchased_purges":2,"victory":true,"max_hp_per_floor":[75,75,75,75,75,75,75,75,75,75,75,75,75,75,75,75,75,75,80,80,80,80,80,80,80,80,80,80,80,80,80,80,80,80,80,80,80,80,80,80,80,80,80,80,80,80,80,80,80,80],"card_choices":[{"not_picked":["Go for the Eyes","Turbo"],"picked":"Redo","floor":1.0},{"not_picked":["Conserve Battery","Skim"],"picked":"Coolheaded","floor":3.0},{"not_picked":["Amplify","Auto Shields","Steam"],"picked":"SKIP","floor":5.0},{"not_picked":["Cold Snap","Go for the Eyes","Stack"],"picked":"SKIP","floor":8.0},{"not_picked":["Barrage","Rip and Tear"],"picked":"Loop","floor":11.0},{"not_picked":["Beam Cell","Auto Shields"],"picked":"Defragment","floor":12.0},{"not_picked":["Cold Snap","Defragment"],"picked":"Glacier","floor":12.0},{"not_picked":["Turbo","Barrage"],"picked":"Coolheaded","floor":14.0},{"not_picked":["Reboot","Amplify"],"picked":"Electrodynamics","floor":16.0},{"not_picked":["Stack","Rebound"],"picked":"Ball Lightning","floor":18.0},{"not_picked":["Genetic Algorithm","Lockon","Go for the Eyes"],"picked":"SKIP","floor":18.0},{"not_picked":["Gash","Cold Snap"],"picked":"Go for the Eyes+1","floor":20.0},{"not_picked":["Rebound+1","Beam Cell","Fusion"],"picked":"SKIP","floor":20.0},{"not_picked":["Electrodynamics","Glacier"],"picked":"Coolheaded+1","floor":22.0},{"not_picked":["Reinforced Body","Heatsinks","Reprogram"],"picked":"SKIP","floor":22.0},{"not_picked":["Recycle","FTL"],"picked":"Turbo","floor":24.0},{"not_picked":["Ball Lightning","Go for the Eyes","Streamline"],"picked":"SKIP","floor":24.0},{"not_picked":["Barrage+1","Reinforced Body","Coolheaded"],"picked":"SKIP","floor":27.0},{"not_picked":["Genetic Algorithm","Rebound","Beam Cell"],"picked":"SKIP","floor":29.0},{"not_picked":["Blizzard","Sweeping Beam+1","Coolheaded"],"picked":"SKIP","floor":29.0},{"not_picked":["Coolheaded","Conserve Battery"],"picked":"Capacitor","floor":31.0},{"not_picked":["Steam+1","Compile Driver+1"],"picked":"Consume","floor":31.0},{"not_picked":["Fission","Reboot"],"picked":"Creative AI","floor":33.0},{"not_picked":["Doom and Gloom","Redo","Force Field"],"picked":"SKIP","floor":35.0},{"not_picked":["Steam Power","Streamline","Ball Lightning"],"picked":"SKIP","floor":35.0},{"not_picked":["Beam Cell+1","White Noise"],"picked":"Heatsinks+1","floor":38.0},{"not_picked":["Loop","Hologram"],"picked":"Redo+1","floor":38.0},{"not_picked":["Sweeping Beam","Static Discharge","Echo Form"],"picked":"SKIP","floor":41.0},{"not_picked":["Barrage+1","Streamline+1"],"picked":"Coolheaded+1","floor":45.0},{"not_picked":["Leap+1","BootSequence+1","Lockon+1"],"picked":"SKIP","floor":45.0},{"not_picked":["Redo+1","BootSequence+1","Buffer"],"picked":"SKIP","floor":47.0}],"player_experience":698003,"relics_obtained":[{"floor":7.0,"key":"Bronze Scales"},{"floor":9.0,"key":"Prayer Wheel"},{"floor":11.0,"key":"Odd Mushroom"},{"floor":14.0,"key":"Emotion Chip"},{"floor":26.0,"key":"Orichalcum"},{"floor":27.0,"key":"Shuriken"},{"floor":37.0,"key":"Shovel"},{"floor":41.0,"key":"Pocketwatch"},{"floor":42.0,"key":"DataDisk"},{"floor":43.0,"key":"Toxic Egg 2"},{"floor":44.0,"key":"Molten Egg 2"},{"floor":47.0,"key":"Blood Vial"}],"event_choices":[{"damage_healed":0.0,"max_hp_gain":0.0,"max_hp_loss":0.0,"gold_gain":0.0,"event_name":"Accursed Blacksmith","player_choice":"Forge","floor":4.0,"gold_loss":0.0,"damage_taken":0.0,"cards_upgraded":["Zap"]},{"damage_healed":0.0,"max_hp_gain":0.0,"max_hp_loss":0.0,"gold_gain":0.0,"event_name":"Scrap Ooze","player_choice":"Success","floor":10.0,"gold_loss":0.0,"damage_taken":18.0,"relics_obtained":["Symbiotic Virus"]},{"damage_healed":0.0,"max_hp_gain":0.0,"max_hp_loss":0.0,"gold_gain":0.0,"event_name":"Mushrooms","player_choice":"Fought Mushrooms","floor":11.0,"gold_loss":0.0,"damage_taken":0.0},{"damage_healed":0.0,"max_hp_gain":5.0,"max_hp_loss":0.0,"gold_gain":0.0,"event_name":"Forgotten Altar","player_choice":"Shed Blood","floor":19.0,"gold_loss":0.0,"damage_taken":19.0},{"damage_healed":0.0,"max_hp_gain":0.0,"max_hp_loss":0.0,"gold_gain":0.0,"event_name":"Colosseum","player_choice":"Fight","floor":21.0,"gold_loss":0.0,"damage_taken":0.0},{"damage_healed":0.0,"max_hp_gain":0.0,"max_hp_loss":0.0,"gold_gain":0.0,"event_name":"Colosseum","player_choice":"Fled From Nobs","floor":21.0,"gold_loss":0.0,"damage_taken":0.0},{"damage_healed":0.0,"max_hp_gain":0.0,"max_hp_loss":0.0,"gold_gain":0.0,"event_name":"MindBloom","player_choice":"Fight","floor":37.0,"gold_loss":0.0,"damage_taken":0.0},{"damage_healed":0.0,"max_hp_gain":0.0,"max_hp_loss":0.0,"gold_gain":0.0,"event_name":"SensoryStone","player_choice":"Memory 1","floor":48.0,"gold_loss":0.0,"damage_taken":0.0}],"is_beta":false,"boss_relics":[{"not_picked":["Orrery","Fusion Hammer"],"picked":"Eternal Feather"},{"not_picked":["Runic Dome","Black Star"],"picked":"Sozu"}],"items_purged_floors":[2,39],"is_endless":false,"potions_floor_spawned":[1,8,11,12,18,24,33,35,38,41],"ascension_level":12}