{"gold_per_floor":[118,128,146,146,71,71,105,105,129,129,141,158,172,186,186,283,283,297,315,414,17,28,28,48,48,127,127,141,141,141,151,151,151],"floor_reached":33,"playtime":1138,"items_purged":["Strike_B"],"score":389,"play_id":"b10d7558-b785-434f-aef4-927091693224","local_time":"20180810112155","is_ascension_mode":true,"campfire_choices":[{"data":"Zap","floor":6,"key":"SMITH"},{"floor":8,"key":"REST"},{"data":"Coolheaded","floor":15,"key":"SMITH"},{"floor":23,"key":"REST"},{"data":"Capacitor","floor":27,"key":"SMITH"},{"floor":32,"key":"REST"}],"neow_cost":"NONE","seed_source_timestamp":523946627015607,"circlet_count":0,"master_deck":["Strike_B","Strike_B","Defend_B","Defend_B","Defend_B","Defend_B","Zap+1","Dualcast","AscendersBane","Barrage","Capacitor+1","Melter","Coolheaded+1","Ball Lightning","Go for the Eyes","Seek","Electrodynamics","BootSequence","Consume+1","Defragment","Fusion+1"],"relics":["Cracked Core","Lantern","Orichalcum","Question Card","DataDisk","Nuclear Battery","Singing Bowl","Juzu Bracelet","Blue Candle","Anchor"],"potions_floor_usage":[7,14,19,22],"damage_taken":[{"damage":1,"enemies":"Cultist","floor":1,"turns":3},{"damage":1,"enemies":"2 Louse","floor":2,"turns":3},{"damage":5,"enemies":"Small Slimes","floor":3,"turns":3},{"damage":33,"enemies":"Lagavulin","floor":7,"turns":6},{"damage":9,"enemies":"Exordium Wildlife","floor":11,"turns":5},{"damage":6,"enemies":"Red Slaver","floor":12,"turns":2},{"damage":0,"enemies":"Large Slime","floor":13,"turns":4},{"damage":3,"enemies":"Exordium Thugs","floor":14,"turns":3},{"damage":15,"enemies":"Slime Boss","floor":16,"turns":10},{"damage":0,"enemies":"Spheric Guardian","floor":18,"turns":2},{"damage":2,"enemies":"Chosen","floor":19,"turns":4},{"damage":22,"enemies":"3 Cultists","floor":22,"turns":4},{"damage":13,"enemies":"Chosen and Byrds","floor":24,"turns":5},{"damage":22,"enemies":"Centurion and Healer","floor":28,"turns":6},{"damage":17,"enemies":"Snecko","floor":31,"turns":5},{"damage":49,"enemies":"Champ","floor":33,"turns":9}],"seed_played":"-814090986535218592","potions_obtained":[{"floor":1,"key":"Weak Potion"},{"floor":7,"key":"Block Potion"},{"floor":11,"key":"Ancient Potion"},{"floor":18,"key":"Swift Potion"},{"floor":19,"key":"AttackPotion"},{"floor":31,"key":"Strength Potion"}],"is_trial":false,"path_per_floor":["M","M","M","T","$","R","E","R","T","?","M","M","M","M","R","B",null,"M","M","?","$","M","R","M","?","T","R","M","?","?","M","R"],"character_chosen":"DEFECT","items_purchased":["Singing Bowl","Juzu Bracelet"],"campfire_rested":3,"item_purchase_floors":[21,21],"current_hp_per_floor":[67,66,61,61,61,61,28,50,50,50,41,35,35,32,32,17,61,61,59,59,59,37,59,48,48,48,48,26,26,26,9,32,0],"gold":151,"neow_bonus":"RANDOM_COMMON_RELIC","is_prod":false,"is_daily":false,"chose_seed":false,"campfire_upgraded":3,"win_rate":0,"timestamp":1533892915,"path_taken":["M","?","?","?","$","R","E","R","T","?","M","M","M","M","R","BOSS","M","M","?","$","M","R","M","?","T","R","M","?","?","M","R","BOSS"],"build_version":"2018-08-09","purchased_purges":1,"victory":false,"max_hp_per_floor":[75,75,75,75,75,75,75,75,75,75,75,75,75,75,75,75,75,75,75,75,75,75,75,77,77,77,77,77,77,77,77,77,77],"card_choices":[{"not_picked":["Double Energy","Doom and Gloom"],"picked":"Barrage","floor":1},{"not_picked":["FTL","Stack"],"picked":"Capacitor","floor":2},{"not_picked":["Rip and Tear","Double Energy"],"picked":"Melter","floor":3},{"not_picked":["Leap","Chaos","Skim"],"picked":"SKIP","floor":7},{"not_picked":["Self Repair","Hologram","Barrage"],"picked":"Coolheaded","floor":11},{"not_picked":["Gash","Skim","Undo"],"picked":"Ball Lightning","floor":12},{"not_picked":["Steam","Gash","Lockon"],"picked":"Go for the Eyes","floor":13},{"not_picked":["Steam","Redo","Recycle"],"picked":"Seek","floor":14},{"not_picked":["Biased Cognition","Buffer","Reboot"],"picked":"Electrodynamics","floor":16},{"not_picked":["Hologram","Beam Cell","Chaos+1"],"picked":"BootSequence","floor":18},{"not_picked":["Streamline+1","Ball Lightning","Leap","Stack"],"picked":"SKIP","floor":19},{"not_picked":["Redo","Sweeping Beam","Blizzard"],"picked":"Consume+1","floor":22},{"not_picked":["Hologram+1","Consume","Gash","Rebound"],"picked":"Singing Bowl","floor":24},{"not_picked":["All For One","Gash","Auto Shields"],"picked":"Defragment","floor":28},{"not_picked":["Hologram+1","Stack","Capacitor"],"picked":"Fusion+1","floor":31}],"player_experience":612289,"relics_obtained":[{"floor":4,"key":"Orichalcum"},{"floor":7,"key":"Question Card"},{"floor":9,"key":"DataDisk"},{"floor":26,"key":"Blue Candle"}],"event_choices":[{"event_name":"The Woman in Blue","player_choice":"Bought 0 Potions","floor":10,"damage_taken":0},{"event_name":"Nest","player_choice":"Stole From Cult","floor":20,"damage_taken":0},{"event_name":"Drug Dealer","player_choice":"Ignored","floor":25,"damage_taken":0},{"event_name":"The Mausoleum","player_choice":"Yes","floor":29,"damage_taken":0},{"event_name":"Back to Basics","player_choice":"Elegance","floor":30,"damage_taken":0}],"is_beta":false,"boss_relics":[{"not_picked":["Busted Crown","Pandora\u0027s Box"],"picked":"Nuclear Battery"}],"items_purged_floors":[5],"is_endless":false,"potions_floor_spawned":[1,7,11,12,13,18,19,31],"killed_by":"Champ","ascension_level":11}