{"gold_per_floor":[109,109,109,284,305,336,336,380,403,20,20],"floor_reached":11,"playtime":421,"items_purged":[],"score":83,"play_id":"0ffd9dcf-39f4-49ba-bb87-c49ad5d9ef3c","local_time":"20190716171803","is_ascension_mode":true,"campfire_choices":[{"data":"Echo Form","floor":7,"key":"SMITH"}],"neow_cost":"TEN_PERCENT_HP_LOSS","seed_source_timestamp":428091960788685,"circlet_count":0,"master_deck":["Strike_B","Strike_B","Strike_B","Strike_B","Defend_B","Defend_B","Defend_B","Defend_B","Zap","Echo Form+1","Auto Shields","Doubt","Ball Lightning","Capacitor","Mayhem"],"relics":["Cracked Core","Golden Idol","Juzu Bracelet","Anchor","DataDisk"],"potions_floor_usage":[5,8],"damage_taken":[{"damage":1,"enemies":"Jaw Worm","floor":1,"turns":5},{"damage":0,"enemies":"2 Louse","floor":5,"turns":1},{"damage":16,"enemies":"3 Sentries","floor":6,"turns":9},{"damage":26,"enemies":"Lagavulin","floor":8,"turns":9},{"damage":4,"enemies":"3 Sentries","floor":11,"turns":2}],"seed_played":"5137962750142165514","potions_obtained":[{"floor":1,"key":"Explosive Potion"},{"floor":6,"key":"Swift Potion"},{"floor":8,"key":"Weak Potion"}],"is_trial":false,"path_per_floor":["M","?","?","?","M","E","R","E","T","$","E"],"character_chosen":"DEFECT","items_purchased":["Capacitor","Mayhem","DataDisk"],"campfire_rested":0,"item_purchase_floors":[10,10,10],"current_hp_per_floor":[67,60,43,43,43,27,27,1,1,1,0],"gold":20,"neow_bonus":"THREE_RARE_CARDS","is_prod":false,"is_daily":false,"chose_seed":false,"campfire_upgraded":1,"win_rate":0,"timestamp":1563311883,"path_taken":["M","?","?","?","?","E","R","E","T","$","E"],"build_version":"2019-07-05","purchased_purges":0,"victory":false,"max_hp_per_floor":[68,68,68,68,68,68,68,68,68,68,68],"card_choices":[{"not_picked":["Multi-Cast","Reboot"],"picked":"Echo Form","floor":0},{"not_picked":["Fusion","Force Field"],"picked":"Auto Shields","floor":1},{"not_picked":["Hologram","Streamline","Heatsinks"],"picked":"SKIP","floor":5},{"not_picked":["Hologram","Streamline","Heatsinks"],"picked":"SKIP","floor":5},{"not_picked":["Coolheaded","Streamline","Rebound"],"picked":"SKIP","floor":6},{"not_picked":["Steam","Conserve Battery"],"picked":"Ball Lightning","floor":8}],"player_experience":163851,"relics_obtained":[{"floor":6,"key":"Juzu Bracelet"},{"floor":8,"key":"Anchor"}],"event_choices":[{"cards_removed":["Dualcast"],"damage_healed":0,"gold_gain":0,"player_choice":"Card Removal","damage_taken":7,"max_hp_gain":0,"max_hp_loss":0,"event_name":"Golden Wing","floor":2,"gold_loss":0},{"damage_healed":0,"gold_gain":0,"player_choice":"Take Damage","damage_taken":17,"relics_obtained":["Golden Idol"],"max_hp_gain":0,"max_hp_loss":0,"event_name":"Golden Idol","floor":3,"gold_loss":0},{"damage_healed":0,"gold_gain":175,"player_choice":"AGREE","damage_taken":0,"max_hp_gain":0,"max_hp_loss":0,"event_name":"Liars Game","floor":4,"gold_loss":0,"cards_obtained":["Doubt"]}],"is_beta":false,"boss_relics":[],"items_purged_floors":[],"is_endless":false,"potions_floor_spawned":[1,6,8],"killed_by":"3 Sentries","ascension_level":1}