{"path_per_floor":["M","M","?","$","M","M","?","M","T","R","E","?","R","M","R","B",null,"M","M","$"],"character_chosen":"THE_SILENT","items_purchased":["Apotheosis","Footwork","Accuracy","Cloak And Dagger"],"gold_per_floor":[117,131,231,10,20,37,58,70,70,70,97,76,76,91,91,192,192,212,222,29],"floor_reached":21,"campfire_rested":2,"playtime":1178,"current_hp_per_floor":[47,46,46,46,39,30,24,13,20,43,27,27,27,20,43,39,68,38,20,20],"items_purged":["Parasite"],"gold":29,"score":290,"play_id":"aa21501f-ee84-4aeb-abfa-fea59bdef027","local_time":"20180319004857","is_prod":false,"is_daily":false,"is_ascension_mode":true,"campfire_upgraded":1,"timestamp":1521416937,"path_taken":["M","M","?","$","M","M","?","?","T","R","E","?","R","M","R","BOSS","M","M","$","M"],"build_version":"2018-03-15v3","purchased_purges":1,"victory":false,"master_deck":["Defend_G","Defend_G","Defend_G","Defend_G","Defend_G","Strike_G","Strike_G","Strike_G","Strike_G","Strike_G","Survivor","Neutralize","Infinite Blades","Predator","Apotheosis+1","Footwork","Noxious Fumes","Acrobatics","Burst","Accuracy","Cloak And Dagger"],"max_hp_per_floor":[70,70,70,70,70,70,70,70,77,77,77,77,77,77,77,77,77,77,77,74],"relics":["Ring of the Snake","Odd Mushroom","Strawberry","Pen Nib","The Specimen"],"card_choices":[{"not_picked":["Choke","All Out Attack"],"picked":"Infinite Blades"},{"not_picked":["Flying Knee","Bane"],"picked":"Predator"},{"not_picked":["Dagger Throw","Burst"],"picked":"Noxious Fumes"},{"not_picked":["Quick Slash","Slice"],"picked":"Acrobatics"},{"not_picked":["Doppelganger","Venomology"],"picked":"Burst"}],"player_experience":424254,"potions_floor_usage":[19,19],"damage_taken":[{"damage":16.0,"enemies":"Cultist","floor":1.0,"turns":4.0},{"damage":1.0,"enemies":"2 Louse","floor":2.0,"turns":4.0},{"damage":7.0,"enemies":"Jaw Worm","floor":5.0,"turns":5.0},{"damage":9.0,"enemies":"Blue Slaver","floor":6.0,"turns":4.0},{"damage":18.0,"enemies":"The Mushroom Lair","floor":7.0,"turns":6.0},{"damage":11.0,"enemies":"3 Louse","floor":8.0,"turns":5.0},{"damage":16.0,"enemies":"Gremlin Nob","floor":11.0,"turns":4.0},{"damage":7.0,"enemies":"Exordium Thugs","floor":14.0,"turns":5.0},{"damage":4,"enemies":"The Guardian","floor":16,"turns":11},{"damage":30,"enemies":"3 Byrds","floor":18,"turns":6},{"damage":30,"enemies":"2 Thieves","floor":19,"turns":5},{"damage":26,"enemies":"Centurion and Healer","floor":21,"turns":4}],"event_choices":[{"event_name":"Golden Shrine","player_choice":"Pray","floor":3.0,"damage_taken":0.0},{"event_name":"Mushrooms","player_choice":"Fought Mushrooms","floor":7.0,"damage_taken":0.0},{"event_name":"World of Goop","player_choice":"Left","floor":12.0,"damage_taken":0.0}],"boss_relics":[{"not_picked":["Ectoplasm","Philosopher\u0027s Stone"],"picked":"The Specimen"}],"potions_floor_spawned":[1,2,5,14,16,18],"seed_played":"7136930992939825485","killed_by":"Centurion and Healer","ascension_level":12,"is_trial":false}