{"gold_per_floor":[119,50,50,63,75,75,93,103,127,51,51,71,71,84,84,188,188,208,123,123,123,48,48,67,67,94,94,42,56,0,13,13,13],"floor_reached":33,"playtime":3846,"items_purged":["Strike_R"],"score":309,"play_id":"6900c00f-21ed-4233-9062-01b51581f85c","local_time":"20190708174534","is_ascension_mode":true,"campfire_choices":[{"data":"Flex","floor":6.0,"key":"SMITH"},{"data":"Flex","floor":11.0,"key":"SMITH"},{"data":"Flex","floor":13.0,"key":"SMITH"},{"data":"Flex","floor":15.0,"key":"SMITH"},{"data":"Flex","floor":23,"key":"SMITH"},{"data":"Double Tap","floor":25,"key":"SMITH"},{"data":"Whirlwind","floor":27,"key":"SMITH"},{"floor":32,"key":"REST"}],"neow_cost":"NONE","seed_source_timestamp":0,"circlet_count":0,"master_deck":["Strike_R","Strike_R","Strike_R","Strike_R","Defend_R","Defend_R","Defend_R","Bash","Spot Weakness","Whirlwind+1","Wild Strike","Flex+1","Pommel Strike","Pommel Strike","Flex+1","Flex+1","Twin Strike","Impervious","Flex+1","Double Tap+1","Flex+1","Flex","Carnage+1","Whirlwind"],"special_seed":0,"relics":["Burning Blood","NeowsBlessing","Boot","Bronze Scales","Nilry\u0027s Codex","Centennial Puzzle"],"potions_floor_usage":[31],"damage_taken":[{"damage":0.0,"enemies":"Cultist","floor":1.0,"turns":1.0},{"damage":0.0,"enemies":"Jaw Worm","floor":4.0,"turns":1.0},{"damage":0.0,"enemies":"Small Slimes","floor":5.0,"turns":1.0},{"damage":12.0,"enemies":"Looter","floor":7.0,"turns":3.0},{"damage":0.0,"enemies":"3 Louse","floor":8.0,"turns":1.0},{"damage":0.0,"enemies":"Exordium Wildlife","floor":12.0,"turns":2.0},{"damage":0.0,"enemies":"Large Slime","floor":14.0,"turns":4.0},{"damage":32.0,"enemies":"The Guardian","floor":16.0,"turns":7.0},{"damage":1.0,"enemies":"Spheric Guardian","floor":18.0,"turns":3.0},{"damage":40,"enemies":"Shell Parasite","floor":24,"turns":4},{"damage":18,"enemies":"Shelled Parasite and Fungi","floor":29,"turns":2},{"damage":8,"enemies":"Snecko","floor":31,"turns":4},{"damage":101,"enemies":"Automaton","floor":33,"turns":6}],"seed_played":"-7690811241803652043","potions_obtained":[{"floor":4.0,"key":"Dexterity Potion"},{"floor":12.0,"key":"Block Potion"},{"floor":14.0,"key":"Fire Potion"},{"floor":29,"key":"Weak Potion"},{"floor":31,"key":"FairyPotion"}],"is_trial":false,"path_per_floor":["M","$","?","M","M","R","M","M","T","$","R","M","R","M","R","B",null,"M","?","?","?","$","R","M","R","T","R","$","M","?","M","R","B"],"character_chosen":"IRONCLAD","items_purchased":["Whirlwind","Flex","Twin Strike","Flex"],"campfire_rested":1,"item_purchase_floors":[2,10,10,28],"current_hp_per_floor":[80,80,80,80,80,80,74,80,80,80,80,80,80,80,80,54,80,80,80,80,64,64,64,30,30,30,30,30,18,18,16,40,0],"gold":13,"neow_bonus":"THREE_ENEMY_KILL","is_prod":false,"is_daily":false,"chose_seed":false,"campfire_upgraded":7,"win_rate":0,"timestamp":1562622334,"path_taken":["M","?","?","?","M","R","M","M","T","$","R","M","R","M","R","BOSS","M","?","?","?","$","R","M","R","T","R","$","M","?","?","R","BOSS"],"build_version":"2019-07-05","purchased_purges":1,"victory":false,"max_hp_per_floor":[80,80,80,80,80,80,80,80,80,80,80,80,80,80,80,80,80,80,80,80,80,80,80,80,80,80,80,80,80,80,80,80,80],"card_choices":[{"not_picked":["Clash","Power Through"],"picked":"Spot Weakness","floor":1.0},{"not_picked":["Intimidate","Havoc"],"picked":"Flex","floor":4.0},{"not_picked":["Dual Wield","Twin Strike"],"picked":"Pommel Strike","floor":5.0},{"not_picked":["Uppercut","Armaments"],"picked":"Pommel Strike","floor":7.0},{"not_picked":["Burning Pact","Cleave"],"picked":"Flex","floor":8.0},{"not_picked":["Havoc","Thunderclap"],"picked":"Impervious","floor":12.0},{"not_picked":["Armaments","Blood for Blood"],"picked":"Flex","floor":14.0},{"not_picked":["Reaper","Fiend Fire"],"picked":"Double Tap","floor":16.0},{"not_picked":["Second Wind","Hemokinesis"],"picked":"Flex","floor":18.0},{"not_picked":["Dropkick","Havoc","Warcry"],"picked":"SKIP","floor":24},{"not_picked":["Wild Strike","Heavy Blade"],"picked":"Carnage+1","floor":29},{"not_picked":["Body Slam","Pommel Strike+1"],"picked":"Whirlwind","floor":31}],"player_experience":119942,"relics_obtained":[{"floor":9.0,"key":"Boot"},{"floor":21.0,"key":"Nilry\u0027s Codex"},{"floor":26,"key":"Centennial Puzzle"}],"event_choices":[{"damage_healed":0.0,"max_hp_gain":0.0,"max_hp_loss":0.0,"gold_gain":0.0,"cards_transformed":["Defend_R"],"event_name":"Transmorgrifier","player_choice":"Transformed","floor":3.0,"gold_loss":0.0,"damage_taken":0.0,"cards_obtained":["Wild Strike"]},{"damage_healed":0.0,"max_hp_gain":0.0,"max_hp_loss":0.0,"gold_gain":0.0,"event_name":"Addict","player_choice":"Obtained Relic","floor":19.0,"gold_loss":85.0,"damage_taken":0.0,"relics_obtained":["Bronze Scales"]},{"damage_healed":0.0,"max_hp_gain":0.0,"max_hp_loss":0.0,"gold_gain":0.0,"event_name":"Ghosts","player_choice":"Ignored","floor":20.0,"gold_loss":0.0,"damage_taken":0.0},{"damage_healed":0.0,"max_hp_gain":0.0,"max_hp_loss":0.0,"gold_gain":0.0,"event_name":"Cursed Tome","player_choice":"Obtained Book","floor":21.0,"gold_loss":0.0,"damage_taken":16.0},{"damage_healed":0,"gold_gain":0,"player_choice":"Paid Fearfully","damage_taken":0,"max_hp_gain":0,"max_hp_loss":0,"event_name":"Masked Bandits","floor":30,"gold_loss":56}],"is_beta":false,"boss_relics":[{"not_picked":[]}],"items_purged_floors":[22],"is_endless":false,"potions_floor_spawned":[4,12,14,29,31],"killed_by":"Automaton","ascension_level":4}