{"gold_per_floor":[114,114,67,86,261,261,281,301,301,301,50,81,81,93,93,188,188,205,205,168,268,45,72,72,88,115,115,40,56,74,1,1,102,102,122,47,322,341,351,384,384,396,444,464,494,507,507],"floor_reached":47,"playtime":4174,"items_purged":[],"score":555,"play_id":"12154b01-0bd1-4f5b-b65f-2ebe46bd33ee","local_time":"20190629205125","is_ascension_mode":false,"campfire_choices":[{"floor":6,"key":"REST"},{"floor":13,"key":"REST"},{"floor":15,"key":"REST"},{"floor":24,"key":"REST"},{"floor":27,"key":"REST"},{"floor":32,"key":"REST"},{"floor":41,"key":"REST"}],"neow_cost":"PERCENT_DAMAGE","seed_source_timestamp":1390999188469759,"circlet_count":0,"master_deck":["Defend_G","Defend_G","Defend_G","Strike_G","Strike_G","Strike_G","Strike_G","Strike_G","Survivor","Neutralize","Quick Slash","Iron Wave","Flying Knee","Poisoned Stab","Doubt","Die Die Die","Quick Slash","Skewer","Finisher","Blur","Infinite Blades","Adrenaline","Blade Dance","Die Die Die","Footwork","Backstab","Endless Agony","Well Laid Plans+1","Transmutation","Skewer","Envenom","Finisher","Sucker Punch+1","Noxious Fumes","Masterful Stab","After Image","Noxious Fumes","Endless Agony","Regret","Dagger Spray+1","Backflip","Endless Agony+1","Poisoned Stab+1","Die Die Die","Flying Knee","Backstab+1"],"relics":["Ring of the Snake","Calipers","Pantograph","Ornamental Fan","Shuriken","Fusion Hammer","Mango","Bottled Tornado","Boot","Potion Belt","Sozu","Unceasing Top","Happy Flower","Dream Catcher"],"potions_floor_usage":[],"damage_taken":[{"damage":5,"enemies":"Jaw Worm","floor":1,"turns":6},{"damage":1,"enemies":"Cultist","floor":4,"turns":3},{"damage":0,"enemies":"2 Louse","floor":7,"turns":3},{"damage":10,"enemies":"Exordium Thugs","floor":8,"turns":4},{"damage":27,"enemies":"3 Sentries","floor":12,"turns":7},{"damage":8,"enemies":"2 Fungi Beasts","floor":14,"turns":3},{"damage":12,"enemies":"Slime Boss","floor":16,"turns":7},{"damage":15,"enemies":"2 Thieves","floor":18,"turns":3},{"damage":2,"enemies":"Colosseum Slavers","floor":21,"turns":2},{"damage":2,"enemies":"Colosseum Nobs","floor":21,"turns":4},{"damage":16,"enemies":"Gremlin Leader","floor":23,"turns":6},{"damage":4,"enemies":"Shell Parasite","floor":25,"turns":2},{"damage":2,"enemies":"Sentry and Sphere","floor":29,"turns":3},{"damage":6,"enemies":"Centurion and Healer","floor":30,"turns":4},{"damage":24,"enemies":"Collector","floor":33,"turns":7},{"damage":29,"enemies":"3 Shapes","floor":35,"turns":3},{"damage":0,"enemies":"Orb Walker","floor":38,"turns":2},{"damage":3,"enemies":"3 Darklings","floor":39,"turns":4},{"damage":13,"enemies":"Nemesis","floor":40,"turns":3},{"damage":8,"enemies":"Transient","floor":42,"turns":5},{"damage":2,"enemies":"Maw","floor":44,"turns":5},{"damage":9,"enemies":"Giant Head","floor":45,"turns":6},{"damage":8,"enemies":"Writhing Mass","floor":46,"turns":4},{"damage":37,"enemies":"Reptomancer","floor":47,"turns":4}],"seed_played":"1195684415927146568","potions_obtained":[{"floor":4,"key":"GhostInAJar"},{"floor":14,"key":"SteroidPotion"},{"floor":16,"key":"Poison Potion"},{"floor":21,"key":"PowerPotion"},{"floor":23,"key":"Regen Potion"},{"floor":29,"key":"Explosive Potion"},{"floor":33,"key":"Block Potion"}],"is_trial":false,"path_per_floor":["M","?","$","M","?","R","M","M","T","?","$","E","R","M","R","B",null,"M","?","$","?","$","E","R","M","T","R","?","M","M","$","R","B",null,"M","$","?","M","M","E","R","M","T","M","E","M","E"],"character_chosen":"THE_SILENT","items_purchased":["Flying Knee","Skewer","Finisher","Blur","Infinite Blades","Endless Agony","Transmutation","Skewer","Masterful Stab","Endless Agony"],"campfire_rested":7,"item_purchase_floors":[3,11,11,11,11,20,22,22,31,36],"current_hp_per_floor":[44,44,44,43,43,64,64,54,54,54,54,27,48,40,61,58,70,55,55,55,65,65,49,74,70,70,84,84,82,76,76,84,60,84,55,55,55,55,52,39,64,56,56,54,45,37,0],"gold":507,"neow_bonus":"ONE_RARE_RELIC","is_prod":false,"is_daily":false,"chose_seed":false,"campfire_upgraded":0,"win_rate":0.0,"timestamp":1561855885,"path_taken":["M","?","?","?","?","R","M","M","T","?","$","E","R","M","R","BOSS","M","?","$","?","$","E","R","M","T","R","?","M","M","$","R","BOSS","M","$","?","?","M","E","R","M","T","M","E","M","E"],"build_version":"2019-01-23","purchased_purges":0,"victory":false,"max_hp_per_floor":[70,70,70,70,70,70,70,70,70,70,70,70,70,70,70,70,70,70,70,70,84,84,84,84,84,84,84,84,84,84,84,84,84,84,84,84,84,84,84,84,84,84,84,84,84,84,84],"card_choices":[{"not_picked":["Underhanded Strike","Slice"],"picked":"Quick Slash","floor":1},{"not_picked":["Prepared","Underhanded Strike"],"picked":"Poisoned Stab","floor":4},{"not_picked":["Catalyst","Heel Hook"],"picked":"Die Die Die","floor":7},{"not_picked":["Caltrops","Acrobatics"],"picked":"Quick Slash","floor":8},{"not_picked":["Flying Knee","Bane"],"picked":"Adrenaline","floor":12},{"not_picked":["Dagger Throw","PiercingWail"],"picked":"Blade Dance","floor":14},{"not_picked":["Corpse Explosion","Bullet Time"],"picked":"Die Die Die","floor":16},{"not_picked":["PiercingWail","Blade Dance"],"picked":"Footwork","floor":18},{"not_picked":["Leg Sweep","Tactician"],"picked":"Well Laid Plans+1","floor":21},{"not_picked":["Eviscerate","Skewer"],"picked":"Envenom","floor":23},{"not_picked":["Reflex","Quick Slash"],"picked":"Finisher","floor":25},{"not_picked":["Acrobatics","Slice"],"picked":"Sucker Punch+1","floor":29},{"not_picked":["Dodge and Roll","Quick Slash"],"picked":"Noxious Fumes","floor":30},{"not_picked":["A Thousand Cuts","Burst"],"picked":"After Image","floor":33},{"not_picked":["Acrobatics+1","Prepared+1"],"picked":"Noxious Fumes","floor":35},{"not_picked":["Quick Slash+1","Well Laid Plans"],"picked":"Dagger Spray+1","floor":38},{"not_picked":["Underhanded Strike+1","Deadly Poison"],"picked":"Backflip","floor":39},{"not_picked":["Noxious Fumes","Dodge and Roll+1"],"picked":"Endless Agony+1","floor":40},{"not_picked":["Dodge and Roll+1","Reflex+1"],"picked":"Poisoned Stab+1","floor":42},{"not_picked":["Riddle With Holes","Prepared"],"picked":"Die Die Die","floor":44},{"not_picked":["Deflect+1","Blur+1"],"picked":"Flying Knee","floor":45},{"not_picked":["Skewer","Bane"],"picked":"Backstab+1","floor":46}],"player_experience":13604,"relics_obtained":[{"floor":9,"key":"Pantograph"},{"floor":12,"key":"Shuriken"},{"floor":21,"key":"Mango"},{"floor":21,"key":"Bottled Tornado"},{"floor":23,"key":"Boot"},{"floor":26,"key":"Potion Belt"},{"floor":40,"key":"Unceasing Top"},{"floor":43,"key":"Happy Flower"},{"floor":45,"key":"Dream Catcher"}],"event_choices":[{"cards_removed":["Defend_G"],"damage_healed":0,"gold_gain":0,"player_choice":"Took Card","damage_taken":0,"max_hp_gain":0,"max_hp_loss":0,"event_name":"NoteForYourself","floor":2,"gold_loss":0,"cards_obtained":["Iron Wave"]},{"damage_healed":0,"gold_gain":175,"player_choice":"AGREE","damage_taken":0,"max_hp_gain":0,"max_hp_loss":0,"event_name":"Liars Game","floor":5,"gold_loss":0,"cards_obtained":["Doubt"]},{"damage_healed":0,"gold_gain":0,"player_choice":"Gave Potion","damage_taken":0,"relics_obtained":["Ornamental Fan"],"max_hp_gain":0,"max_hp_loss":0,"event_name":"WeMeetAgain","floor":10,"gold_loss":0},{"damage_healed":0,"gold_gain":0,"player_choice":"Read","damage_taken":0,"max_hp_gain":0,"max_hp_loss":0,"event_name":"The Library","floor":19,"gold_loss":0,"cards_obtained":["Backstab"]},{"damage_healed":0,"gold_gain":0,"player_choice":"Fight","damage_taken":0,"max_hp_gain":0,"max_hp_loss":0,"event_name":"Colosseum","floor":21,"gold_loss":0},{"damage_healed":0,"gold_gain":0,"player_choice":"Fought Nobs","damage_taken":0,"max_hp_gain":0,"max_hp_loss":0,"event_name":"Colosseum","floor":21,"gold_loss":0},{"cards_removed":["Defend_G"],"damage_healed":0,"gold_gain":0,"player_choice":"Gave Gold","damage_taken":0,"max_hp_gain":0,"max_hp_loss":0,"event_name":"Beggar","floor":28,"gold_loss":75},{"damage_healed":0,"gold_gain":275,"player_choice":"Desecrate","damage_taken":0,"max_hp_gain":0,"max_hp_loss":0,"event_name":"Golden Shrine","floor":37,"gold_loss":0,"cards_obtained":["Regret"]}],"is_beta":false,"boss_relics":[{"not_picked":["Empty Cage","Coffee Dripper"],"picked":"Fusion Hammer"},{"not_picked":["Calling Bell","Ring of the Serpent"],"picked":"Sozu"}],"items_purged_floors":[],"is_endless":false,"potions_floor_spawned":[4,14,16,21,23,29,33,39,40,44,45],"killed_by":"Reptomancer","ascension_level":0}