{"gold_per_floor":[110,71,82,82,82,123,123,167,167,185,185,93,109,147,147,243,243,257,240,261,261,261],"floor_reached":22,"playtime":674,"items_purged":["Pain"],"score":458,"play_id":"78f7fbe2-ea19-4545-a855-03f16b7f5d7e","local_time":"20190727014848","is_ascension_mode":true,"campfire_choices":[{"data":"Chaos","floor":7,"key":"SMITH"},{"floor":11,"key":"REST"},{"floor":15,"key":"REST"}],"neow_cost":"NONE","seed_source_timestamp":479341542131916,"circlet_count":0,"master_deck":["AscendersBane","Strike_B","Strike_B","Strike_B","Strike_B","Defend_B","Defend_B","Defend_B","Defend_B","Zap","Dualcast","Go for the Eyes","Darkness","Turbo","Chaos+1","Barrage","Reinforced Body","White Noise","Sunder","Multi-Cast","Chill","Hologram+1"],"relics":["Cracked Core","NeowsBlessing","Golden Idol","WarpedTongs","Mummified Hand","Smiling Mask","Cables","Happy Flower","Velvet Choker"],"potions_floor_usage":[13,14,16],"damage_taken":[{"damage":0,"enemies":"Small Slimes","floor":1,"turns":1},{"damage":0,"enemies":"Jaw Worm","floor":3,"turns":1},{"damage":0,"enemies":"Gremlin Nob","floor":6,"turns":1},{"damage":30,"enemies":"Lagavulin","floor":8,"turns":5},{"damage":3,"enemies":"Cultist","floor":10,"turns":3},{"damage":18,"enemies":"Gremlin Gang","floor":13,"turns":5},{"damage":28,"enemies":"3 Sentries","floor":14,"turns":5},{"damage":1,"enemies":"Slime Boss","floor":16,"turns":7},{"damage":3,"enemies":"Chosen","floor":18,"turns":5},{"damage":16,"enemies":"2 Thieves","floor":19,"turns":4},{"damage":18,"enemies":"Snecko","floor":20,"turns":6},{"damage":24,"enemies":"Snake Plant","floor":22,"turns":1}],"seed_played":"3537090014974786741","potions_obtained":[{"floor":6,"key":"GamblersBrew"},{"floor":13,"key":"LiquidBronze"},{"floor":14,"key":"Fire Potion"},{"floor":20,"key":"Explosive Potion"},{"floor":21,"key":"FairyPotion"},{"floor":21,"key":"FocusPotion"}],"is_trial":false,"path_per_floor":["M","$","M","?","?","E","R","E","T","M","R","$","M","E","R","B",null,"M","M","M","?","M"],"character_chosen":"DEFECT","items_purchased":["Darkness","Reinforced Body"],"campfire_rested":2,"item_purchase_floors":[2,12],"current_hp_per_floor":[64,64,64,64,64,64,64,34,34,31,50,50,32,4,23,22,54,51,35,17,17,0],"gold":261,"neow_bonus":"THREE_ENEMY_KILL","is_prod":false,"is_daily":false,"chose_seed":false,"campfire_upgraded":1,"win_rate":0,"timestamp":1564159728,"path_taken":["M","$","M","?","?","E","R","E","T","?","R","$","M","E","R","BOSS","M","?","M","?","M"],"build_version":"2019-07-17","purchased_purges":1,"victory":false,"max_hp_per_floor":[71,71,71,64,64,64,64,64,64,64,64,64,64,64,64,64,64,64,64,64,64,64],"card_choices":[{"not_picked":["Gash","Cold Snap"],"picked":"Go for the Eyes","floor":1},{"not_picked":["Blizzard","Leap"],"picked":"Turbo","floor":3},{"not_picked":["Turbo","Barrage"],"picked":"Chaos","floor":6},{"not_picked":["Turbo","Beam Cell","Hyperbeam"],"picked":"SKIP","floor":8},{"not_picked":["Turbo","Chaos"],"picked":"Barrage","floor":10},{"not_picked":["Auto Shields","Turbo"],"picked":"White Noise","floor":13},{"not_picked":["White Noise","Loop"],"picked":"Sunder","floor":14},{"not_picked":["Machine Learning","Reboot"],"picked":"Multi-Cast","floor":16},{"not_picked":["Steam","Sweeping Beam"],"picked":"Chill","floor":18},{"not_picked":["Rebound","Steam"],"picked":"Hologram+1","floor":19},{"not_picked":["Hello World","Streamline","Compile Driver"],"picked":"SKIP","floor":20}],"player_experience":1024117,"relics_obtained":[{"floor":6,"key":"Mummified Hand"},{"floor":8,"key":"Smiling Mask"},{"floor":9,"key":"Cables"},{"floor":14,"key":"Happy Flower"}],"event_choices":[{"damage_healed":0,"gold_gain":0,"player_choice":"Lose Max HP","damage_taken":0,"relics_obtained":["Golden Idol"],"max_hp_gain":0,"max_hp_loss":7,"event_name":"Golden Idol","floor":4,"gold_loss":0},{"damage_healed":0,"gold_gain":0,"player_choice":"Rummage","damage_taken":0,"relics_obtained":["WarpedTongs"],"max_hp_gain":0,"max_hp_loss":0,"event_name":"Accursed Blacksmith","floor":5,"gold_loss":0,"cards_obtained":["Pain"]},{"damage_healed":0,"gold_gain":0,"player_choice":"Got Potions","damage_taken":0,"max_hp_gain":0,"max_hp_loss":0,"event_name":"Lab","floor":21,"gold_loss":0}],"is_beta":false,"boss_relics":[{"not_picked":["Coffee Dripper","Black Star"],"picked":"Velvet Choker"}],"items_purged_floors":[12],"is_endless":false,"potions_floor_spawned":[6,13,14,20],"killed_by":"Snake Plant","ascension_level":20}