{"gold_per_floor":[109,109,161,12,35,71,90,134,157,6,24,24,24,42,42,42],"floor_reached":16,"playtime":730,"items_purged":[],"score":116,"play_id":"0ca4a710-120e-4fe9-aa1e-09356c8ba396","local_time":"20190716154752","is_ascension_mode":true,"campfire_choices":[{"floor":12,"key":"REST"},{"floor":15,"key":"REST"}],"neow_cost":"NONE","seed_source_timestamp":422372779557737,"circlet_count":0,"master_deck":["Strike_B+1","Strike_B","Strike_B+1","Strike_B","Defend_B","Defend_B","Defend_B","Defend_B","Zap","Dualcast","Chaos","Injury","Glacier","Auto Shields"],"relics":["Cracked Core","Golden Idol","Ancient Tea Set","DataDisk","Frozen Egg 2","Vajra","Pen Nib","Bag of Preparation"],"potions_floor_usage":[6,8,16,16,16],"damage_taken":[{"damage":0,"enemies":"2 Louse","floor":1,"turns":3},{"damage":11,"enemies":"Jaw Worm","floor":5,"turns":3},{"damage":54,"enemies":"Gremlin Nob","floor":6,"turns":7},{"damage":0,"enemies":"Cultist","floor":7,"turns":3},{"damage":3,"enemies":"3 Sentries","floor":8,"turns":7},{"damage":5,"enemies":"Exordium Thugs","floor":11,"turns":6},{"damage":0,"enemies":"Looter","floor":14,"turns":2},{"damage":47,"enemies":"Slime Boss","floor":16,"turns":13}],"seed_played":"-7570717595936322769","potions_obtained":[{"floor":0,"key":"Energy Potion"},{"floor":0,"key":"SteroidPotion"},{"floor":0,"key":"Dexterity Potion"},{"floor":6,"key":"Fire Potion"},{"floor":8,"key":"SkillPotion"},{"floor":11,"key":"Regen Potion"}],"is_trial":false,"path_per_floor":["M","?","T","$","M","E","M","E","T","$","M","R","?","M","R","B"],"character_chosen":"DEFECT","items_purchased":["DataDisk","Bag of Preparation"],"campfire_rested":2,"item_purchase_floors":[4,10],"current_hp_per_floor":[75,75,75,75,64,10,10,7,7,7,2,24,9,9,31,0],"gold":42,"neow_bonus":"THREE_SMALL_POTIONS","is_prod":false,"is_daily":false,"chose_seed":false,"campfire_upgraded":0,"win_rate":0,"timestamp":1563306472,"path_taken":["M","?","?","$","M","E","M","E","T","?","M","R","?","M","R","BOSS"],"build_version":"2019-07-05","purchased_purges":0,"victory":false,"max_hp_per_floor":[75,75,75,75,75,75,75,75,75,75,75,75,75,75,75,75],"card_choices":[{"not_picked":["Streamline","Gash"],"picked":"Chaos","floor":1},{"not_picked":["Steam","Rebound"],"picked":"Glacier","floor":5},{"not_picked":["Barrage","Redo","Sunder"],"picked":"SKIP","floor":6},{"not_picked":["Beam Cell","Stack","Darkness"],"picked":"SKIP","floor":7},{"not_picked":["Meteor Strike","Cold Snap"],"picked":"Auto Shields","floor":8},{"not_picked":["Conserve Battery","Sweeping Beam","Coolheaded"],"picked":"SKIP","floor":11},{"not_picked":["Consume","Redo","Meteor Strike"],"picked":"SKIP","floor":14}],"player_experience":158183,"relics_obtained":[{"floor":3,"key":"Ancient Tea Set"},{"floor":6,"key":"Frozen Egg 2"},{"floor":8,"key":"Vajra"},{"floor":9,"key":"Pen Nib"}],"event_choices":[{"damage_healed":0,"gold_gain":0,"player_choice":"Take Wound","damage_taken":0,"relics_obtained":["Golden Idol"],"max_hp_gain":0,"max_hp_loss":0,"event_name":"Golden Idol","floor":2,"gold_loss":0,"cards_obtained":["Injury"]},{"damage_healed":0,"gold_gain":0,"player_choice":"Entered Light","damage_taken":15,"max_hp_gain":0,"max_hp_loss":0,"event_name":"Shining Light","floor":13,"gold_loss":0,"cards_upgraded":["Strike_B","Strike_B"]}],"is_beta":false,"boss_relics":[],"items_purged_floors":[],"is_endless":false,"potions_floor_spawned":[6,8,11],"killed_by":"Slime Boss","ascension_level":1}