{"path_per_floor":["M","M","$","?","M","R","?","M","T","M","?","R","$","E","R","B",null,"M","$","?","M","?","R","M","R","T","M","?","M"],"character_chosen":"THE_SILENT","items_purchased":["Noxious Fumes","Regal Pillow","Footwork"],"gold_per_floor":[114,126,11,11,28,28,28,41,67,86,86,86,86,114,114,187,187,197,3,3,21,21,21,31,31,31,51,51,66,66],"floor_reached":30,"campfire_rested":2,"playtime":1021,"current_hp_per_floor":[63,63,63,45,43,43,48,40,47,42,42,42,42,21,45,36,71,39,39,39,37,37,37,24,63,63,44,92,64,0],"items_purged":["Strike_G"],"gold":66,"score":405,"play_id":"e7f34665-61b0-4791-adcc-b1ce449aaa83","local_time":"20180325210541","is_prod":false,"is_daily":false,"is_ascension_mode":true,"campfire_upgraded":3,"timestamp":1522004741,"path_taken":["BOSS","M","M","$","?","M","R","?","M","T","M","?","R","$","E","R","BOSS","M","$","?","?","?","R","M","R","T","M","?","M","E"],"build_version":"2018-03-22v2","purchased_purges":2,"victory":false,"master_deck":["Defend_G","Defend_G","Defend_G","Defend_G","Defend_G","Strike_G","Strike_G","Strike_G","Survivor","Neutralize","AscendersBane","Cloak And Dagger","Bouncing Flask+1","Noxious Fumes+1","Acrobatics","Footwork+1","Bane","After Image"],"max_hp_per_floor":[70,70,70,70,70,70,75,75,82,82,82,82,82,82,82,82,82,82,82,82,82,82,82,82,82,82,82,92,92,92],"relics":["Ring of the Snake","Meat on the Bone","Strawberry","Smiling Mask","White Beast Statue","Regal Pillow","Bag of Marbles"],"card_choices":[{"not_picked":["Quick Slash","Deflect"],"picked":"Cloak And Dagger","floor":1.0},{"not_picked":["PiercingWail","Sucker Punch"],"picked":"Bouncing Flask","floor":2.0},{"not_picked":["Dash","Infinite Blades"],"picked":"Acrobatics","floor":10.0},{"not_picked":["Envenom","Doppelganger"],"picked":"Corpse Explosion","floor":16.0},{"not_picked":["PiercingWail","Backflip"],"picked":"After Image","floor":27}],"player_experience":460443,"potions_floor_usage":[24,27,30],"damage_taken":[{"damage":0.0,"enemies":"2 Louse","floor":1.0,"turns":4.0},{"damage":0.0,"enemies":"Small Slimes","floor":2.0,"turns":4.0},{"damage":2.0,"enemies":"Cultist","floor":5.0,"turns":4.0},{"damage":8.0,"enemies":"Looter","floor":8.0,"turns":3.0},{"damage":5.0,"enemies":"2 Fungi Beasts","floor":10.0,"turns":5.0},{"damage":33.0,"enemies":"Gremlin Nob","floor":14.0,"turns":5.0},{"damage":21.0,"enemies":"Hexaghost","floor":16.0,"turns":8.0},{"damage":44.0,"enemies":"3 Byrds","floor":18.0,"turns":5.0},{"damage":23.0,"enemies":"Chosen","floor":21.0,"turns":6.0},{"damage":25,"enemies":"Snecko","floor":24,"turns":6},{"damage":31,"enemies":"Chosen and Byrds","floor":27,"turns":7},{"damage":28,"enemies":"3 Cultists","floor":29,"turns":6},{"damage":66,"enemies":"Slavers","floor":30,"turns":6}],"event_choices":[{"event_name":"Scrap Ooze","player_choice":"success","floor":4.0,"damage_taken":18.0},{"event_name":"Big Fish","player_choice":"Donut","floor":7.0,"damage_taken":0.0},{"event_name":"Liars Game","player_choice":"disagreed","floor":11.0,"damage_taken":0.0},{"event_name":"Transmorgrifier","player_choice":"Transform","floor":20.0,"damage_taken":0.0},{"event_name":"Addict","player_choice":"Ignored","floor":22.0,"damage_taken":0.0},{"event_name":"Bonfire Elementals","player_choice":"RARE","floor":28,"damage_taken":0}],"boss_relics":[],"potions_floor_spawned":[1,16,18,21,24,27,29],"seed_played":"2982621744440815874","killed_by":"Slavers","ascension_level":13,"is_trial":false}