{"gold_per_floor":[111,130,130,150,150,150,150,164,164,199,199,217,217,258,258,258],"floor_reached":16,"playtime":937,"items_purged":[],"score":232,"play_id":"3dd9656d-60bc-4d38-b697-1570109db0bd","local_time":"20190723184534","is_ascension_mode":true,"campfire_choices":[{"data":"Searing Blow","floor":6.0,"key":"SMITH"},{"data":"Searing Blow+1","floor":11,"key":"SMITH"},{"data":"Searing Blow+2","floor":13,"key":"SMITH"},{"data":"Searing Blow+3","floor":15,"key":"SMITH"}],"neow_cost":"NONE","seed_source_timestamp":1095698336869200,"circlet_count":0,"master_deck":["Strike_R","Strike_R","Strike_R","Strike_R","Defend_R","Defend_R","Defend_R","Defend_R","Bash","Dark Embrace","Sword Boomerang","Searing Blow+4","Inflame","Seeing Red","Impervious"],"special_seed":0,"relics":["Burning Blood","Golden Idol","Ancient Tea Set","Molten Egg 2","Lantern"],"potions_floor_usage":[14,14,16],"damage_taken":[{"damage":15.0,"enemies":"2 Louse","floor":1.0,"turns":3.0},{"damage":10.0,"enemies":"Small Slimes","floor":2.0,"turns":3.0},{"damage":1.0,"enemies":"Cultist","floor":4.0,"turns":3.0},{"damage":14,"enemies":"Red Slaver","floor":8,"turns":4},{"damage":50,"enemies":"3 Sentries","floor":10,"turns":10},{"damage":16,"enemies":"Blue Slaver","floor":12,"turns":3},{"damage":1,"enemies":"Lagavulin","floor":14,"turns":6},{"damage":31,"enemies":"Slime Boss","floor":16,"turns":8}],"seed_played":"2780432202243833180","potions_obtained":[{"floor":8,"key":"SkillPotion"},{"floor":10,"key":"BloodPotion"},{"floor":12,"key":"SkillPotion"}],"is_trial":false,"path_per_floor":["M","M","?","M","?","R","?","M","T","E","R","M","R","E","R","B"],"character_chosen":"IRONCLAD","items_purchased":[],"campfire_rested":0,"item_purchase_floors":[],"current_hp_per_floor":[63,59,64,69,69,69,69,61,61,17,17,7,7,12,12,0],"gold":258,"neow_bonus":"TRANSFORM_CARD","is_prod":false,"is_daily":false,"chose_seed":false,"campfire_upgraded":4,"win_rate":0,"timestamp":1563932734,"path_taken":["M","M","?","M","?","R","?","M","T","E","R","M","R","E","R","BOSS"],"build_version":"2019-07-18","purchased_purges":0,"victory":false,"max_hp_per_floor":[80,80,85,85,79,79,79,79,79,79,79,79,79,79,79,79],"card_choices":[{"not_picked":["Heavy Blade","Second Wind"],"picked":"Sword Boomerang","floor":1.0},{"not_picked":["Flex","Perfected Strike"],"picked":"Searing Blow","floor":2.0},{"not_picked":["Reckless Charge","Pummel","Perfected Strike"],"picked":"SKIP","floor":4.0},{"not_picked":["Disarm","Twin Strike","Metallicize"],"picked":"SKIP","floor":8},{"not_picked":["Thunderclap","Iron Wave"],"picked":"Seeing Red","floor":10},{"not_picked":["Body Slam+1","Heavy Blade+1"],"picked":"Impervious","floor":12},{"not_picked":["Flex","Fiend Fire+1","Warcry"],"picked":"SKIP","floor":14}],"player_experience":147932,"relics_obtained":[{"floor":9,"key":"Ancient Tea Set"},{"floor":10,"key":"Molten Egg 2"},{"floor":14,"key":"Lantern"}],"event_choices":[{"damage_healed":0.0,"max_hp_gain":5.0,"max_hp_loss":0.0,"gold_gain":0.0,"event_name":"Big Fish","player_choice":"Donut","floor":3.0,"gold_loss":0.0,"damage_taken":0.0},{"damage_healed":0.0,"max_hp_gain":0.0,"max_hp_loss":6.0,"gold_gain":0.0,"event_name":"Golden Idol","player_choice":"Lose Max HP","floor":5.0,"gold_loss":0.0,"damage_taken":0.0,"relics_obtained":["Golden Idol"]},{"damage_healed":0,"gold_gain":0,"player_choice":"1 cards matched","damage_taken":0,"max_hp_gain":0,"max_hp_loss":0,"event_name":"Match and Keep!","floor":7,"gold_loss":0,"cards_obtained":["Inflame"]}],"is_beta":true,"boss_relics":[],"items_purged_floors":[],"is_endless":false,"potions_floor_spawned":[8,10,12],"killed_by":"Slime Boss","ascension_level":9}