{"gold_per_floor":[119,19,19,30,47,47,75,75,152,152,185,185,205,205,205,205],"floor_reached":16,"playtime":374,"items_purged":["Strike_R"],"score":108,"play_id":"e5eb4947-c1cc-4f24-ba84-649185271d03","local_time":"20190728171805","is_ascension_mode":false,"campfire_choices":[{"data":"Whirlwind","floor":6,"key":"SMITH"},{"data":"Rampage","floor":8,"key":"SMITH"},{"data":"Feel No Pain","floor":10,"key":"SMITH"},{"floor":15,"key":"REST"}],"neow_cost":"NONE","seed_source_timestamp":1549085690865300,"circlet_count":0,"master_deck":["Strike_R","Strike_R","Strike_R","Strike_R+1","Defend_R","Defend_R","Defend_R","Defend_R","Bash+1","Rampage+1","Flex+1","Whirlwind+1","Feel No Pain+1","Feed","Shrug It Off","Carnage+1"],"relics":["Burning Blood","NeowsBlessing","GremlinMask","Centennial Puzzle","Molten Egg 2","Happy Flower"],"potions_floor_usage":[11],"damage_taken":[{"damage":0,"enemies":"Cultist","floor":1,"turns":1},{"damage":0,"enemies":"2 Louse","floor":4,"turns":1},{"damage":0,"enemies":"Small Slimes","floor":5,"turns":1},{"damage":36,"enemies":"Lagavulin","floor":7,"turns":5},{"damage":23,"enemies":"3 Sentries","floor":11,"turns":6},{"damage":12,"enemies":"Blue Slaver","floor":13,"turns":3},{"damage":39,"enemies":"The Guardian","floor":16,"turns":6}],"seed_played":"-6041415515915400433","potions_obtained":[{"floor":7,"key":"SpeedPotion"}],"is_trial":false,"path_per_floor":["M","$","?","M","M","R","E","R","T","R","E","?","M","?","R","B"],"character_chosen":"IRONCLAD","items_purchased":["Flex"],"campfire_rested":1,"item_purchase_floors":[2],"current_hp_per_floor":[80,80,80,80,80,80,50,50,50,50,36,19,13,13,37,0],"gold":205,"neow_bonus":"THREE_ENEMY_KILL","is_prod":false,"is_daily":false,"chose_seed":false,"campfire_upgraded":3,"win_rate":0,"timestamp":1564352285,"path_taken":["M","$","?","M","?","R","E","R","T","R","E","?","M","?","R","BOSS"],"build_version":"2019-07-17","purchased_purges":1,"victory":false,"max_hp_per_floor":[80,80,80,80,80,80,80,80,80,80,83,83,83,83,83,83],"card_choices":[{"not_picked":["Clothesline","Flex"],"picked":"Rampage","floor":1},{"not_picked":["Perfected Strike","Heavy Blade"],"picked":"Whirlwind","floor":4},{"not_picked":["Power Through","True Grit"],"picked":"Feel No Pain","floor":5},{"not_picked":["True Grit","Perfected Strike"],"picked":"Feed","floor":7},{"not_picked":["Sword Boomerang+1","Second Wind"],"picked":"Shrug It Off","floor":11},{"not_picked":["Wild Strike+1","Havoc"],"picked":"Carnage+1","floor":13}],"player_experience":821977,"relics_obtained":[{"floor":7,"key":"Centennial Puzzle"},{"floor":9,"key":"Molten Egg 2"},{"floor":11,"key":"Happy Flower"}],"event_choices":[{"damage_healed":0,"gold_gain":0,"player_choice":"Trade","damage_taken":0,"relics_obtained":["GremlinMask"],"max_hp_gain":0,"max_hp_loss":0,"event_name":"FaceTrader","floor":3,"gold_loss":0},{"damage_healed":0,"gold_gain":0,"player_choice":"Entered Light","damage_taken":17,"max_hp_gain":0,"max_hp_loss":0,"event_name":"Shining Light","floor":12,"gold_loss":0,"cards_upgraded":["Flex","Strike_R"]},{"damage_healed":0,"gold_gain":0,"player_choice":"Upgraded","damage_taken":0,"max_hp_gain":0,"max_hp_loss":0,"event_name":"Upgrade Shrine","floor":14,"gold_loss":0,"cards_upgraded":["Bash"]}],"is_beta":false,"boss_relics":[],"items_purged_floors":[2],"is_endless":false,"potions_floor_spawned":[7],"killed_by":"The Guardian","ascension_level":0}