{"gold_per_floor":[118,138,17,17,17,43,43,63,63,63,83,83,117,133,133,133],"floor_reached":16,"playtime":412,"items_purged":["Strike_G"],"score":236,"play_id":"349fbece-edb2-474e-a767-f89482044b29","local_time":"20190116231240","is_ascension_mode":true,"campfire_choices":[{"data":"Deadly Poison","floor":10.0,"key":"SMITH"},{"data":"Poisoned Stab","floor":12,"key":"SMITH"},{"data":"Acrobatics","floor":15,"key":"SMITH"}],"neow_cost":"NONE","seed_source_timestamp":699217902638179,"circlet_count":0,"master_deck":["AscendersBane","Defend_G","Defend_G","Defend_G","Defend_G","Defend_G","Strike_G","Strike_G","Strike_G","Survivor","Neutralize","Poisoned Stab+1","Cloak And Dagger","Deadly Poison+1","Corpse Explosion","Acrobatics+1","Tactician"],"special_seed":0,"relics":["Ring of the Snake","NeowsBlessing","Ornamental Fan","Ancient Tea Set","Bronze Scales"],"potions_floor_usage":[13,16],"damage_taken":[{"damage":0.0,"enemies":"Jaw Worm","floor":1.0,"turns":1.0},{"damage":0.0,"enemies":"Small Slimes","floor":2.0,"turns":1.0},{"damage":0.0,"enemies":"3 Sentries","floor":6.0,"turns":1.0},{"damage":0.0,"enemies":"Cultist","floor":8.0,"turns":4.0},{"damage":9,"enemies":"Large Slime","floor":11,"turns":8},{"damage":5,"enemies":"Gremlin Nob","floor":13,"turns":4},{"damage":2,"enemies":"Exordium Wildlife","floor":14,"turns":3},{"damage":51,"enemies":"Slime Boss","floor":16,"turns":7}],"seed_played":"6711999858499618704","potions_obtained":[{"floor":1.0,"key":"SneckoOil"},{"floor":8.0,"key":"GhostInAJar"},{"floor":13,"key":"SkillPotion"}],"is_trial":false,"path_per_floor":["M","M","$","?","$","E","?","M","T","R","M","R","E","M","R","B"],"character_chosen":"THE_SILENT","items_purchased":["Deadly Poison"],"campfire_rested":0,"item_purchase_floors":[3],"current_hp_per_floor":[59,59,59,64,64,64,64,64,64,64,55,55,50,48,48,0],"gold":133,"neow_bonus":"THREE_ENEMY_KILL","is_prod":false,"is_daily":false,"chose_seed":false,"campfire_upgraded":3,"win_rate":0,"timestamp":1547676760,"path_taken":["M","M","$","?","$","E","?","M","T","R","M","R","E","M","R","BOSS"],"build_version":"2019-01-10","purchased_purges":1,"victory":false,"max_hp_per_floor":[66,66,66,71,71,71,71,71,71,71,71,71,71,71,71,71],"card_choices":[{"not_picked":["Deflect","Outmaneuver"],"picked":"Poisoned Stab","floor":1.0},{"not_picked":["Eviscerate","Bane"],"picked":"Cloak And Dagger","floor":2.0},{"not_picked":["Dodge and Roll","Catalyst"],"picked":"Corpse Explosion","floor":6.0},{"not_picked":["Backstab","Poisoned Stab"],"picked":"Acrobatics","floor":8.0},{"not_picked":["Heel Hook","PiercingWail","Blade Dance"],"picked":"SKIP","floor":11},{"not_picked":["Terror","Underhanded Strike"],"picked":"Tactician","floor":13},{"not_picked":["Escape Plan","PiercingWail","Dagger Throw"],"picked":"SKIP","floor":14}],"player_experience":760521,"relics_obtained":[{"floor":6.0,"key":"Ornamental Fan"},{"floor":9.0,"key":"Ancient Tea Set"},{"floor":13,"key":"Bronze Scales"}],"event_choices":[{"damage_healed":0.0,"max_hp_gain":5.0,"max_hp_loss":0.0,"gold_gain":0.0,"event_name":"Big Fish","player_choice":"Donut","floor":4.0,"gold_loss":0.0,"damage_taken":0.0},{"cards_removed":["Strike_G"],"damage_healed":0.0,"max_hp_gain":0.0,"max_hp_loss":0.0,"gold_gain":0.0,"event_name":"Living Wall","player_choice":"Forget","floor":7.0,"gold_loss":0.0,"damage_taken":0.0}],"is_beta":false,"boss_relics":[],"items_purged_floors":[3],"is_endless":false,"potions_floor_spawned":[1,8,13],"killed_by":"Slime Boss","ascension_level":15}