{"path_per_floor":["M","M","?","$","?","R","E","M","T","M","R","E","?","M","R"],"character_chosen":"DEFECT","items_purchased":[],"gold_per_floor":[115,128,78,3,3,3,39,57,81,97,97,141,118,132,132,132],"floor_reached":16,"campfire_rested":1,"playtime":539,"current_hp_per_floor":[63,56,56,56,36,36,6,6,6,4,28,14,14,9,9,0],"items_purged":["Strike_B"],"gold":132,"score":154,"play_id":"34a6e603-2ed8-4fcc-b84d-b1c30d17bb19","local_time":"20180513115802","is_prod":false,"is_daily":false,"chose_seed":false,"is_ascension_mode":true,"campfire_upgraded":2,"timestamp":1526205482,"path_taken":["M","M","?","$","?","R","E","M","T","?","R","E","?","M","R","BOSS"],"build_version":"2018-05-12v2","seed_source_timestamp":82495339348840,"purchased_purges":1,"victory":false,"master_deck":["Strike_B","Strike_B","Defend_B","Defend_B","Defend_B","Defend_B","Zap+1","Dualcast","Ball Lightning","Defragment+1","Coolheaded","Rebound"],"max_hp_per_floor":[82,82,82,82,82,82,82,82,82,82,82,82,82,82,82,82],"relics":["Cracked Core","Strawberry","Golden Idol","Bag of Preparation","Anchor","Bag of Marbles"],"card_choices":[{"not_picked":["Axe Kick","Steam Power","BootSequence"],"picked":"SKIP","floor":1.0},{"not_picked":["Rebound","Sunder"],"picked":"Ball Lightning","floor":2.0},{"not_picked":["Recycle","Double Energy"],"picked":"Defragment","floor":7.0},{"not_picked":["Capacitor","Axe Kick"],"picked":"Coolheaded","floor":8.0},{"not_picked":["Axe Kick","Leap","Stack"],"picked":"SKIP","floor":10.0},{"not_picked":["Streamline","Steam"],"picked":"Rebound","floor":12.0},{"not_picked":["Amplify","Heatsinks","Lockon"],"picked":"SKIP","floor":14.0}],"player_experience":654478,"potions_floor_usage":[],"damage_taken":[{"damage":12.0,"enemies":"Jaw Worm","floor":1.0,"turns":3.0},{"damage":7.0,"enemies":"Small Slimes","floor":2.0,"turns":3.0},{"damage":30.0,"enemies":"Gremlin Nob","floor":7.0,"turns":4.0},{"damage":0.0,"enemies":"2 Louse","floor":8.0,"turns":3.0},{"damage":2.0,"enemies":"Large Slime","floor":10.0,"turns":5.0},{"damage":14.0,"enemies":"Lagavulin","floor":12.0,"turns":5.0},{"damage":5.0,"enemies":"Exordium Wildlife","floor":14.0,"turns":3.0},{"damage":15,"enemies":"Slime Boss","floor":16,"turns":7}],"event_choices":[{"event_name":"The Cleric","player_choice":"Card Removal","floor":3.0,"damage_taken":0.0},{"event_name":"Golden Idol","player_choice":"Take Damage","floor":5.0,"damage_taken":0.0},{"event_name":"World of Goop","player_choice":"Left","floor":13.0,"damage_taken":0.0}],"boss_relics":[],"potions_floor_spawned":[7,10],"seed_played":"-3207852372314598208","killed_by":"Slime Boss","ascension_level":8,"is_trial":false}