{"gold_per_floor":[109,109,128,128,128,167,167,181,181,202,226,226,226,262,262,392,392,412,412,412,412,422,422,454,466,478,68,68,85,85,105,105,206,206,219,219,234,234,40,66,85,85],"floor_reached":42,"playtime":2108,"items_purged":["Regret"],"score":554,"play_id":"ccbf2d95-47c2-4eab-ab9b-9109fd128714","local_time":"20190630060621","is_ascension_mode":false,"campfire_choices":[{"floor":7,"key":"REST"},{"data":"White Noise","floor":12,"key":"SMITH"},{"data":"Static Discharge","floor":15,"key":"SMITH"},{"data":"Biased Cognition","floor":23,"key":"SMITH"},{"data":"Machine Learning","floor":25,"key":"SMITH"},{"data":"Metamorphosis","floor":28,"key":"SMITH"},{"data":"Chaos","floor":30,"key":"SMITH"},{"data":"Sweeping Beam","floor":32,"key":"SMITH"}],"neow_cost":"TEN_PERCENT_HP_LOSS","seed_source_timestamp":1426361743929520,"circlet_count":0,"master_deck":["Strike_B","Strike_B","Strike_B","Strike_B","Defend_B+1","Zap+1","Dualcast","All For One+1","Doom and Gloom+1","Barrage+1","Self Repair+1","Injury","Ball Lightning","Meteor Strike","White Noise+1","Static Discharge+1","Biased Cognition+1","Sweeping Beam+1","Ball Lightning","Ghostly","Ghostly","Ghostly","Ghostly","Ghostly","Capacitor+1","Machine Learning+1","Metamorphosis+1","Chaos+1","Rip and Tear","Electrodynamics+1","Storm","Tempest","Loop","Echo Form"],"relics":["Cracked Core","Bloody Idol","Matryoshka","Bottled Tornado","Anchor","Bag of Preparation","War Paint","Empty Cage","MawBank","Gremlin Horn","Whetstone","Bronze Scales","Dream Catcher","Girya"],"potions_floor_usage":[6,14,16,29,33,42,42],"damage_taken":[{"damage":1,"enemies":"Jaw Worm","floor":1,"turns":3},{"damage":10,"enemies":"Cultist","floor":3,"turns":4},{"damage":22,"enemies":"3 Sentries","floor":6,"turns":4},{"damage":6,"enemies":"Small Slimes","floor":8,"turns":2},{"damage":0,"enemies":"2 Fungi Beasts","floor":10,"turns":3},{"damage":3,"enemies":"3 Louse","floor":11,"turns":2},{"damage":29,"enemies":"Lagavulin","floor":14,"turns":5},{"damage":16,"enemies":"Slime Boss","floor":16,"turns":8},{"damage":44,"enemies":"2 Thieves","floor":18,"turns":3},{"damage":25,"enemies":"3 Byrds","floor":22,"turns":4},{"damage":11,"enemies":"Book of Stabbing","floor":24,"turns":4},{"damage":24,"enemies":"Centurion and Healer","floor":29,"turns":4},{"damage":1,"enemies":"Snake Plant","floor":31,"turns":4},{"damage":0,"enemies":"Automaton","floor":33,"turns":6},{"damage":20,"enemies":"3 Shapes","floor":35,"turns":3},{"damage":12,"enemies":"3 Darklings","floor":37,"turns":3},{"damage":8,"enemies":"Nemesis","floor":40,"turns":7},{"damage":14,"enemies":"Sphere and 2 Shapes","floor":41,"turns":4},{"damage":27,"enemies":"4 Shapes","floor":42,"turns":5}],"seed_played":"926179717261127338","potions_obtained":[{"floor":1,"key":"Dexterity Potion"},{"floor":6,"key":"Strength Potion"},{"floor":8,"key":"LiquidBronze"},{"floor":14,"key":"PowerPotion"},{"floor":16,"key":"Dexterity Potion"},{"floor":18,"key":"Fire Potion"},{"floor":22,"key":"Fire Potion"},{"floor":29,"key":"PowerPotion"},{"floor":35,"key":"FearPotion"},{"floor":41,"key":"SkillPotion"}],"is_trial":false,"path_per_floor":["M","?","M","?","?","E","R","M","T","M","M","R","?","E","R","B",null,"M","?","?","?","M","R","E","R","T","$","R","M","R","M","R","B",null,"M","?","M","?","$","E","M","M"],"character_chosen":"DEFECT","items_purchased":["Metamorphosis","Bronze Scales","Loop","Dream Catcher"],"campfire_rested":1,"item_purchase_floors":[27,27,39,39],"current_hp_per_floor":[67,67,57,57,43,31,51,45,45,55,62,62,62,43,43,37,68,34,34,34,34,24,24,28,33,34,34,34,25,25,29,29,34,34,29,29,22,22,22,29,20,0],"gold":85,"neow_bonus":"THREE_RARE_CARDS","is_prod":false,"is_daily":false,"chose_seed":false,"campfire_upgraded":7,"win_rate":0.0,"timestamp":1561889181,"path_taken":["M","?","?","?","?","E","R","M","T","M","M","R","?","E","R","BOSS","M","?","?","?","M","R","E","R","T","?","R","?","R","M","R","BOSS","M","?","?","?","$","E","?","?"],"build_version":"2019-01-23","purchased_purges":1,"victory":false,"max_hp_per_floor":[68,68,68,68,68,68,68,68,68,68,68,68,68,68,68,68,68,68,68,68,34,34,34,34,34,34,34,34,34,34,34,34,34,34,34,34,34,34,34,34,34,34],"card_choices":[{"not_picked":["Hyperbeam","Meteor Strike"],"picked":"All For One","floor":0},{"not_picked":["Steam","Aggregate"],"picked":"Doom and Gloom","floor":1},{"not_picked":["Cold Snap","Stack"],"picked":"Self Repair","floor":3},{"not_picked":["Coolheaded","Rip and Tear"],"picked":"Ball Lightning","floor":6},{"not_picked":["Chill","Hologram"],"picked":"Meteor Strike","floor":8},{"not_picked":["Coolheaded","Streamline","Consume"],"picked":"SKIP","floor":10},{"not_picked":["Coolheaded","Heatsinks"],"picked":"White Noise","floor":11},{"not_picked":["Reboot","Steam"],"picked":"Static Discharge","floor":14},{"not_picked":["Meteor Strike","Core Surge"],"picked":"Biased Cognition","floor":16},{"not_picked":["Leap","Redo"],"picked":"Sweeping Beam","floor":18},{"not_picked":["Reinforced Body+1","Beam Cell"],"picked":"Capacitor+1","floor":22},{"not_picked":["Stack+1","Steam"],"picked":"Machine Learning","floor":24},{"not_picked":["Coolheaded","Force Field"],"picked":"Chaos","floor":29},{"not_picked":["Cold Snap","Coolheaded+1"],"picked":"Rip and Tear","floor":31},{"not_picked":["Thunder Strike","Echo Form"],"picked":"Electrodynamics","floor":33},{"not_picked":["Turbo","Reprogram+1"],"picked":"Storm","floor":35},{"not_picked":["Static Discharge","Redo+1"],"picked":"Tempest","floor":37},{"not_picked":["Cold Snap+1","Coolheaded+1"],"picked":"Echo Form","floor":40},{"not_picked":["Aggregate","Reprogram","Redo+1"],"picked":"SKIP","floor":41}],"player_experience":48086,"relics_obtained":[{"floor":6,"key":"Matryoshka"},{"floor":9,"key":"Bottled Tornado"},{"floor":9,"key":"Anchor"},{"floor":14,"key":"War Paint"},{"floor":24,"key":"MawBank"},{"floor":26,"key":"Gremlin Horn"},{"floor":26,"key":"Whetstone"},{"floor":40,"key":"Girya"}],"event_choices":[{"damage_healed":0,"gold_gain":0,"cards_transformed":["Defend_B"],"player_choice":"Transformed","damage_taken":0,"max_hp_gain":0,"max_hp_loss":0,"event_name":"Transmorgrifier","floor":2,"gold_loss":0,"cards_obtained":["Barrage"]},{"damage_healed":0,"gold_gain":0,"player_choice":"Take Wound","damage_taken":0,"relics_obtained":["Golden Idol"],"max_hp_gain":0,"max_hp_loss":0,"event_name":"Golden Idol","floor":4,"gold_loss":0,"cards_obtained":["Injury"]},{"damage_healed":0,"gold_gain":0,"player_choice":"Entered Light","damage_taken":14,"max_hp_gain":0,"max_hp_loss":0,"event_name":"Shining Light","floor":5,"gold_loss":0,"cards_upgraded":["Self Repair","Barrage"]},{"damage_healed":0,"gold_gain":0,"player_choice":"Box","damage_taken":0,"relics_obtained":["Bag of Preparation"],"max_hp_gain":0,"max_hp_loss":0,"event_name":"Big Fish","floor":13,"gold_loss":0,"cards_obtained":["Regret"]},{"damage_healed":0,"gold_gain":0,"player_choice":"Read","damage_taken":0,"max_hp_gain":0,"max_hp_loss":0,"event_name":"The Library","floor":19,"gold_loss":0,"cards_obtained":["Ball Lightning"]},{"damage_healed":0,"gold_gain":0,"player_choice":"Gave Idol","damage_taken":0,"relics_obtained":["Bloody Idol"],"max_hp_gain":0,"max_hp_loss":0,"event_name":"Forgotten Altar","floor":20,"relics_lost":["Golden Idol"],"gold_loss":0},{"damage_healed":0,"gold_gain":0,"player_choice":"Became a Ghost","damage_taken":0,"max_hp_gain":0,"max_hp_loss":34,"event_name":"Ghosts","floor":21,"gold_loss":0,"cards_obtained":["Ghostly","Ghostly","Ghostly","Ghostly","Ghostly"]},{"damage_healed":0,"gold_gain":0,"player_choice":"Upgraded","damage_taken":0,"max_hp_gain":0,"max_hp_loss":0,"event_name":"Upgrade Shrine","floor":36,"gold_loss":0,"cards_upgraded":["Electrodynamics"]},{"damage_healed":0,"gold_gain":0,"player_choice":"Ignored","damage_taken":0,"max_hp_gain":0,"max_hp_loss":0,"event_name":"NoteForYourself","floor":38,"gold_loss":0}],"is_beta":false,"boss_relics":[{"not_picked":["Lizard Tail","Runic Dome"],"picked":"Empty Cage"},{"not_picked":[]}],"items_purged_floors":[27],"is_endless":false,"potions_floor_spawned":[1,6,8,14,16,18,22,29,35,40,41],"killed_by":"4 Shapes","ascension_level":0}