{"gold_per_floor":[116,116,127,52,52,52,82,82,82,112,124,124,136,136,136,208,208,225,225],"floor_reached":19,"playtime":469,"items_purged":[],"score":350,"play_id":"7cb109bb-f430-4d9a-8bd7-2be47f441f6f","local_time":"20190226102833","is_ascension_mode":true,"campfire_choices":[{"data":"Zap","floor":6.0,"key":"SMITH"},{"floor":8.0,"key":"DIG"},{"floor":12.0,"key":"DIG"},{"floor":15,"key":"DIG"}],"neow_cost":"TEN_PERCENT_HP_LOSS","seed_source_timestamp":1550777494039281,"circlet_count":0,"master_deck":["AscendersBane","Strike_B","Defend_B","Defend_B","Defend_B","Zap+1","Dualcast","Ball Lightning","Coolheaded","Leap","Defragment","Compile Driver","Creative AI+1"],"special_seed":0,"relics":["Cracked Core","Shovel","Darkstone Periapt","DataDisk","Du-Vu Doll","Question Card","Anchor","Frozen Egg 2","Empty Cage"],"potions_floor_usage":[16],"damage_taken":[{"damage":2.0,"enemies":"2 Louse","floor":1.0,"turns":2.0},{"damage":0.0,"enemies":"Small Slimes","floor":3.0,"turns":2.0},{"damage":8.0,"enemies":"Gremlin Nob","floor":7.0,"turns":3.0},{"damage":18.0,"enemies":"Lagavulin","floor":10.0,"turns":5.0},{"damage":0.0,"enemies":"Jaw Worm","floor":11.0,"turns":2.0},{"damage":0.0,"enemies":"Large Slime","floor":13.0,"turns":4.0},{"damage":6,"enemies":"Hexaghost","floor":16,"turns":9},{"damage":39,"enemies":"2 Thieves","floor":18,"turns":5},{"damage":20,"enemies":"Masked Bandits","floor":19,"turns":2}],"seed_played":"5441276760132586545","potions_obtained":[{"floor":1.0,"key":"Ancient Potion"},{"floor":3.0,"key":"AttackPotion"},{"floor":11.0,"key":"Fire Potion"}],"is_trial":false,"path_per_floor":["M","?","M","?","?","R","E","R","T","E","M","R","M","?","R","B",null,"M","?"],"character_chosen":"DEFECT","items_purchased":[],"campfire_rested":0,"item_purchase_floors":[],"current_hp_per_floor":[62,55,55,55,55,55,47,47,47,29,29,29,29,29,29,23,54,15,0],"gold":225,"neow_bonus":"ONE_RARE_RELIC","is_prod":false,"is_daily":false,"chose_seed":false,"campfire_upgraded":1,"win_rate":0,"timestamp":1551173313,"path_taken":["M","?","M","?","?","R","E","R","T","E","M","R","M","?","R","BOSS","M","?"],"build_version":"2019-01-23","purchased_purges":0,"victory":false,"max_hp_per_floor":[64,64,64,64,64,64,64,64,64,64,64,64,64,64,64,64,64,64,64],"card_choices":[{"not_picked":["White Noise","Go for the Eyes"],"picked":"Ball Lightning","floor":1.0},{"not_picked":["Go for the Eyes","Darkness"],"picked":"Coolheaded","floor":3.0},{"not_picked":["Buffer","Force Field"],"picked":"Leap","floor":7.0},{"not_picked":["Hologram","Darkness","Ball Lightning"],"picked":"SKIP","floor":10.0},{"not_picked":["Stack","White Noise","Ball Lightning"],"picked":"Defragment","floor":11.0},{"not_picked":["Barrage","Scrape","Gash"],"picked":"Compile Driver","floor":13.0},{"not_picked":["Seek","Rainbow","All For One"],"picked":"Creative AI+1","floor":16},{"not_picked":["Lockon","Go for the Eyes","Turbo","Beam Cell"],"picked":"SKIP","floor":18}],"player_experience":905846,"relics_obtained":[{"floor":7.0,"key":"Darkstone Periapt"},{"floor":8.0,"key":"DataDisk"},{"floor":9.0,"key":"Du-Vu Doll"},{"floor":10.0,"key":"Question Card"},{"floor":12.0,"key":"Anchor"},{"floor":15,"key":"Frozen Egg 2"}],"event_choices":[{"cards_removed":["Strike_B"],"damage_healed":0.0,"max_hp_gain":0.0,"max_hp_loss":0.0,"gold_gain":0.0,"event_name":"Golden Wing","player_choice":"Card Removal","floor":2.0,"gold_loss":0.0,"damage_taken":7.0},{"cards_removed":["Strike_B"],"damage_healed":0.0,"max_hp_gain":0.0,"max_hp_loss":0.0,"gold_gain":0.0,"event_name":"The Cleric","player_choice":"Card Removal","floor":4.0,"gold_loss":75.0,"damage_taken":0.0},{"damage_healed":0.0,"max_hp_gain":0.0,"max_hp_loss":0.0,"gold_gain":0.0,"event_name":"Liars Game","player_choice":"Ignored","floor":5.0,"gold_loss":0.0,"damage_taken":0.0},{"damage_healed":0,"gold_gain":0,"player_choice":"Fled","damage_taken":0,"max_hp_gain":0,"max_hp_loss":0,"event_name":"Scrap Ooze","floor":14,"gold_loss":0},{"damage_healed":0,"gold_gain":0,"player_choice":"Fought Bandits","damage_taken":0,"max_hp_gain":0,"max_hp_loss":0,"event_name":"Masked Bandits","floor":19,"gold_loss":0}],"is_beta":false,"boss_relics":[{"not_picked":["Runic Dome","Cursed Key"],"picked":"Empty Cage"}],"items_purged_floors":[],"is_endless":false,"potions_floor_spawned":[1,3,11],"killed_by":"Masked Bandits","ascension_level":20}