{"path_per_floor":["M","?","$","T","$","E","M","R","T","M","M","M","E","M","R","B",null,"M","?","?","M","?","R","M","R","T","M","R","T","R","E","R","B",null,"M","M","?","$","M","$","R","M","T","?","R","$","R","E","R","B"],"character_chosen":"DEFECT","items_purchased":["Hologram","Capacitor","Pear"],"gold_per_floor":[117,67,44,44,5,38,50,50,50,64,77,91,121,131,131,234,234,247,172,87,107,107,107,121,121,151,169,169,169,169,194,194,296,296,308,322,322,272,287,237,237,248,248,348,348,56,56,87,87,87],"floor_reached":51,"campfire_rested":3,"playtime":1679,"item_purchase_floors":[],"current_hp_per_floor":[68,68,68,68,68,68,68,68,68,68,64,49,33,44,44,38,66,54,54,54,47,47,47,19,41,41,45,45,45,45,43,43,39,66,41,41,41,41,42,42,42,35,35,35,57,67,85,85,85,51],"items_purged":["Strike_B","Strike_B","Defend_B"],"gold":87,"score":1024,"play_id":"2902bf21-2242-48ed-8d8b-2406e8cfa3a5","local_time":"20180609160232","is_prod":false,"is_daily":false,"chose_seed":false,"is_ascension_mode":true,"campfire_upgraded":8,"win_rate":0,"timestamp":1528552952,"campfire_choices":[{"data":"Zap","floor":8.0,"key":"SMITH"},{"data":"Coolheaded","floor":15.0,"key":"SMITH"},{"data":"Dualcast","floor":23.0,"key":"SMITH"},{"floor":25.0,"key":"REST"},{"data":"Hologram","floor":28.0,"key":"SMITH"},{"data":"Go for the Eyes","floor":30.0,"key":"SMITH"},{"data":"Capacitor","floor":32.0,"key":"SMITH"},{"data":"Conserve Battery","floor":41.0,"key":"SMITH"},{"floor":45.0,"key":"REST"},{"floor":47.0,"key":"REST"},{"data":"Gash","floor":49.0,"key":"SMITH"}],"path_taken":["M","?","$","?","$","E","?","R","T","M","M","M","E","?","R","BOSS","M","?","?","M","?","R","M","R","T","M","R","?","R","E","R","BOSS","M","M","?","$","M","$","R","M","T","?","R","$","R","E","R","BOSS"],"build_version":"2018-06-07v3","seed_source_timestamp":118870895429270,"purchased_purges":3,"victory":true,"master_deck":["Defend_B","Defend_B","Defend_B","Zap+1","Dualcast+1","Gash+1","Hologram+1","Capacitor+1","Coolheaded+1","Gash","Go for the Eyes+1","Compile Driver","Sweeping Beam","All For One","Gash","Conserve Battery+1","Gash","Coolheaded+1","All For One","Coolheaded+1","Gash+1","Gash+1","Electrodynamics","Chill"],"max_hp_per_floor":[75,75,75,75,75,75,75,75,75,75,75,75,75,75,75,75,75,75,75,75,75,75,75,75,75,75,75,75,75,75,75,75,75,75,75,75,75,75,75,75,75,75,75,75,75,85,85,85,85,85],"relics":["Cracked Core","NeowsBlessing","Meat on the Bone","Torii","Matryoshka","Centennial Puzzle","Black Star","Prayer Wheel","Oddly Smooth Stone","Tiny Chest","Smiling Mask","Mercury Hourglass","Ornamental Fan","Dodecahedron","Sozu","Vajra","Pear","Turnip","Gambling Chip"],"card_choices":[{"not_picked":["Tempest","Hologram"],"picked":"Gash","floor":1.0},{"not_picked":["Capacitor","Sweeping Beam"],"picked":"Coolheaded","floor":6.0},{"not_picked":["Reinforced Body","Double Energy"],"picked":"Gash","floor":7.0},{"not_picked":["Self Repair","Sweeping Beam"],"picked":"Go for the Eyes","floor":10.0},{"not_picked":["Chaos","Capacitor"],"picked":"Compile Driver","floor":11.0},{"not_picked":["Melter","Genetic Algorithm","Cold Snap"],"picked":"SKIP","floor":12.0},{"not_picked":["Rainbow","Steam","Auto Shields"],"picked":"SKIP","floor":13.0},{"not_picked":["Rebound","Go for the Eyes"],"picked":"Sweeping Beam","floor":14.0},{"not_picked":["Reboot","Amplify"],"picked":"All For One","floor":16.0},{"not_picked":["Go for the Eyes+1","Capacitor+1"],"picked":"Gash","floor":18.0},{"not_picked":["Auto Shields","Heatsinks"],"picked":"Conserve Battery","floor":21.0},{"not_picked":["Streamline","Auto Shields","Redo"],"picked":"SKIP","floor":21.0},{"not_picked":["Steam+1","Doom and Gloom"],"picked":"Coolheaded+1","floor":24.0},{"not_picked":["Rebound","Conserve Battery","All For One"],"picked":"SKIP","floor":24.0},{"not_picked":["Rebound","Conserve Battery"],"picked":"All For One","floor":24.0},{"not_picked":["Force Field","Static Discharge","Leap"],"picked":"SKIP","floor":27.0},{"not_picked":["Beam Cell","Hello World","Blizzard"],"picked":"SKIP","floor":27.0},{"not_picked":["Hologram","Barrage","Go for the Eyes"],"picked":"SKIP","floor":31.0},{"not_picked":["Sweeping Beam+1","Go for the Eyes"],"picked":"Coolheaded+1","floor":35.0},{"not_picked":["Stack+1","FTL"],"picked":"Gash+1","floor":35.0},{"not_picked":["Sweeping Beam+1","Steam+1"],"picked":"Gash+1","floor":36.0},{"not_picked":["White Noise+1","Skim"],"picked":"Electrodynamics","floor":36.0},{"not_picked":["Beam Cell+1","Loop","Hello World+1"],"picked":"SKIP","floor":39.0},{"not_picked":["Beam Cell+1","Go for the Eyes","Compile Driver+1"],"picked":"SKIP","floor":39.0},{"not_picked":["Redo+1","Cold Snap"],"picked":"Chill","floor":42.0},{"not_picked":["Cold Snap+1","Chaos","Lockon+1"],"picked":"SKIP","floor":42.0},{"not_picked":["Ball Lightning","Doom and Gloom+1","Undo+1"],"picked":"SKIP","floor":48.0}],"player_experience":564341,"potions_floor_usage":[50,50,50],"damage_taken":[{"damage":0.0,"enemies":"Jaw Worm","floor":1.0,"turns":1.0},{"damage":0.0,"enemies":"Gremlin Nob","floor":6.0,"turns":1.0},{"damage":0.0,"enemies":"2 Louse","floor":7.0,"turns":1.0},{"damage":0.0,"enemies":"Cultist","floor":10.0,"turns":3.0},{"damage":4.0,"enemies":"Exordium Thugs","floor":11.0,"turns":6.0},{"damage":15.0,"enemies":"Lots of Slimes","floor":12.0,"turns":4.0},{"damage":28.0,"enemies":"Lagavulin","floor":13.0,"turns":5.0},{"damage":1.0,"enemies":"Looter","floor":14.0,"turns":3.0},{"damage":18.0,"enemies":"Slime Boss","floor":16.0,"turns":6.0},{"damage":12.0,"enemies":"3 Byrds","floor":18.0,"turns":4.0},{"damage":7.0,"enemies":"Shell Parasite","floor":21.0,"turns":4.0},{"damage":40.0,"enemies":"Snake Plant","floor":24.0,"turns":6.0},{"damage":8.0,"enemies":"3 Cultists","floor":27.0,"turns":5.0},{"damage":14.0,"enemies":"Book of Stabbing","floor":31.0,"turns":4.0},{"damage":16.0,"enemies":"Collector","floor":33.0,"turns":6.0},{"damage":25.0,"enemies":"3 Shapes","floor":35.0,"turns":2.0},{"damage":0.0,"enemies":"Orb Walker","floor":36.0,"turns":2.0},{"damage":11.0,"enemies":"Sphere and 2 Shapes","floor":39.0,"turns":3.0},{"damage":19.0,"enemies":"Maw","floor":42.0,"turns":4.0},{"damage":0.0,"enemies":"Giant Head","floor":48.0,"turns":3.0},{"damage":46,"enemies":"Time Eater","floor":50,"turns":3}],"relics_obtained":[{"floor":4.0,"key":"Meat on the Bone"},{"floor":6.0,"key":"Torii"},{"floor":9.0,"key":"Matryoshka"},{"floor":13.0,"key":"Centennial Puzzle"},{"floor":26.0,"key":"Oddly Smooth Stone"},{"floor":26.0,"key":"Tiny Chest"},{"floor":29.0,"key":"Smiling Mask"},{"floor":29.0,"key":"Mercury Hourglass"},{"floor":31.0,"key":"Ornamental Fan"},{"floor":31.0,"key":"Dodecahedron"},{"floor":43.0,"key":"Vajra"},{"floor":48.0,"key":"Turnip"},{"floor":48.0,"key":"Gambling Chip"}],"event_choices":[{"event_name":"The Cleric","player_choice":"Card Removal","floor":2.0,"damage_taken":0.0},{"event_name":"Beggar","player_choice":"Gave Gold","floor":19.0,"damage_taken":0.0},{"event_name":"Addict","player_choice":"Obtained Relic","floor":20.0,"damage_taken":0.0},{"event_name":"Duplicator","player_choice":"One dupe","floor":22.0,"damage_taken":0.0},{"event_name":"Tomb of Lord Red Mask","player_choice":"Ignored","floor":37.0,"damage_taken":0.0},{"event_name":"Golden Shrine","player_choice":"Pray","floor":44.0,"damage_taken":0.0}],"boss_relics":[{"not_picked":["Nuclear Battery","White Beast Statue"],"picked":"Black Star"},{"not_picked":["Astrolabe","Inserter"],"picked":"Sozu"}],"items_purged_floors":[],"potions_floor_spawned":[1,7,13,14,18,24,31,48],"seed_played":"-1138857120486399810","ascension_level":7,"potions_obtained":[{"floor":1.0,"key":"SneckoOil"},{"floor":7.0,"key":"FearPotion"},{"floor":13.0,"key":"Weak Potion"},{"floor":18.0,"key":"SteroidPotion"},{"floor":31.0,"key":"Ancient Potion"}],"is_trial":false}