{"gold_per_floor":[112,112,126,144,159,159,177,203,257,140,140,140,160,160,160,234,234,252,252,94,94,66,66,86,106,129,29,29],"floor_reached":28,"playtime":998,"items_purged":["Strike_G","Strike_G"],"score":392,"play_id":"c5c371a9-39f7-49ce-8861-07f18c737f92","local_time":"20190203184454","is_ascension_mode":true,"campfire_choices":[{"data":"Noxious Fumes","floor":6.0,"key":"SMITH"},{"data":"Cloak And Dagger","floor":11.0,"key":"SMITH"},{"floor":15,"key":"REST"},{"data":"Burst","floor":23,"key":"SMITH"}],"neow_cost":"NONE","seed_source_timestamp":250532303427370,"circlet_count":0,"master_deck":["AscendersBane","Defend_G","Defend_G","Defend_G","Defend_G","Defend_G","Strike_G","Strike_G","Survivor","Neutralize+1","Blade Dance","Dagger Spray","Noxious Fumes+1","Dash","Cloak And Dagger+1","Flying Knee","Noxious Fumes","Bane","Burst+1","Footwork","Deflect","Slice+1"],"special_seed":0,"relics":["Runic Dome","Snake Skull","Eternal Feather","Letter Opener","Juzu Bracelet","Bronze Scales"],"potions_floor_usage":[],"damage_taken":[{"damage":0.0,"enemies":"Small Slimes","floor":1.0,"turns":4.0},{"damage":5.0,"enemies":"2 Louse","floor":3.0,"turns":3.0},{"damage":5.0,"enemies":"Cultist","floor":4.0,"turns":4.0},{"damage":13.0,"enemies":"Exordium Wildlife","floor":5.0,"turns":5.0},{"damage":13.0,"enemies":"Large Slime","floor":7.0,"turns":4.0},{"damage":6.0,"enemies":"Gremlin Nob","floor":8.0,"turns":4.0},{"damage":14,"enemies":"Red Slaver","floor":13,"turns":3},{"damage":15,"enemies":"Hexaghost","floor":16,"turns":9},{"damage":11,"enemies":"Shell Parasite","floor":18,"turns":7},{"damage":20,"enemies":"3 Byrds","floor":24,"turns":4},{"damage":7,"enemies":"Centurion and Healer","floor":25,"turns":7},{"damage":31,"enemies":"Snecko","floor":28,"turns":3}],"seed_played":"4313422837719303821","potions_obtained":[{"floor":3.0,"key":"Block Potion"},{"floor":5.0,"key":"Swift Potion"},{"floor":16,"key":"SkillPotion"},{"floor":25,"key":"Block Potion"}],"is_trial":false,"path_per_floor":["M","?","M","M","M","R","M","E","T","$","R","?","M","?","R","B",null,"M","?","$","?","$","R","M","M","T","$","M"],"character_chosen":"THE_SILENT","items_purchased":["Noxious Fumes","Juzu Bracelet","Deflect"],"campfire_rested":1,"item_purchase_floors":[10,20,22],"current_hp_per_floor":[59,59,54,49,36,36,23,17,17,17,17,17,3,3,22,7,51,40,40,40,40,40,52,32,25,25,25,0],"gold":29,"neow_bonus":"BOSS_RELIC","is_prod":false,"is_daily":false,"chose_seed":false,"campfire_upgraded":3,"win_rate":0,"timestamp":1549215894,"path_taken":["M","?","M","M","M","R","M","E","T","$","R","?","?","?","R","BOSS","M","?","$","?","$","R","M","M","T","$","M"],"build_version":"2019-01-23","purchased_purges":2,"victory":false,"max_hp_per_floor":[66,66,66,66,66,66,66,66,66,66,66,66,66,66,66,66,66,66,66,66,66,66,66,66,66,66,66,66],"card_choices":[{"not_picked":["Choke","Backstab"],"picked":"Blade Dance","floor":1.0},{"not_picked":["Deflect","Expertise"],"picked":"Dagger Spray","floor":3.0},{"not_picked":["Bane","Dodge and Roll"],"picked":"Noxious Fumes","floor":4.0},{"not_picked":["Bouncing Flask","Poisoned Stab"],"picked":"Dash","floor":5.0},{"not_picked":["Acrobatics","Skewer"],"picked":"Cloak And Dagger","floor":7.0},{"not_picked":["Setup","Eviscerate"],"picked":"Flying Knee","floor":8.0},{"not_picked":["Dagger Throw","Predator"],"picked":"Bane","floor":13},{"not_picked":["Malaise","Glass Knife"],"picked":"Burst","floor":16},{"not_picked":["Cloak And Dagger","Blade Dance"],"picked":"Footwork","floor":18},{"not_picked":["Catalyst","Outmaneuver","Dodge and Roll"],"picked":"SKIP","floor":24},{"not_picked":["Blade Dance+1","PiercingWail"],"picked":"Slice+1","floor":25}],"player_experience":774878,"relics_obtained":[{"floor":9.0,"key":"Snake Skull"},{"floor":19,"key":"Letter Opener"},{"floor":26,"key":"Bronze Scales"}],"event_choices":[{"damage_healed":0.0,"max_hp_gain":0.0,"max_hp_loss":0.0,"gold_gain":0.0,"event_name":"Living Wall","player_choice":"Grow","floor":2.0,"gold_loss":0.0,"damage_taken":0.0,"cards_upgraded":["Neutralize"]},{"damage_healed":0,"gold_gain":0,"player_choice":"Leave","damage_taken":0,"max_hp_gain":0,"max_hp_loss":0,"event_name":"FaceTrader","floor":12,"gold_loss":0},{"damage_healed":0,"gold_gain":0,"player_choice":"Ignored","damage_taken":0,"max_hp_gain":0,"max_hp_loss":0,"event_name":"Golden Idol","floor":14,"gold_loss":0},{"damage_healed":0,"gold_gain":0,"player_choice":"Relic","damage_taken":0,"max_hp_gain":0,"max_hp_loss":0,"event_name":"Wheel of Change","floor":19,"gold_loss":0},{"cards_removed":["Strike_G"],"damage_healed":0,"gold_gain":0,"player_choice":"Elegance","damage_taken":0,"max_hp_gain":0,"max_hp_loss":0,"event_name":"Back to Basics","floor":21,"gold_loss":0}],"is_beta":false,"boss_relics":[{"not_picked":["Coffee Dripper","Orrery"],"picked":"Eternal Feather"}],"items_purged_floors":[10,27],"is_endless":false,"potions_floor_spawned":[3,5,16,25],"killed_by":"Snecko","ascension_level":16}