{"gold_per_floor":[11,11,11,11,27,27,43,43,68,68,68,102,122,47,47,146,146,156,179,278,79,79,79,110,110,136,136,61,61,72,82,82,186,186,199,199,213,56,56,56,83,83,110,110,110,124,49,49],"floor_reached":48,"playtime":1404,"items_purged":["Strike_B","Doubt"],"score":752,"play_id":"928dda26-13bb-4b22-b5f5-225d2508e676","local_time":"20180811095745","is_ascension_mode":true,"campfire_choices":[{"data":"Zap","floor":6.0,"key":"SMITH"},{"data":"Recycle","floor":8.0,"key":"SMITH"},{"data":"Dualcast","floor":10.0,"key":"SMITH"},{"floor":15.0,"key":"REST"},{"data":"Coolheaded","floor":23.0,"key":"SMITH"},{"floor":25.0,"key":"REST"},{"floor":27.0,"key":"REST"},{"data":"Coolheaded","floor":29.0,"key":"SMITH"},{"data":"Turbo","floor":32.0,"key":"SMITH"},{"data":"Consume","floor":40.0,"key":"SMITH"},{"floor":45.0,"key":"REST"}],"neow_cost":"NO_GOLD","seed_source_timestamp":574957854030392,"circlet_count":0,"master_deck":["Strike_B","Strike_B+1","Defend_B","Defend_B+1","Defend_B","Defend_B+1","Zap+1","Dualcast+1","AscendersBane","Core Surge","Ball Lightning","FTL+1","Recycle+1","Sweeping Beam","Go for the Eyes","Electrodynamics","Coolheaded+1","Capacitor","Coolheaded+1","Chill","Turbo+1","Consume+1","Self Repair","Writhe","Injury","Finesse","Defragment","Glacier"],"special_seed":0,"relics":["Cracked Core","Whetstone","DataDisk","Cursed Key","Blood Vial","Oddly Smooth Stone","Happy Flower","Inserter","Potion Belt","Boot"],"potions_floor_usage":[46],"damage_taken":[{"damage":1.0,"enemies":"2 Louse","floor":1.0,"turns":2.0},{"damage":5.0,"enemies":"Small Slimes","floor":5.0,"turns":2.0},{"damage":1.0,"enemies":"Cultist","floor":7.0,"turns":3.0},{"damage":17.0,"enemies":"3 Sentries","floor":12.0,"turns":6.0},{"damage":10.0,"enemies":"Lots of Slimes","floor":13.0,"turns":3.0},{"damage":25.0,"enemies":"Hexaghost","floor":16.0,"turns":8.0},{"damage":6.0,"enemies":"3 Byrds","floor":18.0,"turns":3.0},{"damage":36.0,"enemies":"Slavers","floor":24.0,"turns":4.0},{"damage":0.0,"enemies":"2 Thieves","floor":30.0,"turns":4.0},{"damage":0.0,"enemies":"Snecko","floor":31.0,"turns":4.0},{"damage":67.0,"enemies":"Automaton","floor":33.0,"turns":13.0},{"damage":13.0,"enemies":"3 Darklings","floor":35.0,"turns":5.0},{"damage":27.0,"enemies":"Orb Walker","floor":37.0,"turns":5.0},{"damage":30.0,"enemies":"Nemesis","floor":41.0,"turns":7.0},{"damage":0,"enemies":"4 Shapes","floor":46,"turns":5},{"damage":73,"enemies":"2 Orb Walkers","floor":48,"turns":5}],"seed_played":"-3865564954304446111","potions_obtained":[{"floor":5.0,"key":"SteroidPotion"},{"floor":13.0,"key":"Energy Potion"},{"floor":18.0,"key":"EntropicBrew"},{"floor":31.0,"key":"SkillPotion"},{"floor":33.0,"key":"SkillPotion"},{"floor":41.0,"key":"Strength Potion"},{"floor":46,"key":"Ancient Potion"}],"is_trial":false,"path_per_floor":["M","?","?","$","M","R","M","R","T","R","?","E","M","$","R","B",null,"M","T","?","$","?","R","E","R","T","R","?","R","M","M","R","B",null,"M","?","M","$","?","R","E","$","T","?","R","M","$"],"character_chosen":"DEFECT","items_purchased":["Coolheaded","Capacitor","Consume","Self Repair","Glacier"],"campfire_rested":4,"item_purchase_floors":[21,21,38,38,47],"current_hp_per_floor":[67,60,65,65,60,60,59,59,59,59,43,26,16,16,40,15,64,58,58,58,58,50,50,16,40,40,64,64,64,66,68,68,3,61,50,50,25,25,45,45,24,24,24,24,48,57,57,0],"gold":49,"neow_bonus":"THREE_RARE_CARDS","is_prod":false,"is_daily":false,"chose_seed":false,"campfire_upgraded":7,"win_rate":0,"timestamp":1533974265,"path_taken":["M","?","?","?","M","R","M","R","T","R","?","E","M","$","R","BOSS","M","?","?","$","?","R","E","R","T","R","?","R","M","M","R","BOSS","M","?","?","$","?","R","E","?","T","?","R","?","$","E"],"build_version":"2018-08-09","purchased_purges":2,"victory":false,"max_hp_per_floor":[75,75,80,80,80,80,80,80,80,80,80,80,80,80,80,80,80,80,80,80,80,80,80,80,80,80,80,80,80,80,80,80,80,80,80,80,80,80,80,80,80,80,80,80,80,80,80,80],"card_choices":[{"not_picked":["Thunder Strike","Echo Form"],"picked":"Core Surge","floor":0.0},{"not_picked":["Stack","Chaos"],"picked":"Ball Lightning","floor":1.0},{"not_picked":["Chaos","Rebound"],"picked":"FTL","floor":5.0},{"not_picked":["Turbo","Stack"],"picked":"Recycle","floor":7.0},{"not_picked":["Skim","Reprogram"],"picked":"Sweeping Beam","floor":12.0},{"not_picked":["Go for the Eyes","FTL","Recycle"],"picked":"SKIP","floor":13.0},{"not_picked":["FTL","Recycle"],"picked":"Go for the Eyes","floor":13.0},{"not_picked":["Core Surge","Meteor Strike"],"picked":"Electrodynamics","floor":16.0},{"not_picked":["Aggregate","Ball Lightning","Sweeping Beam"],"picked":"SKIP","floor":18.0},{"not_picked":["Chaos+1","Stack+1"],"picked":"Coolheaded","floor":24.0},{"not_picked":["Ball Lightning","Coolheaded"],"picked":"Chill","floor":30.0},{"not_picked":["Hologram","Force Field"],"picked":"Turbo","floor":31.0},{"not_picked":["Cold Snap","Go for the Eyes","Ball Lightning"],"picked":"SKIP","floor":35.0},{"not_picked":["Lockon","Tempest","Go for the Eyes"],"picked":"SKIP","floor":37.0},{"not_picked":["Beam Cell","Amplify","Rebound+1"],"picked":"SKIP","floor":41.0},{"not_picked":["Good Instincts","Magnetism"],"picked":"Finesse","floor":44.0},{"not_picked":["Rebound","Redo"],"picked":"Defragment","floor":46}],"player_experience":620396,"relics_obtained":[{"floor":9.0,"key":"Whetstone"},{"floor":12.0,"key":"DataDisk"},{"floor":19.0,"key":"Blood Vial"},{"floor":24.0,"key":"Oddly Smooth Stone"},{"floor":26.0,"key":"Happy Flower"},{"floor":41.0,"key":"Potion Belt"},{"floor":43.0,"key":"Boot"}],"event_choices":[{"event_name":"Golden Wing","player_choice":"Card Removal","floor":2.0,"damage_taken":0.0},{"event_name":"Big Fish","player_choice":"Donut","floor":3.0,"damage_taken":0.0},{"event_name":"Shining Light","player_choice":"Entered Light","floor":11.0,"damage_taken":0.0},{"event_name":"Nest","player_choice":"Stole From Cult","floor":20.0,"damage_taken":0.0},{"event_name":"Knowing Skull","player_choice":"","floor":22.0,"damage_taken":0.0},{"event_name":"Beggar","player_choice":"Gave Gold","floor":28.0,"damage_taken":0.0},{"event_name":"Mysterious Sphere","player_choice":"Ignore","floor":36.0,"damage_taken":0.0},{"event_name":"Winding Halls","player_choice":"Writhe","floor":39.0,"damage_taken":0.0},{"event_name":"SensoryStone","player_choice":"Memory 1","floor":44.0,"damage_taken":0.0}],"is_beta":false,"boss_relics":[{"not_picked":["Black Star","Calling Bell"],"picked":"Cursed Key"},{"not_picked":["FrozenCore","Fusion Hammer"],"picked":"Inserter"}],"items_purged_floors":[14,21],"is_endless":false,"potions_floor_spawned":[5,13,18,31,33,41,46],"killed_by":"2 Orb Walkers","ascension_level":12}