{"path_per_floor":["M","?","?","?","?","E","R","M","T","E","R","?","M","M","R","B",null,"M","M","?","M","$","R","E","R","T","R","$","M","?","E","R"],"character_chosen":"DEFECT","items_purchased":["Calipers","Capacitor"],"gold_per_floor":[116,116,116,116,116,147,147,159,211,243,243,243,259,275,275,379,379,395,407,407,417,40,40,66,66,66,66,21,40,40,68,68,68],"floor_reached":33,"campfire_rested":1,"playtime":1407,"current_hp_per_floor":[75,75,68,75,86,86,86,86,86,64,64,64,64,60,60,52,89,89,87,87,82,82,82,65,65,65,65,65,58,58,33,59,0],"items_purged":["Defend_B"],"gold":68,"score":348,"play_id":"3a0f8ebc-5c2b-4c5f-a1d7-1c44d2bc1399","local_time":"20180503084130","is_prod":false,"is_daily":false,"chose_seed":false,"is_ascension_mode":true,"campfire_upgraded":6,"timestamp":1525329690,"path_taken":["M","?","?","?","?","E","R","?","T","E","R","?","M","M","R","BOSS","M","M","?","?","$","R","E","R","T","R","$","M","?","E","R","BOSS"],"build_version":"2018-05-01v2","seed_source_timestamp":614695417018474,"purchased_purges":1,"victory":false,"master_deck":["Strike_B","Strike_B","Defend_B+1","Defend_B+1","Defend_B","Zap+1","Dualcast+1","Capacitor+1","Cold Snap","Sunder+1","Impulse+1","Skim","Beam Cell","Fusion+1","Cold Snap","Ball Lightning+1","Impulse+1","Capacitor","Glacier+1","Barrage"],"max_hp_per_floor":[75,75,75,75,89,89,89,89,89,89,89,89,89,89,89,89,89,89,89,89,89,89,89,89,89,89,89,89,89,89,89,89,89],"relics":["Cracked Core","NeowsBlessing","Mango","Centennial Puzzle","Vajra","War Paint","Nuclear Battery","Calipers","Dead Branch","Bottled Tornado","Bag of Preparation"],"card_choices":[{"not_picked":["Go for the Eyes","Recycle"],"picked":"Capacitor","floor":1.0},{"not_picked":["Chaos","Reprieve"],"picked":"Cold Snap","floor":6.0},{"not_picked":["Buffer","Rebound"],"picked":"Sunder","floor":8.0},{"not_picked":["Skim","Stack"],"picked":"Impulse","floor":10.0},{"not_picked":["Axe Kick","Go for the Eyes"],"picked":"Skim","floor":13.0},{"not_picked":["Leap","Undo"],"picked":"Beam Cell","floor":14.0},{"not_picked":["Redo","Creative AI"],"picked":"Fusion","floor":16.0},{"not_picked":["Scrape","Auto Shields"],"picked":"Cold Snap","floor":18.0},{"not_picked":["Leap","Axe Kick"],"picked":"Ball Lightning","floor":21.0},{"not_picked":["Beam Cell","Sweeping Beam"],"picked":"Impulse","floor":24.0},{"not_picked":["Axe Kick","Storm"],"picked":"Glacier","floor":29.0},{"not_picked":["Skim","Recycle"],"picked":"Barrage","floor":31.0}],"player_experience":582740,"potions_floor_usage":[33],"damage_taken":[{"damage":0.0,"enemies":"2 Louse","floor":1.0,"turns":1.0},{"damage":0.0,"enemies":"Gremlin Nob","floor":6.0,"turns":1.0},{"damage":0.0,"enemies":"Small Slimes","floor":8.0,"turns":1.0},{"damage":22.0,"enemies":"Lagavulin","floor":10.0,"turns":5.0},{"damage":0.0,"enemies":"Cultist","floor":13.0,"turns":2.0},{"damage":4.0,"enemies":"Blue Slaver","floor":14.0,"turns":4.0},{"damage":8.0,"enemies":"The Guardian","floor":16.0,"turns":11.0},{"damage":0.0,"enemies":"Spheric Guardian","floor":18.0,"turns":3.0},{"damage":2.0,"enemies":"Chosen","floor":19.0,"turns":3.0},{"damage":5.0,"enemies":"3 Cultists","floor":21.0,"turns":5.0},{"damage":17.0,"enemies":"Book of Stabbing","floor":24.0,"turns":5.0},{"damage":7.0,"enemies":"Cultist and Chosen","floor":29.0,"turns":4.0},{"damage":25.0,"enemies":"Slavers","floor":31.0,"turns":5.0},{"damage":63,"enemies":"Champ","floor":33,"turns":10}],"event_choices":[{"event_name":"Golden Idol","player_choice":"Ignored","floor":2.0,"damage_taken":0.0},{"event_name":"Golden Wing","player_choice":"Card Removal","floor":3.0,"damage_taken":0.0},{"event_name":"Wheel of Change","player_choice":"Full Heal","floor":4.0,"damage_taken":0.0},{"event_name":"Scrap Ooze","player_choice":"success","floor":5.0,"damage_taken":3.0},{"event_name":"Liars Game","player_choice":"disagreed","floor":12.0,"damage_taken":0.0},{"event_name":"Back to Basics","player_choice":"Elegance","floor":20.0,"damage_taken":0.0},{"event_name":"Ghosts","player_choice":"Ignored","floor":30.0,"damage_taken":0.0}],"boss_relics":[],"potions_floor_spawned":[10,16,21,24],"seed_played":"3378114698394634659","killed_by":"Champ","ascension_level":2,"is_trial":false}