{"path_per_floor":["M","$","?","M","?","R","E","$","T","?","R","E","R","M","R","B",null,"M","$","?","M","M","R","M","?","T","?","E","R","M","M","R","B",null,"M","M","$","?","?","E","M","R","T","M","R","?","T","M","R","B"],"character_chosen":"THE_SILENT","items_purchased":["Singing Bowl","Snake Skull","Footwork","Pantograph"],"gold_per_floor":[212,212,212,222,222,222,247,17,17,17,17,44,44,61,61,156,156,169,26,226,236,249,249,262,262,311,561,586,586,606,619,619,721,721,740,759,371,371,371,426,442,442,442,460,460,460,460,473,473,473],"floor_reached":51,"campfire_rested":8,"playtime":2929,"current_hp_per_floor":[63,63,63,63,63,63,47,47,47,47,68,41,62,62,62,43,63,43,43,43,29,21,44,37,37,37,37,23,48,50,40,66,18,69,40,34,34,34,77,25,14,39,41,17,42,42,42,25,51,25],"items_purged":["Strike_G","Strike_G"],"gold":473,"score":1160,"play_id":"d4de675e-828f-4219-9dea-c9e8c56614ff","local_time":"20180324202523","is_prod":false,"is_daily":false,"is_ascension_mode":true,"campfire_upgraded":2,"timestamp":1521919523,"path_taken":["M","$","?","M","?","R","E","$","T","?","R","E","R","M","R","BOSS","M","$","?","M","M","R","M","?","T","?","E","R","?","M","R","BOSS","M","M","$","?","?","E","?","R","T","M","R","?","?","M","R","BOSS"],"build_version":"2018-03-22v2","purchased_purges":3,"victory":true,"master_deck":["Defend_G","Defend_G","Defend_G","Defend_G","Survivor","Neutralize+1","AscendersBane","Backflip","Bouncing Flask+1","Backflip+1","Cloak And Dagger+1","Setup+1","Calculated Gamble+1","Burst+1","Deadly Poison+1","Die Die Die+1","Crippling Poison+1","Acrobatics+1","Noxious Fumes+1","Prepared+1","Bouncing Flask+1","Footwork+1","Catalyst+1","Footwork+1","Well Laid Plans+1","Acrobatics+1"],"max_hp_per_floor":[70,70,70,70,70,70,70,70,70,70,70,70,70,70,70,70,70,70,70,70,72,72,74,76,76,76,76,78,80,82,82,84,86,86,86,88,88,88,77,77,79,81,83,85,85,85,85,87,87,87],"relics":["Ring of the Snake","Frozen Egg 2","Singing Bowl","Dream Catcher","Toxic Egg 2","Astrolabe","Snake Skull","Omamori","Prayer Wheel","Question Card","Pantograph","Tiny Chest","Bronze Scales","Blue Candle"],"card_choices":[{"not_picked":["Reflex","Crippling Poison"],"picked":"Backflip","floor":1.0},{"not_picked":["Poisoned Stab","Distraction"],"picked":"Bouncing Flask","floor":4.0},{"not_picked":["Calculated Gamble","Dagger Spray"],"picked":"Backflip","floor":11.0},{"not_picked":["Sucker Punch","Predator"],"picked":"Cloak And Dagger","floor":12.0},{"not_picked":["All Out Attack","Doppelganger"],"picked":"Setup","floor":13.0},{"not_picked":["Dodge and Roll","Distraction"],"picked":"Calculated Gamble","floor":14.0},{"not_picked":["Envenom","After Image"],"picked":"Burst","floor":16.0},{"not_picked":["Underhanded Strike","Slice"],"picked":"Acrobatics","floor":18.0},{"not_picked":["Flechettes","Heel Hook"],"picked":"Noxious Fumes","floor":22.0},{"not_picked":["Slice","Sucker Punch"],"picked":"Prepared","floor":31.0},{"not_picked":["Poisoned Stab","Outmaneuver","Flying Knee"],"picked":"Bouncing Flask","floor":35.0},{"not_picked":["Dagger Spray","Noxious Fumes","Riddle With Holes"],"picked":"Catalyst","floor":40.0},{"not_picked":["Distraction","Crippling Poison","Dagger Throw"],"picked":"Footwork","floor":45.0},{"not_picked":["Endless Agony","Dodge and Roll","Backflip"],"picked":"Well Laid Plans","floor":47.0},{"not_picked":["PiercingWail","Slice","Backstab"],"picked":"Acrobatics","floor":49.0}],"player_experience":449654,"potions_floor_usage":[50,50],"damage_taken":[{"damage":0.0,"enemies":"Small Slimes","floor":1.0,"turns":3.0},{"damage":0.0,"enemies":"Jaw Worm","floor":4.0,"turns":6.0},{"damage":16.0,"enemies":"3 Sentries","floor":7.0,"turns":9.0},{"damage":27.0,"enemies":"Gremlin Nob","floor":12.0,"turns":5.0},{"damage":0.0,"enemies":"Cultist","floor":14.0,"turns":3.0},{"damage":19.0,"enemies":"The Guardian","floor":16.0,"turns":10.0},{"damage":20.0,"enemies":"3 Byrds","floor":18.0,"turns":4.0},{"damage":16.0,"enemies":"2 Thieves","floor":21.0,"turns":4.0},{"damage":17.0,"enemies":"Snake Plant","floor":22.0,"turns":4.0},{"damage":9.0,"enemies":"Snecko","floor":24.0,"turns":4.0},{"damage":16.0,"enemies":"Book of Stabbing","floor":28.0,"turns":6.0},{"damage":0.0,"enemies":"Centurion and Healer","floor":30.0,"turns":5.0},{"damage":10.0,"enemies":"3 Cultists","floor":31.0,"turns":4.0},{"damage":50.0,"enemies":"Automaton","floor":33.0,"turns":8.0},{"damage":29.0,"enemies":"3 Darklings","floor":35.0,"turns":4.0},{"damage":8.0,"enemies":"Orb Walker","floor":36.0,"turns":3.0},{"damage":52.0,"enemies":"Giant Head","floor":40.0,"turns":8.0},{"damage":13.0,"enemies":"3 Darklings","floor":41.0,"turns":4.0},{"damage":26.0,"enemies":"4 Shapes","floor":44.0,"turns":5.0},{"damage":19.0,"enemies":"Maw","floor":48.0,"turns":5.0},{"damage":51,"enemies":"Donu and Deca","floor":50,"turns":9}],"event_choices":[{"event_name":"Liars Game","player_choice":"disagreed","floor":3.0,"damage_taken":0.0},{"event_name":"Upgrade Shrine","player_choice":"Upgraded","floor":5.0,"damage_taken":0.0},{"event_name":"Purifier","player_choice":"One Purge","floor":10.0,"damage_taken":0.0},{"event_name":"Wheel of Change","player_choice":"Gold","floor":20.0,"damage_taken":0.0},{"event_name":"Match and Keep!","player_choice":"0 cards matched","floor":25.0,"damage_taken":0.0},{"event_name":"Golden Shrine","player_choice":"Desecrate","floor":27.0,"damage_taken":0.0},{"event_name":"Accursed Blacksmith","player_choice":"Ignore","floor":38.0,"damage_taken":0.0},{"event_name":"The Moai Head","player_choice":"Heal","floor":39.0,"damage_taken":0.0},{"event_name":"Mysterious Sphere","player_choice":"Ignore","floor":46.0,"damage_taken":0.0}],"boss_relics":[],"potions_floor_spawned":[1,12,14,22,28,30,31,35,36,40],"seed_played":"2524384996525888924","ascension_level":12,"is_trial":false}