{"gold_per_floor":[112,112,56,56,75,75,125,157,157,157,175,175,195,215,215,215],"floor_reached":16,"playtime":541,"items_purged":[],"score":200,"play_id":"128ea2cf-7ce7-4ac6-8482-7f2e659d39bc","local_time":"20190228105019","is_ascension_mode":true,"campfire_choices":[{"data":"Rampage","floor":6.0,"key":"SMITH"},{"data":"Inflame","floor":10,"key":"SMITH"},{"data":"Bash","floor":12,"key":"SMITH"},{"data":"Heavy Blade","floor":15,"key":"SMITH"}],"neow_cost":"NONE","seed_source_timestamp":16032050051685,"circlet_count":0,"master_deck":["AscendersBane","Strike_R","Strike_R","Strike_R","Strike_R","Defend_R","Defend_R","Defend_R","Defend_R","Bash+1","Immolate","Rampage+1","Headbutt","Shrug It Off","Inflame+1","Heavy Blade+1","Headbutt"],"special_seed":0,"relics":["Burning Blood","Self Forming Clay","Sundial","Dodecahedron"],"potions_floor_usage":[],"damage_taken":[{"damage":4.0,"enemies":"Jaw Worm","floor":1.0,"turns":3.0},{"damage":9.0,"enemies":"2 Louse","floor":5.0,"turns":2.0},{"damage":20,"enemies":"Lagavulin","floor":8,"turns":4},{"damage":6,"enemies":"Cultist","floor":11,"turns":3},{"damage":9,"enemies":"Gremlin Gang","floor":13,"turns":4},{"damage":12,"enemies":"3 Louse","floor":14,"turns":3},{"damage":36,"enemies":"The Guardian","floor":16,"turns":2}],"seed_played":"6839300099687778065","potions_obtained":[{"floor":1.0,"key":"Dexterity Potion"},{"floor":8,"key":"Explosive Potion"},{"floor":13,"key":"Fire Potion"}],"is_trial":false,"path_per_floor":["M","?","$","?","M","R","?","E","T","R","M","R","M","M","R","B"],"character_chosen":"IRONCLAD","items_purchased":["Headbutt"],"campfire_rested":0,"item_purchase_floors":[3],"current_hp_per_floor":[70,59,59,59,56,56,49,35,35,35,35,35,32,26,26,0],"gold":215,"neow_bonus":"ONE_RANDOM_RARE_CARD","is_prod":false,"is_daily":false,"chose_seed":false,"campfire_upgraded":4,"win_rate":0,"timestamp":1551347419,"path_taken":["M","?","$","?","?","R","?","E","T","R","M","R","M","M","R","BOSS"],"build_version":"2019-01-23","purchased_purges":0,"victory":false,"max_hp_per_floor":[75,75,75,75,75,75,75,75,75,75,75,75,75,75,75,75],"card_choices":[{"not_picked":["Shrug It Off","Clothesline"],"picked":"Rampage","floor":1.0},{"not_picked":["Heavy Blade","Havoc"],"picked":"Shrug It Off","floor":5.0},{"not_picked":["Body Slam","Flex"],"picked":"Inflame","floor":8},{"not_picked":["Dropkick","Wild Strike"],"picked":"Heavy Blade","floor":11},{"not_picked":["Armaments","Warcry"],"picked":"Headbutt","floor":13},{"not_picked":["Dropkick","Warcry","Thunderclap"],"picked":"SKIP","floor":14}],"player_experience":914966,"relics_obtained":[{"floor":8,"key":"Sundial"},{"floor":9,"key":"Dodecahedron"}],"event_choices":[{"damage_healed":0.0,"max_hp_gain":0.0,"max_hp_loss":0.0,"gold_gain":0.0,"event_name":"Scrap Ooze","player_choice":"Success","floor":2.0,"gold_loss":0.0,"damage_taken":11.0,"relics_obtained":["Self Forming Clay"]},{"cards_removed":["Strike_R"],"damage_healed":0.0,"max_hp_gain":0.0,"max_hp_loss":0.0,"gold_gain":0.0,"event_name":"Living Wall","player_choice":"Forget","floor":4.0,"gold_loss":0.0,"damage_taken":0.0},{"damage_healed":0,"gold_gain":50,"player_choice":"Touch","damage_taken":7,"max_hp_gain":0,"max_hp_loss":0,"event_name":"FaceTrader","floor":7,"gold_loss":0}],"is_beta":false,"boss_relics":[],"items_purged_floors":[],"is_endless":false,"potions_floor_spawned":[1,8,13],"killed_by":"The Guardian","ascension_level":20}