{"gold_per_floor":[16,16,16,27,41,41,57,57,83,83,102,102,128,128,128,205,205,220,145,157,168,68,68,68,68,68,68,30,30,45,45,45,122,122,137,148,200,218,93,93,111,38,38,38,38,58,58,68,68,68],"floor_reached":50,"playtime":1718,"items_purged":["Strike_G","Strike_G","Defend_G"],"score":814,"play_id":"af64a4bf-6d66-4f2e-9f16-ddc3b4d8fb01","local_time":"20190116214334","is_ascension_mode":true,"campfire_choices":[{"data":"Blade Dance","floor":6.0,"key":"SMITH"},{"data":"Acrobatics","floor":8.0,"key":"SMITH"},{"data":"Flechettes","floor":10.0,"key":"SMITH"},{"floor":12.0,"key":"REST"},{"data":"Deflect","floor":15.0,"key":"SMITH"},{"data":"Envenom","floor":23.0,"key":"SMITH"},{"data":"Cloak And Dagger","floor":25.0,"key":"SMITH"},{"data":"Accuracy","floor":27.0,"key":"SMITH"},{"data":"Noxious Fumes","floor":29.0,"key":"SMITH"},{"data":"Catalyst","floor":32.0,"key":"SMITH"},{"floor":40.0,"key":"REST"},{"data":"Concentrate","floor":45.0,"key":"SMITH"},{"floor":49,"key":"REST"}],"neow_cost":"NO_GOLD","seed_source_timestamp":692498387558813,"circlet_count":0,"master_deck":["AscendersBane","Defend_G","Defend_G","Survivor","Neutralize+1","Flechettes+1","Bane","Blade Dance+1","Acrobatics+1","Deflect+1","Escape Plan","Envenom+1","PiercingWail+1","Blur+1","Cloak And Dagger+1","Accuracy+1","Noxious Fumes+1","Catalyst+1","Corpse Explosion","Backflip","Outmaneuver+1","Cloak And Dagger+1","Deflect+1","Catalyst","Concentrate+1","Envenom"],"special_seed":0,"relics":["Ring of the Serpent","Bronze Scales","Snake Skull","Astrolabe","Ninja Scroll","Tingsha","Shuriken","Pear"],"potions_floor_usage":[],"damage_taken":[{"damage":0.0,"enemies":"Cultist","floor":1.0,"turns":3.0},{"damage":2.0,"enemies":"Jaw Worm","floor":4.0,"turns":4.0},{"damage":1.0,"enemies":"2 Louse","floor":5.0,"turns":2.0},{"damage":5.0,"enemies":"Large Slime","floor":7.0,"turns":8.0},{"damage":20.0,"enemies":"Gremlin Gang","floor":11.0,"turns":4.0},{"damage":13.0,"enemies":"Gremlin Nob","floor":13.0,"turns":3.0},{"damage":9.0,"enemies":"The Guardian","floor":16.0,"turns":13.0},{"damage":7.0,"enemies":"2 Thieves","floor":18.0,"turns":3.0},{"damage":0.0,"enemies":"Chosen","floor":20.0,"turns":4.0},{"damage":13.0,"enemies":"Snake Plant","floor":21.0,"turns":5.0},{"damage":8.0,"enemies":"Shelled Parasite and Fungi","floor":30.0,"turns":4.0},{"damage":21.0,"enemies":"Automaton","floor":33.0,"turns":8.0},{"damage":0.0,"enemies":"3 Shapes","floor":35.0,"turns":5.0},{"damage":20.0,"enemies":"3 Darklings","floor":36.0,"turns":4.0},{"damage":10.0,"enemies":"2 Orb Walkers","floor":37.0,"turns":3.0},{"damage":14.0,"enemies":"Jaw Worm Horde","floor":38.0,"turns":2.0},{"damage":6.0,"enemies":"4 Shapes","floor":41.0,"turns":4.0},{"damage":5.0,"enemies":"Transient","floor":46.0,"turns":5.0},{"damage":8,"enemies":"3 Darklings","floor":48,"turns":2},{"damage":47,"enemies":"Time Eater","floor":50,"turns":5}],"seed_played":"-8861524114069565081","potions_obtained":[{"floor":1.0,"key":"FearPotion"},{"floor":7.0,"key":"Strength Potion"},{"floor":14.0,"key":"AttackPotion"},{"floor":14.0,"key":"Regen Potion"},{"floor":18.0,"key":"LiquidBronze"},{"floor":30.0,"key":"Swift Potion"},{"floor":36.0,"key":"GhostInAJar"},{"floor":37.0,"key":"PowerPotion"}],"is_trial":false,"path_per_floor":["M","$","?","M","M","R","M","R","T","R","M","R","E","?","R","B",null,"M","$","M","M","$","R","?","R","T","R","$","R","M","?","R","B",null,"M","M","?","M","$","R","M","$","T","T","R","M","$","M","R","B"],"character_chosen":"THE_SILENT","items_purchased":["Noxious Fumes","Concentrate"],"campfire_rested":3,"item_purchase_floors":[28,42],"current_hp_per_floor":[59,59,59,57,56,56,51,51,51,51,31,50,37,37,37,28,57,50,50,50,37,37,37,37,37,37,37,37,37,29,29,29,23,55,55,35,25,11,11,30,24,24,24,34,34,29,29,21,43,0],"gold":68,"neow_bonus":"TRANSFORM_TWO_CARDS","is_prod":false,"is_daily":false,"chose_seed":false,"campfire_upgraded":10,"win_rate":0,"timestamp":1547671414,"path_taken":["M","?","?","M","M","R","M","R","T","R","?","R","E","?","R","BOSS","M","?","M","M","$","R","?","R","T","R","$","R","M","?","R","BOSS","M","?","?","M","?","R","M","$","T","?","R","M","$","M","R","BOSS"],"build_version":"2019-01-10","purchased_purges":3,"victory":false,"max_hp_per_floor":[66,66,66,66,66,66,66,66,66,66,66,66,66,66,66,66,66,66,66,66,66,66,66,66,66,66,66,66,66,66,66,66,66,66,66,66,66,66,66,66,66,66,66,76,76,76,76,76,76,76],"card_choices":[{"not_picked":["Backstab","Accuracy","Setup"],"picked":"SKIP","floor":1.0},{"not_picked":["Skewer","Acrobatics"],"picked":"Blade Dance","floor":4.0},{"not_picked":["Quick Slash","Crippling Poison"],"picked":"Acrobatics","floor":5.0},{"not_picked":["Setup","Poisoned Stab","PiercingWail"],"picked":"SKIP","floor":7.0},{"not_picked":["Underhanded Strike","Blade Dance"],"picked":"Deflect","floor":11.0},{"not_picked":["Wraith Form v2","Skewer"],"picked":"Escape Plan","floor":13.0},{"not_picked":["Glass Knife","Tools of the Trade"],"picked":"Envenom","floor":16.0},{"not_picked":["Escape Plan","Deflect"],"picked":"Cloak And Dagger","floor":18.0},{"not_picked":["Eviscerate+1","Poisoned Stab"],"picked":"Accuracy","floor":20.0},{"not_picked":["Concentrate","Eviscerate+1","Expertise+1"],"picked":"SKIP","floor":21.0},{"not_picked":["Quick Slash","Endless Agony+1"],"picked":"Catalyst","floor":30.0},{"not_picked":["Unload","Venomology"],"picked":"Corpse Explosion","floor":33.0},{"not_picked":["Flying Knee","Deflect+1"],"picked":"Backflip","floor":35.0},{"not_picked":["Leg Sweep","Quick Slash"],"picked":"Outmaneuver+1","floor":36.0},{"not_picked":["Predator","Slice"],"picked":"Cloak And Dagger+1","floor":37.0},{"not_picked":["Underhanded Strike","Reflex"],"picked":"Deflect+1","floor":38.0},{"not_picked":["Noxious Fumes","Dagger Throw"],"picked":"Catalyst","floor":41.0},{"not_picked":["Deadly Poison","Terror","Masterful Stab"],"picked":"SKIP","floor":46.0},{"not_picked":["Endless Agony","Riddle With Holes"],"picked":"Envenom","floor":48}],"player_experience":756854,"relics_obtained":[{"floor":9.0,"key":"Bronze Scales"},{"floor":13.0,"key":"Snake Skull"},{"floor":26.0,"key":"Ninja Scroll"},{"floor":37.0,"key":"Tingsha"},{"floor":43.0,"key":"Shuriken"},{"floor":44.0,"key":"Pear"}],"event_choices":[{"damage_healed":0.0,"max_hp_gain":0.0,"max_hp_loss":0.0,"gold_gain":0.0,"event_name":"Accursed Blacksmith","player_choice":"Forge","floor":3.0,"gold_loss":0.0,"damage_taken":0.0,"cards_upgraded":["Neutralize"]},{"damage_healed":0.0,"max_hp_gain":0.0,"max_hp_loss":0.0,"gold_gain":0.0,"event_name":"Lab","player_choice":"Got Potions","floor":14.0,"gold_loss":0.0,"damage_taken":0.0},{"damage_healed":0.0,"max_hp_gain":0.0,"max_hp_loss":0.0,"gold_gain":0.0,"event_name":"Ghosts","player_choice":"Ignored","floor":24.0,"gold_loss":0.0,"damage_taken":0.0},{"cards_removed":["Crippling Poison"],"damage_healed":0.0,"max_hp_gain":0.0,"max_hp_loss":0.0,"gold_gain":0.0,"event_name":"Wheel of Change","player_choice":"Card Removal","floor":31.0,"gold_loss":0.0,"damage_taken":0.0},{"damage_healed":0.0,"max_hp_gain":0.0,"max_hp_loss":0.0,"gold_gain":0.0,"event_name":"Mysterious Sphere","player_choice":"Fight","floor":37.0,"gold_loss":0.0,"damage_taken":0.0}],"is_beta":false,"boss_relics":[{"not_picked":["Calling Bell","Velvet Choker"],"picked":"Astrolabe"},{"not_picked":["Black Star","Busted Crown"],"picked":"Ring of the Serpent"}],"items_purged_floors":[19,22,39],"is_endless":false,"potions_floor_spawned":[1,7,11,18,30,36,37],"killed_by":"Time Eater","ascension_level":15}