{"gold_per_floor":[118,134,209,220,235,80,80,98,98,113,38,38,38,56,56,56],"floor_reached":16,"playtime":426,"items_purged":["Strike_B"],"score":188,"play_id":"56fa52b8-7944-4a19-9442-0e05a217272f","local_time":"20190305000722","is_ascension_mode":true,"campfire_choices":[{"data":"Zap","floor":7,"key":"SMITH"},{"data":"Redo","floor":12,"key":"SMITH"},{"data":"Consume","floor":15,"key":"SMITH"}],"neow_cost":"TEN_PERCENT_HP_LOSS","seed_source_timestamp":25855954858997,"circlet_count":0,"master_deck":["AscendersBane","Strike_B","Strike_B","Defend_B","Defend_B","Defend_B","Defend_B","Zap+1","Dualcast","Redo+1","Steam","Conserve Battery","Ball Lightning","Consume+1","Glacier","Coolheaded"],"relics":["Cracked Core","Gambling Chip","Smiling Mask","Golden Idol"],"potions_floor_usage":[14,14],"damage_taken":[{"damage":5,"enemies":"2 Louse","floor":1,"turns":3},{"damage":2,"enemies":"Jaw Worm","floor":2,"turns":3},{"damage":0,"enemies":"Cultist","floor":4,"turns":3},{"damage":2,"enemies":"Red Slaver","floor":5,"turns":3},{"damage":8,"enemies":"Large Slime","floor":8,"turns":4},{"damage":7,"enemies":"Blue Slaver","floor":10,"turns":2},{"damage":7,"enemies":"Exordium Thugs","floor":14,"turns":6},{"damage":34,"enemies":"Slime Boss","floor":16,"turns":6}],"seed_played":"6750410163982541242","potions_obtained":[{"floor":2,"key":"GamblersBrew"},{"floor":4,"key":"Fire Potion"},{"floor":5,"key":"Swift Potion"}],"is_trial":false,"path_per_floor":["M","M","?","M","M","$","R","M","T","M","?","R","?","M","R","B"],"character_chosen":"DEFECT","items_purchased":["Consume"],"campfire_rested":0,"item_purchase_floors":[6],"current_hp_per_floor":[59,57,46,46,44,44,44,36,36,29,29,29,29,22,22,0],"gold":56,"neow_bonus":"ONE_RARE_RELIC","is_prod":false,"is_daily":false,"chose_seed":false,"campfire_upgraded":3,"win_rate":0,"timestamp":1551740842,"path_taken":["M","M","?","M","M","$","R","M","T","M","?","R","?","M","R","BOSS"],"build_version":"2019-01-23","purchased_purges":1,"victory":false,"max_hp_per_floor":[64,64,64,64,64,64,64,64,64,64,64,64,58,58,58,58],"card_choices":[{"not_picked":["Redo","Rebound","Auto Shields"],"picked":"SKIP","floor":1},{"not_picked":["Redo","Rebound","Auto Shields"],"picked":"SKIP","floor":1},{"not_picked":["Rebound","Auto Shields"],"picked":"Redo","floor":1},{"not_picked":["Stack","Recycle"],"picked":"Steam","floor":2},{"not_picked":["Turbo","Genetic Algorithm"],"picked":"Conserve Battery","floor":4},{"not_picked":["Go for the Eyes","Hologram"],"picked":"Ball Lightning","floor":5},{"not_picked":["Tempest","Streamline"],"picked":"Glacier","floor":8},{"not_picked":["Hologram","Conserve Battery"],"picked":"Coolheaded","floor":10},{"not_picked":["Ball Lightning","Genetic Algorithm","Storm"],"picked":"SKIP","floor":14}],"player_experience":940103,"relics_obtained":[{"floor":9,"key":"Smiling Mask"}],"event_choices":[{"damage_healed":0,"gold_gain":75,"player_choice":"Gather Gold","damage_taken":11,"max_hp_gain":0,"max_hp_loss":0,"event_name":"World of Goop","floor":3,"gold_loss":0},{"cards_removed":["Strike_B"],"damage_healed":0,"gold_gain":0,"player_choice":"Card Removal","damage_taken":0,"max_hp_gain":0,"max_hp_loss":0,"event_name":"The Cleric","floor":11,"gold_loss":75},{"damage_healed":0,"gold_gain":0,"player_choice":"Lose Max HP","damage_taken":0,"relics_obtained":["Golden Idol"],"max_hp_gain":0,"max_hp_loss":6,"event_name":"Golden Idol","floor":13,"gold_loss":0}],"is_beta":false,"boss_relics":[],"items_purged_floors":[6],"is_endless":false,"potions_floor_spawned":[2,4,5,10],"killed_by":"Slime Boss","ascension_level":20}