{"gold_per_floor":[114,189,203,203,203,214,225,225,225,252,30,30,40,73,73,171,171,182,82,82,99,111,111,62,62],"floor_reached":25,"playtime":866,"items_purged":["Strike_B","Strike_B"],"score":322,"play_id":"9f604ad4-1e2d-40ea-bfc4-65e83a786e2f","local_time":"20180806214317","is_ascension_mode":true,"campfire_choices":[{"data":"Go for the Eyes","floor":8.0,"key":"SMITH"},{"data":"Dualcast","floor":12,"key":"SMITH"},{"floor":15,"key":"REST"},{"data":"Coolheaded","floor":23,"key":"SMITH"}],"neow_cost":"NONE","seed_source_timestamp":370075400200256,"circlet_count":0,"master_deck":["Strike_B","Strike_B","Defend_B","Defend_B","Defend_B","Zap+1","Dualcast+1","AscendersBane","Steam","Go for the Eyes+1","Turbo","Coolheaded+1","Electrodynamics","Core Surge","Melter+1","Loop","Compile Driver"],"special_seed":0,"relics":["Cracked Core","StoneCalendar","Odd Mushroom","Regal Pillow","Turnip","Nuclear Battery"],"potions_floor_usage":[14,14,25],"damage_taken":[{"damage":3.0,"enemies":"2 Louse","floor":1.0,"turns":3.0},{"damage":0.0,"enemies":"Small Slimes","floor":3.0,"turns":3.0},{"damage":1.0,"enemies":"Jaw Worm","floor":6.0,"turns":3.0},{"damage":0.0,"enemies":"2 Fungi Beasts","floor":7.0,"turns":3.0},{"damage":4.0,"floor":10.0,"turns":5.0},{"damage":7,"enemies":"Exordium Wildlife","floor":13,"turns":4},{"damage":32,"enemies":"Gremlin Nob","floor":14,"turns":6},{"damage":57,"enemies":"The Guardian","floor":16,"turns":16},{"damage":5,"enemies":"Chosen","floor":18,"turns":6},{"damage":15,"enemies":"Shell Parasite","floor":21,"turns":4},{"damage":15,"enemies":"Centurion and Healer","floor":22,"turns":5},{"damage":26,"enemies":"Snake Plant","floor":25,"turns":2}],"seed_played":"-8227082973589419612","potions_obtained":[{"floor":3.0,"key":"Dexterity Potion"},{"floor":7.0,"key":"SpeedPotion"},{"floor":10.0,"key":"Regen Potion"},{"floor":13,"key":"AttackPotion"},{"floor":21,"key":"Swift Potion"},{"floor":22,"key":"SteroidPotion"}],"is_trial":false,"path_per_floor":["M","?","M","?","?","M","M","R","T","?","$","R","M","E","R","B",null,"M","$","?","M","M","R","$"],"character_chosen":"DEFECT","items_purchased":["Regal Pillow","Compile Driver"],"campfire_rested":1,"item_purchase_floors":[11,24],"current_hp_per_floor":[65,54,54,59,52,51,51,51,51,47,47,47,40,22,61,4,61,56,56,56,41,26,26,26,0],"gold":62,"neow_bonus":"UPGRADE_CARD","is_prod":false,"is_daily":false,"chose_seed":false,"campfire_upgraded":3,"win_rate":0,"timestamp":1533584597,"path_taken":["M","?","M","?","?","?","M","R","T","?","?","R","M","E","R","BOSS","M","?","?","M","M","R","$","M"],"build_version":"2018-08-01","purchased_purges":2,"victory":false,"max_hp_per_floor":[75,75,75,80,80,80,80,80,80,80,80,80,80,80,80,80,80,80,80,80,80,80,80,80,80],"card_choices":[{"not_picked":["Rebound","Rip and Tear","Streamline"],"picked":"SKIP","floor":1.0},{"not_picked":["Barrage","Streamline"],"picked":"Steam","floor":3.0},{"not_picked":["Conserve Battery","Stack"],"picked":"Go for the Eyes","floor":6.0},{"not_picked":["Aggregate","Blizzard","Go for the Eyes"],"picked":"SKIP","floor":7.0},{"not_picked":["Genetic Algorithm","Cold Snap"],"picked":"Turbo","floor":10.0},{"not_picked":["Beam Cell","Conserve Battery"],"picked":"Coolheaded","floor":13},{"not_picked":["Storm","Tempest"],"picked":"Electrodynamics","floor":14},{"not_picked":["All For One","Biased Cognition"],"picked":"Core Surge","floor":16},{"not_picked":["Rebound+1","Ball Lightning+1"],"picked":"Melter+1","floor":18},{"not_picked":["Recycle","White Noise","Sweeping Beam"],"picked":"SKIP","floor":21},{"not_picked":["Hologram","Ball Lightning"],"picked":"Loop","floor":22}],"player_experience":757151,"relics_obtained":[{"floor":9.0,"key":"StoneCalendar"},{"floor":10.0,"key":"Odd Mushroom"},{"floor":14,"key":"Turnip"}],"event_choices":[{"event_name":"World of Goop","player_choice":"Gather Gold","floor":2.0,"damage_taken":0.0},{"event_name":"Big Fish","player_choice":"Donut","floor":4.0,"damage_taken":0.0},{"event_name":"Golden Wing","player_choice":"Card Removal","floor":5.0,"damage_taken":0.0},{"event_name":"Mushrooms","player_choice":"Fought Mushrooms","floor":10.0,"damage_taken":0.0},{"event_name":"Ghosts","player_choice":"Ignored","floor":20,"damage_taken":0}],"is_beta":true,"boss_relics":[{"not_picked":["Snecko Eye","Runic Dome"],"picked":"Nuclear Battery"}],"items_purged_floors":[11,19],"is_endless":false,"potions_floor_spawned":[3,7,10,13,21,22],"killed_by":"Snake Plant","ascension_level":12}