{"path_per_floor":["M","?","?","M","?","R","$","M","T","R","M","M","R","E","R","B",null,"M","M","$","?","M","?","R","E","T"],"character_chosen":"THE_SILENT","items_purchased":["Happy Flower","Footwork","Purity"],"gold_per_floor":[111,186,186,205,205,205,54,73,73,73,84,97,97,128,128,199,199,199,199,37,37,37,37,37,37,37,37],"floor_reached":27,"campfire_rested":2,"playtime":1749,"current_hp_per_floor":[58,47,40,39,25,25,25,25,25,46,46,46,46,29,50,21,59,54,54,54,38,36,36,36,14,14,0],"items_purged":["Defend_G"],"gold":37,"score":418,"play_id":"b462544b-2812-4de4-962c-d04e40b6e257","local_time":"20180413122743","is_prod":false,"is_daily":false,"chose_seed":false,"is_ascension_mode":true,"campfire_upgraded":3,"timestamp":1523615263,"path_taken":["M","?","?","M","?","R","$","M","T","R","M","M","R","E","R","BOSS","M","M","$","?","M","?","R","E","T","M"],"build_version":"2018-04-12","seed_source_timestamp":122473961557515,"purchased_purges":1,"victory":false,"master_deck":["Defend_G+1","Defend_G","Defend_G","Defend_G","Strike_G+1","Strike_G","Strike_G","Strike_G","Survivor","Neutralize+1","AscendersBane","Escape Plan","Backflip","PiercingWail","Terror+1","Deflect","After Image","Infinite Blades","Escape Plan","Footwork","Purity","Acrobatics","Ghostly+1","Ghostly","Ghostly","Ghostly","Ghostly","Tools of the Trade"],"max_hp_per_floor":[72,72,72,72,72,72,72,72,72,72,72,72,72,72,72,72,72,72,72,72,72,72,36,36,36,36,36],"relics":["Ring of the Snake","Happy Flower","Juzu Bracelet","The Courier","Ectoplasm","Nilry\u0027s Codex","Peace Pipe","Mummified Hand"],"card_choices":[{"not_picked":["Leg Sweep","Dagger Spray"],"picked":"Escape Plan","floor":1.0},{"not_picked":["Sucker Punch","Dagger Throw"],"picked":"Backflip","floor":4.0},{"not_picked":["Masterful Stab","Flying Knee"],"picked":"PiercingWail","floor":11.0},{"not_picked":["Caltrops","Deadly Poison"],"picked":"Terror","floor":12.0},{"not_picked":["Riddle With Holes","Flechettes"],"picked":"Deflect","floor":14.0},{"not_picked":["Adrenaline","Burst"],"picked":"After Image","floor":16.0},{"not_picked":["Deadly Poison","Endless Agony"],"picked":"Infinite Blades","floor":18.0},{"not_picked":["Masterful Stab","Quick Slash"],"picked":"Escape Plan","floor":19},{"not_picked":["Poisoned Stab","Deadly Poison"],"picked":"Acrobatics","floor":22},{"not_picked":["Dodge and Roll","Dagger Spray"],"picked":"Tools of the Trade","floor":25}],"player_experience":523407,"potions_floor_usage":[22],"damage_taken":[{"damage":7.0,"enemies":"Small Slimes","floor":1.0,"turns":4.0},{"damage":1.0,"enemies":"Jaw Worm","floor":4.0,"turns":3.0},{"damage":0.0,"enemies":"Cultist","floor":8.0,"turns":5.0},{"damage":0.0,"enemies":"Large Slime","floor":11.0,"turns":7.0},{"damage":0.0,"enemies":"Looter","floor":12.0,"turns":5.0},{"damage":17.0,"enemies":"Lagavulin","floor":14.0,"turns":8.0},{"damage":29.0,"enemies":"The Guardian","floor":16.0,"turns":20.0},{"damage":5.0,"enemies":"Spheric Guardian","floor":18.0,"turns":8.0},{"damage":0,"enemies":"3 Byrds","floor":19,"turns":10},{"damage":2,"enemies":"Snake Plant","floor":22,"turns":6},{"damage":22,"enemies":"Slavers","floor":25,"turns":13},{"damage":22,"enemies":"Cultist and Chosen","floor":27,"turns":5}],"event_choices":[{"event_name":"World of Goop","player_choice":"Gather Gold","floor":2.0,"damage_taken":0.0},{"event_name":"Golden Wing","player_choice":"Card Removal","floor":3.0,"damage_taken":0.0},{"event_name":"Shining Light","player_choice":"Entered Light","floor":5.0,"damage_taken":0.0},{"event_name":"Cursed Tome","player_choice":"Obtained Book","floor":21,"damage_taken":0},{"event_name":"Ghosts","player_choice":"Became a Ghost","floor":23,"damage_taken":0}],"boss_relics":[],"potions_floor_spawned":[1,4,14,16,18,22,25],"seed_played":"8880324576222868606","killed_by":"Cultist and Chosen","ascension_level":14,"is_trial":false}