{"gold_per_floor":[211,286,306,317,317,335,335,335],"floor_reached":8,"playtime":233,"items_purged":[],"score":53,"play_id":"f08cb12e-45be-46b0-909a-756e14f7c85a","local_time":"20190701225616","is_ascension_mode":true,"campfire_choices":[],"neow_cost":"NONE","seed_source_timestamp":1575235069720459,"circlet_count":0,"master_deck":["Strike_R","Strike_R","Strike_R","Strike_R","Strike_R","Defend_R","Defend_R","Defend_R+1","Defend_R","Bash","Sword Boomerang+1"],"relics":["Burning Blood","Centennial Puzzle"],"potions_floor_usage":[8],"damage_taken":[{"damage":0,"enemies":"Small Slimes","floor":1,"turns":4},{"damage":12,"enemies":"Jaw Worm","floor":3,"turns":2},{"damage":11,"enemies":"2 Louse","floor":4,"turns":3},{"damage":14,"enemies":"Exordium Thugs","floor":6,"turns":5},{"damage":9,"enemies":"3 Sentries","floor":8,"turns":1}],"seed_played":"-3031438951053368021","potions_obtained":[{"floor":4,"key":"Swift Potion"},{"floor":6,"key":"FearPotion"}],"is_trial":false,"path_per_floor":["M","?","M","M","?","M","?","E"],"character_chosen":"IRONCLAD","items_purchased":[],"campfire_rested":0,"item_purchase_floors":[],"current_hp_per_floor":[80,69,63,58,42,34,9,0],"gold":335,"neow_bonus":"HUNDRED_GOLD","is_prod":false,"is_daily":false,"chose_seed":false,"campfire_upgraded":0,"win_rate":0,"timestamp":1562036176,"path_taken":["M","?","M","M","?","M","?","E"],"build_version":"2019-07-01","purchased_purges":0,"victory":false,"max_hp_per_floor":[80,80,80,80,80,80,80,80],"card_choices":[{"not_picked":["Evolve","Iron Wave"],"picked":"Sword Boomerang","floor":1},{"not_picked":["True Grit","Iron Wave","Headbutt"],"picked":"SKIP","floor":3},{"not_picked":["Cleave","Dual Wield","Iron Wave"],"picked":"SKIP","floor":4},{"not_picked":["True Grit","Infernal Blade","Dropkick"],"picked":"SKIP","floor":6}],"player_experience":107156,"relics_obtained":[],"event_choices":[{"damage_healed":0,"gold_gain":75,"player_choice":"Gather Gold","damage_taken":11,"max_hp_gain":0,"max_hp_loss":0,"event_name":"World of Goop","floor":2,"gold_loss":0},{"damage_healed":0,"gold_gain":0,"player_choice":"Entered Light","damage_taken":16,"max_hp_gain":0,"max_hp_loss":0,"event_name":"Shining Light","floor":5,"gold_loss":0,"cards_upgraded":["Defend_R","Sword Boomerang"]},{"damage_healed":0,"gold_gain":0,"player_choice":"Success","damage_taken":25,"relics_obtained":["Centennial Puzzle"],"max_hp_gain":0,"max_hp_loss":0,"event_name":"Scrap Ooze","floor":7,"gold_loss":0}],"is_beta":false,"boss_relics":[],"items_purged_floors":[],"is_endless":false,"potions_floor_spawned":[4,6],"killed_by":"3 Sentries","ascension_level":2}