{"gold_per_floor":[119,136,151,101,113,113,139,76,101,162,162,162,162,22,22,123,123,140,140,157,82,99,99],"floor_reached":23,"playtime":997,"items_purged":["Defend_R"],"score":209,"play_id":"3c53887c-1118-4117-9f17-f9aa5acfa675","local_time":"20190630172707","is_ascension_mode":true,"campfire_choices":[{"data":"Bash","floor":6,"key":"SMITH"},{"floor":11,"key":"REST"},{"data":"Demon Form","floor":15,"key":"SMITH"}],"neow_cost":"NONE","seed_source_timestamp":1468318904176100,"circlet_count":0,"master_deck":["Bash+1","Dramatic Entrance","Rupture","Demon Form+1","Juggernaut","Sever Soul","Corruption","Limit Break","Spot Weakness","Rupture","Shockwave","Armaments","Hemokinesis","Bash","Pommel Strike+1","Combust","Seeing Red+1"],"relics":["Burning Blood","MawBank","Orichalcum","Tiny Chest","Happy Flower","Pandora\u0027s Box"],"potions_floor_usage":[7,7,10,23,23],"damage_taken":[{"damage":8,"enemies":"Small Slimes","floor":1,"turns":3},{"damage":7,"enemies":"2 Louse","floor":2,"turns":2},{"damage":1,"enemies":"Cultist","floor":3,"turns":3},{"damage":13,"enemies":"Red Slaver","floor":5,"turns":4},{"damage":25,"enemies":"Gremlin Nob","floor":7,"turns":4},{"damage":36,"enemies":"Lagavulin","floor":10,"turns":7},{"damage":11,"enemies":"Slime Boss","floor":16,"turns":10},{"damage":19,"enemies":"Shell Parasite","floor":18,"turns":5},{"damage":31,"enemies":"Spheric Guardian","floor":20,"turns":5},{"damage":18,"enemies":"Centurion and Healer","floor":22,"turns":5},{"damage":37,"enemies":"Slavers","floor":23,"turns":3}],"seed_played":"2183670182305252705","potions_obtained":[{"floor":1,"key":"Explosive Potion"},{"floor":2,"key":"Ancient Potion"},{"floor":5,"key":"Explosive Potion"},{"floor":16,"key":"Poison Potion"},{"floor":22,"key":"SpeedPotion"}],"is_trial":false,"path_per_floor":["M","M","M","?","M","R","E","$","T","E","R","?","?","$","R","B",null,"M","?","M","$","M","E"],"character_chosen":"IRONCLAD","items_purchased":["Demon Form","Combust"],"campfire_rested":1,"item_purchase_floors":[14,21],"current_hp_per_floor":[78,77,80,80,73,73,54,54,54,24,48,36,20,20,20,15,80,67,67,42,42,30,0],"gold":99,"neow_bonus":"RANDOM_COLORLESS","is_prod":false,"is_daily":false,"chose_seed":false,"campfire_upgraded":2,"win_rate":0,"timestamp":1561930027,"path_taken":["M","M","M","?","M","R","E","$","T","E","R","?","?","?","R","BOSS","M","?","?","?","M","E"],"build_version":"2019-01-23","purchased_purges":1,"victory":false,"max_hp_per_floor":[80,80,80,80,80,80,80,80,80,80,80,80,80,80,80,80,80,80,80,80,80,80,80],"card_choices":[{"not_picked":["Pummel","Searing Blow","Burning Pact"],"picked":"SKIP","floor":1},{"not_picked":["Twin Strike","Pummel"],"picked":"Rupture","floor":2},{"not_picked":["Headbutt","Thunderclap","Second Wind"],"picked":"SKIP","floor":3},{"not_picked":["Searing Blow","Sword Boomerang","Feel No Pain"],"picked":"SKIP","floor":5},{"not_picked":["Shrug It Off","Clothesline","Perfected Strike"],"picked":"SKIP","floor":7},{"not_picked":["Body Slam","Wild Strike","Flex"],"picked":"SKIP","floor":10},{"not_picked":["Double Tap","Immolate"],"picked":"Juggernaut","floor":16},{"not_picked":["Iron Wave","Reckless Charge+1","Pommel Strike"],"picked":"SKIP","floor":18},{"not_picked":["Sword Boomerang+1","Body Slam"],"picked":"Pommel Strike+1","floor":20},{"not_picked":["Headbutt+1","Sword Boomerang"],"picked":"Seeing Red+1","floor":22}],"player_experience":73683,"relics_obtained":[{"floor":7,"key":"MawBank"},{"floor":9,"key":"Orichalcum"},{"floor":10,"key":"Tiny Chest"}],"event_choices":[{"cards_removed":["Defend_R"],"damage_healed":0,"gold_gain":0,"player_choice":"Card Removal","damage_taken":0,"max_hp_gain":0,"max_hp_loss":0,"event_name":"The Cleric","floor":4,"gold_loss":50},{"damage_healed":0,"gold_gain":0,"player_choice":"Success","damage_taken":12,"relics_obtained":["Happy Flower"],"max_hp_gain":0,"max_hp_loss":0,"event_name":"Scrap Ooze","floor":12,"gold_loss":0},{"damage_healed":0,"gold_gain":0,"player_choice":"Entered Light","damage_taken":16,"max_hp_gain":0,"max_hp_loss":0,"event_name":"Shining Light","floor":13,"gold_loss":0,"cards_upgraded":["Strike_R","Strike_R"]},{"damage_healed":0,"gold_gain":0,"player_choice":"2 cards matched","damage_taken":0,"max_hp_gain":0,"max_hp_loss":0,"event_name":"Match and Keep!","floor":19,"gold_loss":0,"cards_obtained":["Hemokinesis","Bash"]}],"is_beta":false,"boss_relics":[{"not_picked":["Velvet Choker","Snecko Eye"],"picked":"Pandora\u0027s Box"}],"items_purged_floors":[8],"is_endless":false,"potions_floor_spawned":[1,2,5,16,22],"killed_by":"Slavers","ascension_level":1}