{"path_per_floor":["M","M","M","?","M","R","E","R","T","R","M","R","?","E","R","B",null,"M","?","$","M","M","E","?","R","T"],"character_chosen":"DEFECT","items_purchased":["Toxic Egg 2"],"gold_per_floor":[17,36,55,55,69,69,103,103,103,103,118,118,118,151,151,254,254,269,269,27,45,60,92,17,17,41,41],"floor_reached":27,"campfire_rested":2,"playtime":1229,"current_hp_per_floor":[67,67,67,67,62,62,23,23,23,23,21,43,43,34,34,28,63,61,61,61,54,47,3,3,25,25,0],"items_purged":[],"gold":41,"score":313,"play_id":"16f3be8f-e4f8-425a-9f8c-19ff73c47e2f","local_time":"20180509165540","is_prod":false,"is_daily":false,"chose_seed":false,"is_ascension_mode":true,"campfire_upgraded":4,"timestamp":1525877740,"path_taken":["M","M","?","?","M","R","E","R","T","R","M","R","?","E","R","BOSS","M","?","$","M","?","E","?","R","T","E"],"build_version":"2018-05-08","seed_source_timestamp":7867935410447,"purchased_purges":1,"victory":false,"master_deck":["Strike_B","Strike_B","Strike_B","Defend_B","Defend_B","Defend_B","Zap+1","Dualcast","Coolheaded+1","Seek","Go for the Eyes+1","Skim","Ball Lightning","Capacitor+1","Machine Learning","Barrage","Redo+1","Consume+1","Stack+1"],"max_hp_per_floor":[75,75,75,75,75,75,75,75,75,75,75,75,75,75,75,75,75,75,75,75,75,75,75,75,75,75,75],"relics":["Cracked Core","Question Card","Mercury Hourglass","Toolbox","Inserter","Thread and Needle","Toxic Egg 2","Blood Vial","Art of War"],"card_choices":[{"not_picked":["Sweeping Beam","Hologram"],"picked":"Coolheaded","floor":1.0},{"not_picked":["Steam","Turbo"],"picked":"Seek","floor":2.0},{"not_picked":["Turbo","Scrape"],"picked":"Go for the Eyes","floor":3.0},{"not_picked":["Storm","Chill"],"picked":"Skim","floor":7.0},{"not_picked":["Chill","Double Energy","Hologram"],"picked":"Ball Lightning","floor":11.0},{"not_picked":["Hello World","Storm","Cold Snap"],"picked":"Capacitor","floor":14},{"not_picked":["Meteor Strike","Thunder Strike","Hyperbeam"],"picked":"Machine Learning","floor":16},{"not_picked":["Leap","Scrape","Genetic Algorithm"],"picked":"Barrage","floor":18},{"not_picked":["Hologram","Turbo","Recycle"],"picked":"Redo","floor":21},{"not_picked":["Seek","Hologram","Chill"],"picked":"Consume","floor":22},{"not_picked":["Steam Power","Buffer","Ball Lightning"],"picked":"Stack","floor":23}],"player_experience":633110,"potions_floor_usage":[21,23,23],"damage_taken":[{"damage":1.0,"enemies":"Cultist","floor":1.0,"turns":3.0},{"damage":0.0,"enemies":"Small Slimes","floor":2.0,"turns":2.0},{"damage":0.0,"enemies":"Jaw Worm","floor":3.0,"turns":4.0},{"damage":5.0,"enemies":"Blue Slaver","floor":5.0,"turns":5.0},{"damage":39.0,"enemies":"Gremlin Nob","floor":7.0,"turns":5.0},{"damage":2.0,"enemies":"2 Fungi Beasts","floor":11.0,"turns":2.0},{"damage":9,"enemies":"3 Sentries","floor":14,"turns":4},{"damage":6,"enemies":"The Guardian","floor":16,"turns":11},{"damage":2,"enemies":"Shell Parasite","floor":18,"turns":6},{"damage":7,"enemies":"3 Byrds","floor":21,"turns":4},{"damage":7,"enemies":"3 Cultists","floor":22,"turns":5},{"damage":44,"enemies":"Slavers","floor":23,"turns":5},{"damage":31,"enemies":"Gremlin Leader","floor":27,"turns":4}],"event_choices":[{"event_name":"Match and Keep!","player_choice":"0 cards matched","floor":4.0,"damage_taken":0.0},{"event_name":"Golden Idol","player_choice":"Ignored","floor":13.0,"damage_taken":0.0},{"event_name":"The Mausoleum","player_choice":"Yes","floor":19,"damage_taken":0},{"event_name":"Beggar","player_choice":"Gave Gold","floor":24,"damage_taken":0}],"boss_relics":[{"not_picked":["Runic Pyramid","Philosopher\u0027s Stone"],"picked":"Inserter"}],"potions_floor_spawned":[2,7,14,22],"seed_played":"7484241681215219133","killed_by":"Gremlin Leader","ascension_level":6,"is_trial":false}