{"gold_per_floor":[117,117,129,129,129,129,150,150,150,150,163,163,199,199,199,290,290,310,235,248,163,181,181,199,199,253,253,269,319,319,343,343,343],"floor_reached":33,"playtime":995,"items_purged":[],"score":515,"play_id":"a10de2c1-5664-4efa-911a-5cd447d21054","local_time":"20190223180457","is_ascension_mode":true,"campfire_choices":[{"data":"Zap","floor":6.0,"key":"SMITH"},{"data":"Coolheaded","floor":8.0,"key":"SMITH"},{"data":"Seek","floor":10.0,"key":"SMITH"},{"data":"Dualcast","floor":12.0,"key":"SMITH"},{"data":"FTL","floor":15.0,"key":"SMITH"},{"floor":23.0,"key":"REST"},{"data":"Streamline","floor":27,"key":"SMITH"},{"floor":30,"key":"REST"},{"floor":32,"key":"REST"}],"neow_cost":"NONE","seed_source_timestamp":1404988837981844,"circlet_count":0,"master_deck":["AscendersBane","Defend_B","Defend_B","Defend_B","Zap+1","Dualcast+1","Gash","Coolheaded+1","Seek+1","Gash","Streamline+1","FTL+1","Chaos+1","Static Discharge+1","Ball Lightning","Leap+1","Gash","Gash","Compile Driver+1"],"special_seed":0,"relics":["Cracked Core","Pen Nib","Golden Idol","Ice Cream","Vajra","Shuriken","Astrolabe","Lantern","Bag of Marbles"],"potions_floor_usage":[33],"damage_taken":[{"damage":7.0,"enemies":"Jaw Worm","floor":1.0,"turns":2.0},{"damage":2.0,"enemies":"Cultist","floor":3.0,"turns":4.0},{"damage":0.0,"enemies":"2 Louse","floor":7.0,"turns":1.0},{"damage":2.0,"enemies":"Large Slime","floor":11.0,"turns":5.0},{"damage":22.0,"enemies":"3 Sentries","floor":13.0,"turns":6.0},{"damage":18.0,"enemies":"Slime Boss","floor":16.0,"turns":7.0},{"damage":23.0,"enemies":"Shell Parasite","floor":18.0,"turns":3.0},{"damage":1.0,"enemies":"Spheric Guardian","floor":20.0,"turns":3.0},{"damage":1.0,"enemies":"Cultist and Chosen","floor":22.0,"turns":5.0},{"damage":13.0,"enemies":"Centurion and Healer","floor":24.0,"turns":3.0},{"damage":7,"enemies":"Chosen and Byrds","floor":28,"turns":5},{"damage":29,"enemies":"Snecko","floor":31,"turns":4},{"damage":39,"enemies":"Collector","floor":33,"turns":3}],"seed_played":"1150275976307558354","potions_obtained":[{"floor":7.0,"key":"LiquidBronze"},{"floor":11.0,"key":"SpeedPotion"},{"floor":20.0,"key":"SkillPotion"},{"floor":28,"key":"GamblersBrew"}],"is_trial":false,"path_per_floor":["M","?","M","?","?","R","M","R","T","R","M","R","E","T","R","B",null,"M","?","M","?","M","R","M","?","T","R","M","?","R","M","R","B"],"character_chosen":"DEFECT","items_purchased":[],"campfire_rested":3,"item_purchase_floors":[],"current_hp_per_floor":[57,57,55,55,55,55,55,55,55,55,53,53,31,31,31,13,51,28,28,27,27,26,45,32,32,32,32,25,25,44,15,34,0],"gold":343,"neow_bonus":"RANDOM_COMMON_RELIC","is_prod":false,"is_daily":false,"chose_seed":false,"campfire_upgraded":6,"win_rate":0,"timestamp":1550941497,"path_taken":["M","?","?","?","?","R","M","R","T","R","?","R","E","?","R","BOSS","M","?","M","?","M","R","M","?","T","R","M","?","R","M","R","BOSS"],"build_version":"2019-01-23","purchased_purges":0,"victory":false,"max_hp_per_floor":[71,71,71,64,64,64,64,64,64,64,64,64,64,64,64,64,64,64,64,64,64,64,64,64,64,64,64,64,64,64,64,64,64],"card_choices":[{"not_picked":["Cold Snap","Turbo"],"picked":"Gash","floor":1.0},{"not_picked":["Beam Cell","Go for the Eyes"],"picked":"Coolheaded","floor":3.0},{"not_picked":["Redo","Core Surge"],"picked":"Gash","floor":7.0},{"not_picked":["Steam","Go for the Eyes"],"picked":"Streamline","floor":11.0},{"not_picked":["Steam","Steam Power"],"picked":"FTL","floor":13.0},{"not_picked":["Scrape","Tempest"],"picked":"Ball Lightning","floor":18.0},{"not_picked":["Ball Lightning","Turbo"],"picked":"Leap+1","floor":20.0},{"not_picked":["Heatsinks","Streamline","Conserve Battery"],"picked":"SKIP","floor":22.0},{"not_picked":["Rip and Tear","Tempest"],"picked":"Gash","floor":24.0},{"not_picked":["Tempest","Rip and Tear"],"picked":"Gash","floor":28},{"not_picked":["Barrage","Hologram"],"picked":"Compile Driver+1","floor":31}],"player_experience":878631,"relics_obtained":[{"floor":9.0,"key":"Ice Cream"},{"floor":13.0,"key":"Vajra"},{"floor":14.0,"key":"Shuriken"},{"floor":26,"key":"Bag of Marbles"}],"event_choices":[{"cards_removed":["Strike_B"],"damage_healed":0.0,"max_hp_gain":0.0,"max_hp_loss":0.0,"gold_gain":0.0,"event_name":"Purifier","player_choice":"Purged","floor":2.0,"gold_loss":0.0,"damage_taken":0.0},{"damage_healed":0.0,"max_hp_gain":0.0,"max_hp_loss":7.0,"gold_gain":0.0,"event_name":"Golden Idol","player_choice":"Lose Max HP","floor":4.0,"gold_loss":0.0,"damage_taken":0.0,"relics_obtained":["Golden Idol"]},{"damage_healed":0.0,"max_hp_gain":0.0,"max_hp_loss":0.0,"gold_gain":0.0,"event_name":"Match and Keep!","player_choice":"1 cards matched","floor":5.0,"gold_loss":0.0,"damage_taken":0.0,"cards_obtained":["Seek"]},{"cards_removed":["Blizzard"],"damage_healed":0.0,"max_hp_gain":0.0,"max_hp_loss":0.0,"gold_gain":0.0,"event_name":"Beggar","player_choice":"Gave Gold","floor":19.0,"gold_loss":75.0,"damage_taken":0.0},{"damage_healed":0.0,"max_hp_gain":0.0,"max_hp_loss":0.0,"gold_gain":0.0,"event_name":"Addict","player_choice":"Obtained Relic","floor":21.0,"gold_loss":85.0,"damage_taken":0.0,"relics_obtained":["Lantern"]},{"cards_removed":["Strike_B"],"damage_healed":0,"gold_gain":0,"player_choice":"Elegance","damage_taken":0,"max_hp_gain":0,"max_hp_loss":0,"event_name":"Back to Basics","floor":25,"gold_loss":0},{"damage_healed":0,"gold_gain":50,"player_choice":"Stole From Cult","damage_taken":0,"max_hp_gain":0,"max_hp_loss":0,"event_name":"Nest","floor":29,"gold_loss":0}],"is_beta":false,"boss_relics":[{"not_picked":["Snecko Eye","White Beast Statue"],"picked":"Astrolabe"}],"items_purged_floors":[],"is_endless":false,"potions_floor_spawned":[7,11,20,28],"killed_by":"Collector","ascension_level":20}