{"gold_per_floor":[112,37,37,53,68,68,68,88,111,127,127,146,157,185,185,185],"floor_reached":16,"playtime":634,"items_purged":[],"score":208,"play_id":"43584dad-9ba3-4cdc-9adb-7b83fca2b705","local_time":"20190301003009","is_ascension_mode":true,"campfire_choices":[{"data":"Bash","floor":6.0,"key":"SMITH"},{"data":"Inflame","floor":11.0,"key":"SMITH"},{"data":"Evolve","floor":15.0,"key":"SMITH"}],"neow_cost":"TEN_PERCENT_HP_LOSS","seed_source_timestamp":58885454865935,"circlet_count":0,"master_deck":["AscendersBane","Strike_R","Strike_R","Strike_R","Defend_R","Defend_R","Defend_R","Defend_R","Bash+1","Reaper","Battle Trance","Flame Barrier","Thunderclap","Inflame+1","Evolve+1"],"special_seed":0,"relics":["Burning Blood","Vajra","Lantern"],"potions_floor_usage":[],"damage_taken":[{"damage":9.0,"enemies":"2 Louse","floor":1.0,"turns":4.0},{"damage":12.0,"enemies":"Cultist","floor":4.0,"turns":4.0},{"damage":4.0,"enemies":"Jaw Worm","floor":5.0,"turns":5.0},{"damage":34.0,"enemies":"Gremlin Gang","floor":8.0,"turns":6.0},{"damage":2.0,"enemies":"3 Louse","floor":10.0,"turns":3.0},{"damage":22.0,"enemies":"Exordium Thugs","floor":12.0,"turns":5.0},{"damage":49.0,"enemies":"Gremlin Gang","floor":13.0,"turns":4.0},{"damage":40.0,"enemies":"3 Sentries","floor":14.0,"turns":8.0},{"damage":47,"enemies":"Slime Boss","floor":16,"turns":7}],"seed_played":"-4786691141386545777","potions_obtained":[{"floor":5.0,"key":"SteroidPotion"},{"floor":8.0,"key":"SpeedPotion"},{"floor":10.0,"key":"Fruit Juice"}],"is_trial":false,"path_per_floor":["M","?","?","M","M","R","?","M","T","M","R","M","M","E","R","B"],"character_chosen":"IRONCLAD","items_purchased":[],"campfire_rested":0,"item_purchase_floors":[],"current_hp_per_floor":[66,66,66,66,68,68,68,54,54,70,70,68,32,22,22,0],"gold":185,"neow_bonus":"THREE_RARE_CARDS","is_prod":false,"is_daily":false,"chose_seed":false,"campfire_upgraded":3,"win_rate":0,"timestamp":1551396609,"path_taken":["M","?","?","M","?","R","?","M","T","M","R","M","?","E","R","BOSS"],"build_version":"2019-01-23","purchased_purges":0,"victory":false,"max_hp_per_floor":[68,68,68,68,68,68,68,68,68,73,73,73,73,73,73,73],"card_choices":[{"not_picked":["Berserk","Offering"],"picked":"Reaper","floor":0.0},{"not_picked":["Pommel Strike","Perfected Strike"],"picked":"Battle Trance","floor":1.0},{"not_picked":["Clash","Havoc"],"picked":"Flame Barrier","floor":4.0},{"not_picked":["Wild Strike","Shrug It Off"],"picked":"Thunderclap","floor":5.0},{"not_picked":["Cleave","Havoc","Shrug It Off"],"picked":"SKIP","floor":8.0},{"not_picked":["Bludgeon","Metallicize"],"picked":"Inflame","floor":10.0},{"not_picked":["Shrug It Off","Wild Strike"],"picked":"Evolve","floor":12.0},{"not_picked":["Havoc","Twin Strike","Body Slam"],"picked":"SKIP","floor":13.0},{"not_picked":["Flex","Thunderclap","Clothesline"],"picked":"SKIP","floor":14.0}],"player_experience":920142,"relics_obtained":[{"floor":9.0,"key":"Vajra"},{"floor":14.0,"key":"Lantern"}],"event_choices":[{"cards_removed":["Strike_R"],"damage_healed":0.0,"max_hp_gain":0.0,"max_hp_loss":0.0,"gold_gain":0.0,"event_name":"The Cleric","player_choice":"Card Removal","floor":2.0,"gold_loss":75.0,"damage_taken":0.0},{"damage_healed":0.0,"max_hp_gain":0.0,"max_hp_loss":0.0,"gold_gain":0.0,"event_name":"WeMeetAgain","player_choice":"Ignored","floor":3.0,"gold_loss":0.0,"damage_taken":0.0},{"cards_removed":["Strike_R"],"damage_healed":0.0,"max_hp_gain":0.0,"max_hp_loss":0.0,"gold_gain":0.0,"event_name":"Purifier","player_choice":"Purged","floor":7.0,"gold_loss":0.0,"damage_taken":0.0}],"is_beta":false,"boss_relics":[],"items_purged_floors":[],"is_endless":false,"potions_floor_spawned":[5,8,10],"killed_by":"Slime Boss","ascension_level":20}