{"path_per_floor":["M","?","M","?","M","R","E","R","T","E","M","$","?","M","R","B",null,"M","$","?","M","T","R","M"],"character_chosen":"DEFECT","items_purchased":["Frozen Egg 2","Capacitor"],"gold_per_floor":[118,148,161,111,128,128,157,157,184,210,229,154,254,271,271,367,367,377,3,3,20,20,20,33,33],"floor_reached":25,"campfire_rested":0,"playtime":985,"current_hp_per_floor":[62,55,50,50,50,50,32,32,32,16,15,15,15,16,16,2,58,58,58,58,60,60,60,58,0],"items_purged":["Strike_B","Defend_B"],"gold":33,"score":274,"play_id":"f3a9ecff-1b9e-4ae8-bc77-ca0e56a44b50","local_time":"20180509112847","is_prod":false,"is_daily":false,"chose_seed":false,"is_ascension_mode":true,"campfire_upgraded":4,"timestamp":1525858127,"path_taken":["M","?","M","?","M","R","E","R","T","E","M","$","?","M","R","BOSS","M","$","?","M","?","R","M","E"],"build_version":"2018-05-08","seed_source_timestamp":247978910658595,"purchased_purges":2,"victory":false,"master_deck":["Strike_B","Strike_B","Defend_B","Defend_B","Defend_B","Zap+1","Dualcast","Coolheaded+1","Ball Lightning","Capacitor","Skim","Rainbow+1","Barrage","Multi-Cast+1","Skim+1","Capacitor","Glacier"],"max_hp_per_floor":[75,75,75,75,75,75,75,75,75,75,75,75,75,77,77,77,77,77,77,77,79,79,79,79,79],"relics":["Cracked Core","Dream Catcher","Tiny Chest","Juzu Bracelet","Singing Bowl","Anchor","Sozu","Frozen Egg 2","Orichalcum"],"card_choices":[{"not_picked":["Capacitor","Gash"],"picked":"Coolheaded","floor":1.0},{"not_picked":["Hologram","Axe Kick"],"picked":"Ball Lightning","floor":3.0},{"not_picked":["Genetic Algorithm","Darkness"],"picked":"Capacitor","floor":5.0},{"not_picked":["Capacitor","Loop"],"picked":"Skim","floor":7.0},{"not_picked":["Darkness","Lockon"],"picked":"Rainbow","floor":10.0},{"not_picked":["BootSequence","Lockon"],"picked":"Barrage","floor":11.0},{"not_picked":["Echo Form","Biased Cognition"],"picked":"Multi-Cast","floor":16.0},{"not_picked":["Genetic Algorithm","Ball Lightning"],"picked":"Skim","floor":18.0},{"not_picked":["Coolheaded","Amplify"],"picked":"Glacier","floor":24}],"player_experience":630263,"potions_floor_usage":[],"damage_taken":[{"damage":6.0,"enemies":"2 Louse","floor":1.0,"turns":3.0},{"damage":5.0,"enemies":"Jaw Worm","floor":3.0,"turns":3.0},{"damage":0.0,"enemies":"Cultist","floor":5.0,"turns":2.0},{"damage":18.0,"enemies":"Lagavulin","floor":7.0,"turns":5.0},{"damage":16.0,"enemies":"3 Sentries","floor":10.0,"turns":9.0},{"damage":1.0,"enemies":"Looter","floor":11.0,"turns":2.0},{"damage":1.0,"enemies":"3 Louse","floor":14.0,"turns":2.0},{"damage":14.0,"enemies":"Slime Boss","floor":16.0,"turns":8.0},{"damage":0.0,"enemies":"Chosen","floor":18.0,"turns":4.0},{"damage":0.0,"enemies":"Shell Parasite","floor":21.0,"turns":3.0},{"damage":2,"enemies":"Snake Plant","floor":24,"turns":3},{"damage":65,"enemies":"Gremlin Leader","floor":25,"turns":5}],"event_choices":[{"event_name":"Scrap Ooze","player_choice":"success","floor":2.0,"damage_taken":7.0},{"event_name":"The Cleric","player_choice":"Card Removal","floor":4.0,"damage_taken":0.0},{"event_name":"Golden Shrine","player_choice":"Pray","floor":13.0,"damage_taken":0.0},{"event_name":"Ghosts","player_choice":"Ignored","floor":20.0,"damage_taken":0.0}],"boss_relics":[],"potions_floor_spawned":[3,7,10,21,24],"seed_played":"3555131344323238981","killed_by":"Gremlin Leader","ascension_level":6,"is_trial":false}