{"gold_per_floor":[118,138,8,8,23,23,37,69,96,96,96,18,30,40,40,114,114,125,68,83,98,114,114,114,114],"floor_reached":25,"playtime":1213,"items_purged":["Strike_G"],"score":393,"play_id":"63344e2a-ac0a-45ac-8c2a-3c05adbc7840","local_time":"20190221222318","is_ascension_mode":true,"campfire_choices":[{"data":"Neutralize","floor":6.0,"key":"SMITH"},{"floor":10.0,"key":"REST"},{"data":"Footwork","floor":15.0,"key":"SMITH"},{"data":"Noxious Fumes","floor":23.0,"key":"SMITH"}],"neow_cost":"NONE","seed_source_timestamp":1292896388645393,"circlet_count":0,"master_deck":["AscendersBane","Defend_G","Defend_G","Defend_G","Defend_G","Defend_G","Strike_G","Strike_G","Survivor","Neutralize+1","Leg Sweep","Slice","Backflip","Deadly Poison","Noxious Fumes+1","Footwork+1","Dagger Spray","After Image","Acrobatics","Deflect","Well Laid Plans"],"special_seed":0,"relics":["Ring of the Snake","Art of War","Boot","Anchor","Empty Cage"],"potions_floor_usage":[],"damage_taken":[{"damage":0.0,"enemies":"2 Louse","floor":1.0,"turns":5.0},{"damage":3.0,"enemies":"Cultist","floor":2.0,"turns":4.0},{"damage":1.0,"enemies":"Small Slimes","floor":5.0,"turns":5.0},{"damage":1.0,"enemies":"3 Louse","floor":7.0,"turns":5.0},{"damage":44.0,"enemies":"Gremlin Nob","floor":8.0,"turns":6.0},{"damage":4.0,"enemies":"Large Slime","floor":13.0,"turns":7.0},{"damage":8.0,"enemies":"Looter","floor":14.0,"turns":4.0},{"damage":22.0,"enemies":"The Guardian","floor":16.0,"turns":12.0},{"damage":2.0,"enemies":"Shell Parasite","floor":18.0,"turns":8.0},{"damage":0.0,"enemies":"3 Byrds","floor":20.0,"turns":2.0},{"damage":25.0,"enemies":"Snake Plant","floor":21.0,"turns":6.0},{"damage":1.0,"enemies":"Snecko","floor":22.0,"turns":11.0},{"damage":0.0,"enemies":"3 Cultists","floor":24.0,"turns":1.0},{"damage":36,"enemies":"Slavers","floor":25,"turns":5}],"seed_played":"-3908503829650247992","potions_obtained":[{"floor":1.0,"key":"SmokeBomb"},{"floor":2.0,"key":"Ancient Potion"},{"floor":13.0,"key":"LiquidBronze"},{"floor":22.0,"key":"Strength Potion"}],"is_trial":false,"path_per_floor":["M","M","$","?","M","R","M","E","T","R","?","$","M","M","R","B",null,"M","$","M","M","M","R","M","E"],"character_chosen":"THE_SILENT","items_purchased":["Slice","Footwork","Acrobatics"],"campfire_rested":1,"item_purchase_floors":[3,12,19],"current_hp_per_floor":[59,56,56,56,55,55,54,10,10,29,66,66,62,54,54,32,58,56,56,56,31,30,30,30,0],"gold":114,"neow_bonus":"RANDOM_COMMON_RELIC","is_prod":false,"is_daily":false,"chose_seed":false,"campfire_upgraded":3,"win_rate":0,"timestamp":1550784198,"path_taken":["M","M","$","?","M","R","M","E","T","R","?","$","M","?","R","BOSS","M","?","M","?","M","R","M","E"],"build_version":"2019-01-23","purchased_purges":1,"victory":false,"max_hp_per_floor":[66,66,66,66,66,66,66,66,66,66,66,66,66,66,66,66,66,66,66,66,66,66,66,66,66],"card_choices":[{"not_picked":["Eviscerate","Dodge and Roll","Underhanded Strike"],"picked":"SKIP","floor":1.0},{"not_picked":["Underhanded Strike","Prepared"],"picked":"Leg Sweep","floor":2.0},{"not_picked":["Infinite Blades","Dagger Spray"],"picked":"Backflip","floor":5.0},{"not_picked":["Well Laid Plans","Caltrops"],"picked":"Deadly Poison","floor":7.0},{"not_picked":["Catalyst","Deadly Poison"],"picked":"Noxious Fumes","floor":8.0},{"not_picked":["Skewer","Crippling Poison","Quick Slash"],"picked":"SKIP","floor":13.0},{"not_picked":["Envenom","Dagger Throw"],"picked":"Dagger Spray","floor":14.0},{"not_picked":["Bullet Time","Glass Knife"],"picked":"After Image","floor":16.0},{"not_picked":["Masterful Stab","Sucker Punch","Flying Knee"],"picked":"SKIP","floor":18.0},{"not_picked":["Deadly Poison","Outmaneuver"],"picked":"Deflect","floor":20.0},{"not_picked":["Prepared","Dodge and Roll","PiercingWail"],"picked":"SKIP","floor":21.0},{"not_picked":["Glass Knife","Prepared"],"picked":"Well Laid Plans","floor":22.0}],"player_experience":850666,"relics_obtained":[{"floor":8.0,"key":"Boot"},{"floor":9.0,"key":"Anchor"}],"event_choices":[{"damage_healed":0.0,"max_hp_gain":0.0,"max_hp_loss":0.0,"gold_gain":0.0,"event_name":"Liars Game","player_choice":"Ignored","floor":4.0,"gold_loss":0.0,"damage_taken":0.0},{"damage_healed":37.0,"max_hp_gain":0.0,"max_hp_loss":0.0,"gold_gain":0.0,"event_name":"Wheel of Change","player_choice":"Full Heal","floor":11.0,"gold_loss":0.0,"damage_taken":0.0}],"is_beta":false,"boss_relics":[{"not_picked":["Tiny House","Fusion Hammer"],"picked":"Empty Cage"}],"items_purged_floors":[3],"is_endless":false,"potions_floor_spawned":[1,2,13,16,22,24],"killed_by":"Slavers","ascension_level":18}