{"gold_per_floor":[115,115,40,40,55,55,80,80,148,159,159,189,204,217,217,217],"floor_reached":16,"playtime":341,"items_purged":["Strike_R"],"score":243,"play_id":"814ff391-81d4-49e4-9d03-fe57c260b0d8","local_time":"20190213101236","is_ascension_mode":true,"campfire_choices":[{"data":"Bash","floor":6.0,"key":"SMITH"},{"data":"Flex","floor":8.0,"key":"SMITH"},{"data":"Twin Strike","floor":11.0,"key":"SMITH"},{"data":"Burning Pact","floor":15.0,"key":"SMITH"}],"neow_cost":"NONE","seed_source_timestamp":785243506838738,"circlet_count":0,"master_deck":["AscendersBane","Strike_R","Strike_R","Strike_R","Strike_R","Defend_R","Defend_R","Defend_R","Defend_R","Bash+1","Headbutt","Flex+1","Twin Strike+1","Spot Weakness","Burning Pact+1"],"special_seed":0,"relics":["Burning Blood","NeowsBlessing","Blood Vial","Shuriken","Red Skull"],"potions_floor_usage":[],"damage_taken":[{"damage":0.0,"enemies":"2 Louse","floor":1.0,"turns":1.0},{"damage":0.0,"enemies":"Jaw Worm","floor":5.0,"turns":1.0},{"damage":0.0,"enemies":"Gremlin Nob","floor":7.0,"turns":1.0},{"damage":1.0,"enemies":"Cultist","floor":10.0,"turns":4.0},{"damage":29.0,"enemies":"Lagavulin","floor":12.0,"turns":4.0},{"damage":17.0,"enemies":"Exordium Wildlife","floor":13.0,"turns":3.0},{"damage":5.0,"enemies":"Gremlin Gang","floor":14.0,"turns":4.0},{"damage":50,"enemies":"The Guardian","floor":16,"turns":9}],"seed_played":"-2664466336784786604","potions_obtained":[{"floor":1.0,"key":"PowerPotion"},{"floor":12.0,"key":"SpeedPotion"},{"floor":13.0,"key":"Strength Potion"}],"is_trial":false,"path_per_floor":["M","?","$","?","M","R","E","R","T","M","R","E","M","M","R","B"],"character_chosen":"IRONCLAD","items_purchased":[],"campfire_rested":0,"item_purchase_floors":[],"current_hp_per_floor":[74,74,74,74,75,75,75,75,75,75,75,52,43,46,46,0],"gold":217,"neow_bonus":"THREE_ENEMY_KILL","is_prod":false,"is_daily":false,"chose_seed":false,"campfire_upgraded":4,"win_rate":0,"timestamp":1550049156,"path_taken":["M","?","$","?","M","R","E","R","T","M","R","E","M","?","R","BOSS"],"build_version":"2019-01-23","purchased_purges":1,"victory":false,"max_hp_per_floor":[75,75,75,75,75,75,75,75,75,75,75,75,75,75,75,75],"card_choices":[{"not_picked":["Uppercut","Reckless Charge"],"picked":"Headbutt","floor":1.0},{"not_picked":["Evolve","Combust"],"picked":"Flex","floor":5.0},{"not_picked":["Flex","Bloodletting","Havoc"],"picked":"SKIP","floor":7.0},{"not_picked":["Corruption","Second Wind"],"picked":"Twin Strike","floor":10.0},{"not_picked":["Body Slam","Feel No Pain"],"picked":"Spot Weakness","floor":12.0},{"not_picked":["Armaments","Havoc","Perfected Strike"],"picked":"SKIP","floor":13.0},{"not_picked":["Flex","Brutality"],"picked":"Burning Pact","floor":14.0}],"player_experience":793436,"relics_obtained":[{"floor":7.0,"key":"Blood Vial"},{"floor":9.0,"key":"Shuriken"},{"floor":12.0,"key":"Red Skull"}],"event_choices":[{"damage_healed":0.0,"max_hp_gain":0.0,"max_hp_loss":0.0,"gold_gain":0.0,"event_name":"Liars Game","player_choice":"Ignored","floor":2.0,"gold_loss":0.0,"damage_taken":0.0},{"damage_healed":0.0,"max_hp_gain":0.0,"max_hp_loss":0.0,"gold_gain":0.0,"event_name":"Shining Light","player_choice":"Ignored","floor":4.0,"gold_loss":0.0,"damage_taken":0.0}],"is_beta":false,"boss_relics":[],"items_purged_floors":[3],"is_endless":false,"potions_floor_spawned":[1,12,13],"killed_by":"The Guardian","ascension_level":16}