{"gold_per_floor":[117,117,117,117,128,128,159,179,204,260,277,309,309,234,234,305,305,225,225,225,243,243,243,268,268,268,268,278,130,130,141,141,214,214,224,87,102,0,0,0,16,16,16,26,26,52,52,67,67,67],"floor_reached":51,"playtime":3481,"items_purged":["Decay"],"score":1456,"play_id":"34146ee0-7740-4469-b504-03e50f6e9e39","local_time":"20190729235205","is_ascension_mode":true,"campfire_choices":[{"data":"Bash","floor":6.0,"key":"SMITH"},{"data":"Corruption","floor":13.0,"key":"SMITH"},{"data":"Armaments","floor":15.0,"key":"SMITH"},{"floor":23.0,"key":"REST"},{"floor":25.0,"key":"REST"},{"floor":27.0,"key":"REST"},{"data":"Whirlwind","floor":32.0,"key":"SMITH"},{"data":"Bludgeon","floor":40.0,"key":"SMITH"},{"data":"Double Tap","floor":42.0,"key":"SMITH"},{"floor":49.0,"key":"REST"}],"neow_cost":"NONE","seed_source_timestamp":0,"circlet_count":0,"master_deck":["AscendersBane","Strike_R+1","Strike_R+1","Strike_R+1","Strike_R+1","Defend_R+1","Defend_R+1","Defend_R+1","Defend_R+1","Bash+1","Clothesline","Headbutt","Corruption+1","Impervious","Armaments+1","Ghostly Armor","Disarm","Flame Barrier","Seeing Red","Whirlwind+1","Exhume","Shrug It Off","Double Tap+1","Bludgeon+1","True Grit+1","Writhe","Power Through+1","Dark Shackles","Secret Weapon","Dark Shackles","Battle Trance"],"special_seed":0,"relics":["Burning Blood","NeowsBlessing","PreservedInsect","Calipers","Potion Belt","Tiny Chest","Singing Bowl","Orrery","Bottled Tornado","Sundial","The Courier","Snecko Eye","Red Mask","Gremlin Horn","Prayer Wheel"],"potions_floor_usage":[50,50,50],"damage_taken":[{"damage":0.0,"enemies":"2 Louse","floor":1.0,"turns":1.0},{"damage":0.0,"enemies":"Small Slimes","floor":5.0,"turns":1.0},{"damage":0.0,"enemies":"Lagavulin","floor":7.0,"turns":1.0},{"damage":12.0,"enemies":"Jaw Worm","floor":8.0,"turns":2.0},{"damage":30.0,"enemies":"3 Sentries","floor":10.0,"turns":9.0},{"damage":7.0,"enemies":"3 Louse","floor":11.0,"turns":4.0},{"damage":0.0,"enemies":"Lagavulin","floor":12.0,"turns":7.0},{"damage":38.0,"enemies":"Hexaghost","floor":16.0,"turns":13.0},{"damage":22.0,"enemies":"2 Thieves","floor":18.0,"turns":4.0},{"damage":41.0,"enemies":"Spheric Guardian","floor":21.0,"turns":8.0},{"damage":16.0,"enemies":"Gremlin Leader","floor":24.0,"turns":7.0},{"damage":44.0,"enemies":"Chosen and Byrds","floor":28.0,"turns":9.0},{"damage":24.0,"enemies":"Shelled Parasite and Fungi","floor":31.0,"turns":14.0},{"damage":27.0,"enemies":"Collector","floor":33.0,"turns":9.0},{"damage":28.0,"enemies":"3 Darklings","floor":35.0,"turns":4.0},{"damage":16.0,"enemies":"Orb Walker","floor":37.0,"turns":4.0},{"damage":26.0,"enemies":"Jaw Worm Horde","floor":41.0,"turns":4.0},{"damage":3.0,"enemies":"3 Darklings","floor":44.0,"turns":3.0},{"damage":0.0,"enemies":"Reptomancer","floor":46.0,"turns":2.0},{"damage":25.0,"enemies":"Spire Growth","floor":48.0,"turns":5.0},{"damage":16,"enemies":"Donu and Deca","floor":50,"turns":7}],"seed_played":"7387302976261198412","potions_obtained":[{"floor":1.0,"key":"EssenceOfSteel"},{"floor":8.0,"key":"EntropicBrew"},{"floor":12.0,"key":"SteroidPotion"},{"floor":24.0,"key":"Regen Potion"},{"floor":33.0,"key":"SkillPotion"},{"floor":35.0,"key":"Fire Potion"},{"floor":37.0,"key":"SteroidPotion"},{"floor":41.0,"key":"FearPotion"}],"is_trial":false,"path_per_floor":["M","?","?","?","M","R","E","M","T","E","M","E","R","?","R","B",null,"M","?","?","M","T","R","E","R","T","R","M","$","$","M","R","B",null,"M","$","M","?","?","R","M","R","T","M","?","E","?","M","R","B",null],"character_chosen":"IRONCLAD","items_purchased":["Energy Potion","SteroidPotion","Bludgeon"],"campfire_rested":4,"item_purchase_floors":[29,29,36],"current_hp_per_floor":[74,74,67,67,73,73,75,69,69,45,44,50,50,50,50,18,65,51,51,51,16,16,40,30,54,54,78,42,42,42,41,41,20,69,49,49,39,39,56,56,38,38,38,41,41,49,39,22,49,39],"gold":67,"neow_bonus":"THREE_ENEMY_KILL","is_prod":false,"is_daily":false,"chose_seed":false,"campfire_upgraded":6,"win_rate":0,"timestamp":1564469525,"path_taken":["M","?","?","?","M","R","E","M","T","E","M","E","R","?","R","BOSS","M","?","?","M","?","R","E","R","T","R","M","?","$","M","R","BOSS","M","$","M","?","?","R","M","R","T","M","?","E","?","M","R","BOSS"],"build_version":"2019-07-18","purchased_purges":1,"victory":true,"max_hp_per_floor":[75,75,75,75,75,75,75,75,75,75,75,75,75,75,75,75,79,81,81,81,81,81,81,81,81,81,81,83,83,83,85,85,85,85,87,87,87,87,87,87,89,89,89,89,89,91,91,93,93,93],"card_choices":[{"not_picked":["Inflame","Havoc"],"picked":"Clothesline","floor":1.0},{"not_picked":["Thunderclap","Warcry"],"picked":"Headbutt","floor":5.0},{"not_picked":["Sword Boomerang","Blood for Blood"],"picked":"Corruption","floor":7.0},{"not_picked":["Anger","Sword Boomerang"],"picked":"Impervious","floor":8.0},{"not_picked":["Perfected Strike","Warcry"],"picked":"Armaments","floor":10.0},{"not_picked":["Warcry","Flex"],"picked":"Ghostly Armor","floor":11.0},{"not_picked":["Intimidate","Inflame"],"picked":"Disarm","floor":12.0},{"not_picked":["Feed","Immolate"],"picked":"Juggernaut","floor":16.0},{"not_picked":["Warcry","Rage","Clothesline"],"picked":"Singing Bowl","floor":17.0},{"not_picked":["Armaments","Fire Breathing"],"picked":"Flame Barrier","floor":17.0},{"not_picked":["Burning Pact","Iron Wave"],"picked":"Seeing Red","floor":17.0},{"not_picked":["Rage","Anger","Hemokinesis"],"picked":"Singing Bowl","floor":17.0},{"not_picked":["Inflame","Clothesline"],"picked":"Whirlwind","floor":17.0},{"not_picked":["Wild Strike+1","Clash","Rampage+1"],"picked":"Singing Bowl","floor":18.0},{"not_picked":["Warcry","Cleave"],"picked":"Exhume","floor":21.0},{"not_picked":["Warcry","Reckless Charge"],"picked":"Shrug It Off","floor":24.0},{"not_picked":["Corruption","Headbutt","Clothesline"],"picked":"Singing Bowl","floor":28.0},{"not_picked":["Headbutt","Searing Blow+1","Clothesline"],"picked":"Singing Bowl","floor":31.0},{"not_picked":["Berserk","Dark Embrace"],"picked":"Double Tap","floor":33.0},{"not_picked":["Pommel Strike","Pummel","Headbutt"],"picked":"Singing Bowl","floor":35.0},{"not_picked":["Havoc","Headbutt"],"picked":"True Grit+1","floor":37.0},{"not_picked":["Sword Boomerang+1","Clash+1","Pummel"],"picked":"Singing Bowl","floor":41.0},{"not_picked":["Reckless Charge","Armaments"],"picked":"Power Through+1","floor":44.0},{"not_picked":["Body Slam","Wild Strike","Clothesline"],"picked":"Singing Bowl","floor":46.0},{"not_picked":["Flash of Steel","Mayhem"],"picked":"Dark Shackles","floor":47.0},{"not_picked":["Deep Breath","Bandage Up"],"picked":"Secret Weapon","floor":47.0},{"not_picked":["Finesse","Swift Strike"],"picked":"Dark Shackles","floor":47.0},{"not_picked":["Heavy Blade","Pommel Strike","Wild Strike"],"picked":"Singing Bowl","floor":48.0},{"not_picked":["Thunderclap+1","Whirlwind"],"picked":"Battle Trance","floor":48.0}],"player_experience":255276,"relics_obtained":[{"floor":7.0,"key":"Calipers"},{"floor":9.0,"key":"Potion Belt"},{"floor":10.0,"key":"Tiny Chest"},{"floor":12.0,"key":"Singing Bowl"},{"floor":22.0,"key":"Bottled Tornado"},{"floor":24.0,"key":"Sundial"},{"floor":26.0,"key":"The Courier"},{"floor":43.0,"key":"Gremlin Horn"},{"floor":46.0,"key":"Prayer Wheel"}],"event_choices":[{"damage_healed":0.0,"max_hp_gain":0.0,"max_hp_loss":0.0,"gold_gain":0.0,"event_name":"Big Fish","player_choice":"Box","floor":2.0,"gold_loss":0.0,"damage_taken":0.0,"relics_obtained":["PreservedInsect"],"cards_obtained":["Regret"]},{"cards_removed":["Regret"],"damage_healed":0.0,"max_hp_gain":0.0,"max_hp_loss":0.0,"gold_gain":0.0,"event_name":"Golden Wing","player_choice":"Card Removal","floor":3.0,"gold_loss":0.0,"damage_taken":7.0},{"damage_healed":0.0,"max_hp_gain":0.0,"max_hp_loss":0.0,"gold_gain":0.0,"event_name":"Liars Game","player_choice":"Ignored","floor":4.0,"gold_loss":0.0,"damage_taken":0.0},{"cards_removed":["Strike_R"],"damage_healed":0.0,"max_hp_gain":0.0,"max_hp_loss":0.0,"gold_gain":0.0,"event_name":"The Cleric","player_choice":"Card Removal","floor":14.0,"gold_loss":75.0,"damage_taken":0.0},{"damage_healed":0.0,"max_hp_gain":0.0,"max_hp_loss":0.0,"gold_gain":0.0,"event_name":"Forgotten Altar","player_choice":"Smashed Altar","floor":19.0,"gold_loss":0.0,"damage_taken":0.0,"cards_obtained":["Decay"]},{"damage_healed":0.0,"max_hp_gain":0.0,"max_hp_loss":0.0,"gold_gain":0.0,"event_name":"Back to Basics","player_choice":"Simplicity","floor":20.0,"gold_loss":0.0,"damage_taken":0.0,"cards_upgraded":["Strike_R","Strike_R","Strike_R","Strike_R","Defend_R","Defend_R","Defend_R","Defend_R"]},{"damage_healed":0.0,"max_hp_gain":0.0,"max_hp_loss":0.0,"gold_gain":0.0,"event_name":"Tomb of Lord Red Mask","player_choice":"Paid","floor":38.0,"gold_loss":102.0,"damage_taken":0.0,"relics_obtained":["Red Mask"]},{"damage_healed":17.0,"max_hp_gain":0.0,"max_hp_loss":0.0,"gold_gain":0.0,"event_name":"Winding Halls","player_choice":"Writhe","floor":39.0,"gold_loss":0.0,"damage_taken":0.0,"cards_obtained":["Writhe"]},{"cards_removed":["Juggernaut"],"damage_healed":0.0,"max_hp_gain":0.0,"max_hp_loss":0.0,"gold_gain":0.0,"event_name":"Falling","player_choice":"Removed Power","floor":45.0,"gold_loss":0.0,"damage_taken":0.0},{"damage_healed":0.0,"max_hp_gain":0.0,"max_hp_loss":0.0,"gold_gain":0.0,"event_name":"SensoryStone","player_choice":"Memory 3","floor":47.0,"gold_loss":0.0,"damage_taken":10.0}],"is_beta":true,"boss_relics":[{"not_picked":["Eternal Feather","Empty Cage"],"picked":"Orrery"},{"not_picked":["Runic Cube","Cursed Key"],"picked":"Snecko Eye"}],"items_purged_floors":[29],"is_endless":false,"potions_floor_spawned":[1,8,12,24,33,35,37,41],"ascension_level":19}