{"gold_per_floor":[112,112,122,122,142,142,161,191,191,206,234,244,244,271,271,371,371,341,355,41,41,58,58,0,0,50,50,50],"floor_reached":28,"playtime":1973,"items_purged":["Strike_R"],"score":262,"play_id":"37349afb-0e89-4d30-97f9-7e94164228ab","local_time":"20190729201225","is_ascension_mode":true,"campfire_choices":[{"data":"Armaments","floor":6,"key":"SMITH"},{"data":"Demon Form","floor":13,"key":"SMITH"},{"data":"True Grit","floor":15,"key":"SMITH"},{"data":"Corruption","floor":23,"key":"SMITH"}],"neow_cost":"NONE","seed_source_timestamp":451594372288547,"circlet_count":0,"master_deck":["Strike_R","Strike_R","Defend_R","Defend_R","Defend_R","Defend_R","Bash","Corruption+1","True Grit","Clash","Armaments+1","Iron Wave","Cleave","True Grit+1","Demon Form+1","Whirlwind","Sentinel","Dark Embrace","Headbutt","Inflame","Combust","Demon Form+1"],"relics":["Black Blood","Anchor","Oddly Smooth Stone","Shuriken","Smiling Mask","Strange Spoon","Ancient Tea Set"],"potions_floor_usage":[11,16,18,18,22,28],"damage_taken":[{"damage":7,"enemies":"2 Louse","floor":1,"turns":3},{"damage":4,"enemies":"Jaw Worm","floor":3,"turns":5},{"damage":1,"enemies":"Small Slimes","floor":5,"turns":3},{"damage":0,"enemies":"Exordium Wildlife","floor":7,"turns":5},{"damage":17,"enemies":"Gremlin Nob","floor":8,"turns":5},{"damage":0,"enemies":"Gremlin Gang","floor":10,"turns":5},{"damage":4,"enemies":"3 Sentries","floor":11,"turns":9},{"damage":0,"enemies":"3 Louse","floor":12,"turns":3},{"damage":4,"enemies":"Lagavulin","floor":14,"turns":6},{"damage":36,"enemies":"Hexaghost","floor":16,"turns":11},{"damage":28,"enemies":"2 Thieves","floor":18,"turns":5},{"damage":22,"enemies":"Shell Parasite","floor":19,"turns":10},{"damage":49,"enemies":"Snake Plant","floor":22,"turns":6},{"damage":49,"enemies":"Cultist and Chosen","floor":28,"turns":6}],"seed_played":"2551082846731797290","potions_obtained":[{"floor":0,"key":"GamblersBrew"},{"floor":0,"key":"Fire Potion"},{"floor":0,"key":"PowerPotion"},{"floor":5,"key":"Energy Potion"},{"floor":11,"key":"Poison Potion"},{"floor":18,"key":"BloodPotion"},{"floor":22,"key":"SneckoOil"}],"is_trial":false,"path_per_floor":["M","?","M","?","M","R","M","E","T","M","E","M","R","E","R","B",null,"M","M","$","?","M","R","?","$","T","?","M"],"character_chosen":"IRONCLAD","items_purchased":["Strange Spoon","Inflame"],"campfire_rested":0,"item_purchase_floors":[20,20],"current_hp_per_floor":[79,79,80,73,78,78,80,69,69,75,77,80,80,80,80,50,80,62,50,50,50,31,31,31,31,31,31,0],"gold":50,"neow_bonus":"THREE_SMALL_POTIONS","is_prod":false,"is_daily":false,"chose_seed":false,"campfire_upgraded":4,"win_rate":0,"timestamp":1564449145,"path_taken":["M","?","M","?","M","R","M","E","T","M","E","M","R","E","R","BOSS","M","M","$","?","M","R","?","?","T","?","M"],"build_version":"2019-07-17","purchased_purges":1,"victory":false,"max_hp_per_floor":[80,80,80,80,80,80,80,80,80,80,80,80,80,80,80,80,80,80,80,80,80,80,80,80,80,80,80,80],"card_choices":[{"not_picked":["Bloodletting","Body Slam"],"picked":"Corruption","floor":1},{"not_picked":["Heavy Blade","Body Slam"],"picked":"Clash","floor":3},{"not_picked":["Warcry","Metallicize"],"picked":"Armaments","floor":5},{"not_picked":["Pummel","Fire Breathing"],"picked":"Iron Wave","floor":7},{"not_picked":["Armaments","Ghostly Armor"],"picked":"Cleave","floor":8},{"not_picked":["Havoc","Cleave"],"picked":"True Grit","floor":10},{"not_picked":["Warcry","Sword Boomerang"],"picked":"Demon Form","floor":11},{"not_picked":["True Grit","Power Through"],"picked":"Whirlwind","floor":12},{"not_picked":["Second Wind","Flex"],"picked":"Sentinel","floor":14},{"not_picked":["Exhume","Bludgeon"],"picked":"Dark Embrace","floor":16},{"not_picked":["Thunderclap","Cleave","Clash"],"picked":"SKIP","floor":18},{"not_picked":["Dual Wield","Perfected Strike"],"picked":"Headbutt","floor":19},{"not_picked":["Perfected Strike","Cleave+1"],"picked":"Combust","floor":22}],"player_experience":144189,"relics_obtained":[{"floor":8,"key":"Anchor"},{"floor":9,"key":"Oddly Smooth Stone"},{"floor":11,"key":"Shuriken"},{"floor":14,"key":"Smiling Mask"},{"floor":26,"key":"Ancient Tea Set"}],"event_choices":[{"damage_healed":0,"gold_gain":0,"cards_transformed":["Strike_R"],"player_choice":"Change","damage_taken":0,"max_hp_gain":0,"max_hp_loss":0,"event_name":"Living Wall","floor":2,"gold_loss":0,"cards_obtained":["True Grit"]},{"cards_removed":["Strike_R"],"damage_healed":0,"gold_gain":0,"player_choice":"Card Removal","damage_taken":7,"max_hp_gain":0,"max_hp_loss":0,"event_name":"Golden Wing","floor":4,"gold_loss":0},{"damage_healed":0,"gold_gain":0,"player_choice":"Ignored","damage_taken":0,"max_hp_gain":0,"max_hp_loss":0,"event_name":"Ghosts","floor":21,"gold_loss":0},{"damage_healed":0,"gold_gain":0,"player_choice":"Paid Fearfully","damage_taken":0,"max_hp_gain":0,"max_hp_loss":0,"event_name":"Masked Bandits","floor":24,"gold_loss":58},{"damage_healed":0,"gold_gain":0,"player_choice":"Copied","damage_taken":0,"max_hp_gain":0,"max_hp_loss":0,"event_name":"Duplicator","floor":27,"gold_loss":0,"cards_obtained":["Demon Form"]}],"is_beta":false,"boss_relics":[{"not_picked":["White Beast Statue","Lizard Tail"],"picked":"Black Blood"}],"items_purged_floors":[20],"is_endless":false,"potions_floor_spawned":[1,5,10,11,18,22],"killed_by":"Cultist and Chosen","ascension_level":2}