{"gold_per_floor":[110,110,110,110,135,171,191,205,228,271,48,48,122,122,122,250,250,265,290,305,220,235,235],"floor_reached":23,"playtime":907,"items_purged":["Strike_R"],"score":226,"play_id":"ee60693e-9252-4913-920d-679985c3706e","local_time":"20190404231354","is_ascension_mode":false,"campfire_choices":[{"floor":12,"key":"RECALL"},{"data":"Infernal Blade","floor":15,"key":"SMITH"}],"neow_cost":"NONE","seed_source_timestamp":18544050236629,"circlet_count":0,"master_deck":["Strike_R","Strike_R","Defend_R","Defend_R","Defend_R","Defend_R","Bash","Dropkick","Thunderclap","Seeing Red","Infernal Blade+1","Bloodletting","Shrug It Off","Dark Embrace","Headbutt","Warcry+1","Double Tap"],"relics":["Burning Blood","NeowsBlessing","Golden Idol","Ancient Tea Set","Bag of Marbles","Dream Catcher","Vajra","PreservedInsect","Boot","Runic Pyramid","Nunchaku"],"potions_floor_usage":[13,16,16,20,22,23],"damage_taken":[{"damage":0,"enemies":"Jaw Worm","floor":1,"turns":1},{"damage":0,"enemies":"2 Louse","floor":5,"turns":2},{"damage":0,"enemies":"Lagavulin","floor":6,"turns":1},{"damage":0,"enemies":"Small Slimes","floor":7,"turns":2},{"damage":2,"enemies":"3 Louse","floor":8,"turns":3},{"damage":40,"enemies":"3 Sentries","floor":10,"turns":9},{"damage":7,"enemies":"3 Sentries","floor":13,"turns":5},{"damage":21,"enemies":"Slime Boss","floor":16,"turns":10},{"damage":26,"enemies":"Chosen","floor":18,"turns":8},{"damage":15,"enemies":"Shell Parasite","floor":19,"turns":3},{"damage":40,"enemies":"3 Cultists","floor":20,"turns":5},{"damage":17,"enemies":"Snecko","floor":22,"turns":4},{"damage":17,"enemies":"Gremlin Leader","floor":23,"turns":2}],"seed_played":"2746192507234838344","potions_obtained":[{"floor":1,"key":"Block Potion"},{"floor":5,"key":"Weak Potion"},{"floor":13,"key":"Swift Potion"},{"floor":16,"key":"BloodPotion"},{"floor":19,"key":"BloodPotion"},{"floor":22,"key":"Ancient Potion"}],"is_trial":false,"path_per_floor":["M","?","?","?","M","E","M","M","T","E","$","R","?","?","R","B",null,"M","M","M","?","M","E"],"character_chosen":"IRONCLAD","items_purchased":["PreservedInsect"],"campfire_rested":0,"item_purchase_floors":[11],"current_hp_per_floor":[80,80,74,62,68,74,74,74,74,40,40,40,39,32,32,17,74,54,45,18,18,14,0],"gold":235,"neow_bonus":"THREE_ENEMY_KILL","is_prod":false,"is_daily":false,"chose_seed":false,"campfire_upgraded":1,"win_rate":0,"timestamp":1554437634,"path_taken":["M","?","?","?","M","E","M","M","T","E","$","R","?","?","R","BOSS","M","M","M","?","M","E"],"build_version":"2019-01-23","purchased_purges":1,"victory":false,"max_hp_per_floor":[80,80,74,74,74,74,74,74,74,74,74,74,74,74,74,74,74,74,74,74,74,74,74],"card_choices":[{"not_picked":["True Grit","Seeing Red"],"picked":"Dropkick","floor":1},{"not_picked":["Body Slam","Headbutt"],"picked":"Thunderclap","floor":5},{"not_picked":["True Grit","Perfected Strike"],"picked":"Seeing Red","floor":6},{"not_picked":["True Grit","Wild Strike"],"picked":"Infernal Blade","floor":7},{"not_picked":["Cleave","Havoc"],"picked":"Bloodletting","floor":8},{"not_picked":["Perfected Strike","Immolate"],"picked":"Shrug It Off","floor":10},{"not_picked":["Impervious","Berserk"],"picked":"Dark Embrace","floor":16},{"not_picked":["Wild Strike","Twin Strike"],"picked":"Headbutt","floor":18},{"not_picked":["Iron Wave","Sentinel","Hemokinesis"],"picked":"SKIP","floor":19},{"not_picked":["Sword Boomerang","Shrug It Off+1"],"picked":"Warcry+1","floor":20},{"not_picked":["Sentinel","Havoc"],"picked":"Double Tap","floor":22}],"player_experience":745085,"relics_obtained":[{"floor":6,"key":"Bag of Marbles"},{"floor":9,"key":"Dream Catcher"},{"floor":10,"key":"Vajra"},{"floor":13,"key":"Boot"}],"event_choices":[{"cards_removed":["Strike_R"],"damage_healed":0,"gold_gain":0,"player_choice":"Forget","damage_taken":0,"max_hp_gain":0,"max_hp_loss":0,"event_name":"Living Wall","floor":2,"gold_loss":0},{"damage_healed":0,"gold_gain":0,"player_choice":"Lose Max HP","damage_taken":0,"relics_obtained":["Golden Idol"],"max_hp_gain":0,"max_hp_loss":6,"event_name":"Golden Idol","floor":3,"gold_loss":0},{"damage_healed":0,"gold_gain":0,"player_choice":"Success","damage_taken":12,"relics_obtained":["Ancient Tea Set"],"max_hp_gain":0,"max_hp_loss":0,"event_name":"Scrap Ooze","floor":4,"gold_loss":0},{"damage_healed":0,"gold_gain":0,"player_choice":"Searched \u00272\u0027 times","damage_taken":0,"max_hp_gain":0,"max_hp_loss":0,"event_name":"Dead Adventurer","floor":13,"gold_loss":0},{"cards_removed":["Strike_R"],"damage_healed":0,"gold_gain":0,"player_choice":"Card Removal","damage_taken":7,"max_hp_gain":0,"max_hp_loss":0,"event_name":"Golden Wing","floor":14,"gold_loss":0},{"damage_healed":0,"gold_gain":0,"player_choice":"Obtained Relic","damage_taken":0,"relics_obtained":["Nunchaku"],"max_hp_gain":0,"max_hp_loss":0,"event_name":"Addict","floor":21,"gold_loss":85}],"is_beta":false,"boss_relics":[{"not_picked":["Black Star","Astrolabe"],"picked":"Runic Pyramid"}],"items_purged_floors":[11],"is_endless":false,"potions_floor_spawned":[1,5,13,16,19,22],"killed_by":"Gremlin Leader","ascension_level":0}