{"gold_per_floor":[114,130,145,155,52,52,81,81,155,155,155,155],"floor_reached":12,"playtime":366,"items_purged":["Strike_G"],"score":156,"play_id":"cf62ad5f-fb34-4f9e-a05f-dd8cf1fd6bcd","local_time":"20190728024013","is_ascension_mode":true,"campfire_choices":[{"data":"Night Terror","floor":6.0,"key":"SMITH"},{"data":"Bouncing Flask","floor":11.0,"key":"SMITH"}],"neow_cost":"NONE","seed_source_timestamp":543198498826725,"circlet_count":0,"master_deck":["AscendersBane","Strike_G","Strike_G","Strike_G","Strike_G","Defend_G","Defend_G","Defend_G","Defend_G","Defend_G","Survivor","Neutralize","Night Terror+1","Bane","Poisoned Stab","Dagger Spray","Cloak And Dagger","Deadly Poison","Bouncing Flask+1"],"special_seed":0,"relics":["Ring of the Snake","Thread and Needle"],"potions_floor_usage":[],"damage_taken":[{"damage":3.0,"enemies":"Cultist","floor":1.0,"turns":5.0},{"damage":6.0,"enemies":"Jaw Worm","floor":2.0,"turns":6.0},{"damage":0.0,"enemies":"2 Louse","floor":3.0,"turns":3.0},{"damage":8.0,"enemies":"Large Slime","floor":4.0,"turns":7.0},{"damage":34.0,"enemies":"Lagavulin","floor":7.0,"turns":9.0},{"damage":31,"enemies":"3 Sentries","floor":12,"turns":6}],"seed_played":"2001783738522918687","potions_obtained":[{"floor":1.0,"key":"Weak Potion"},{"floor":2.0,"key":"Fire Potion"}],"is_trial":false,"path_per_floor":["M","M","M","M","$","R","E","?","T","?","R","E"],"character_chosen":"THE_SILENT","items_purchased":["Deadly Poison"],"campfire_rested":0,"item_purchase_floors":[5],"current_hp_per_floor":[56,50,50,42,42,42,8,30,30,30,30,0],"gold":155,"neow_bonus":"ONE_RANDOM_RARE_CARD","is_prod":false,"is_daily":false,"chose_seed":false,"campfire_upgraded":2,"win_rate":0,"timestamp":1564249213,"path_taken":["M","M","M","M","?","R","E","?","T","?","R","E"],"build_version":"2019-07-17","purchased_purges":1,"victory":false,"max_hp_per_floor":[66,66,66,66,66,66,66,66,66,66,66,66],"card_choices":[{"not_picked":["Heel Hook","Dagger Throw"],"picked":"Bane","floor":1.0},{"not_picked":["Backstab","All Out Attack"],"picked":"Poisoned Stab","floor":2.0},{"not_picked":["PiercingWail","Bane"],"picked":"Dagger Spray","floor":3.0},{"not_picked":["Escape Plan","Prepared"],"picked":"Cloak And Dagger","floor":4.0},{"not_picked":["Bane","Terror"],"picked":"Bouncing Flask","floor":7.0}],"player_experience":1038434,"relics_obtained":[{"floor":7.0,"key":"Thread and Needle"}],"event_choices":[{"damage_healed":22.0,"max_hp_gain":0.0,"max_hp_loss":0.0,"gold_gain":0.0,"event_name":"Big Fish","player_choice":"Banana","floor":8.0,"gold_loss":0.0,"damage_taken":0.0},{"damage_healed":0.0,"max_hp_gain":0.0,"max_hp_loss":0.0,"gold_gain":0.0,"event_name":"Shining Light","player_choice":"Ignored","floor":10.0,"gold_loss":0.0,"damage_taken":0.0}],"is_beta":false,"boss_relics":[],"items_purged_floors":[5],"is_endless":false,"potions_floor_spawned":[1,2],"killed_by":"3 Sentries","ascension_level":20}