{"gold_per_floor":[110,110,121,396,33,33,60,60,60,76,90,107,118,130,130,130],"floor_reached":16,"playtime":431,"items_purged":["Regret"],"score":129,"play_id":"90fc3659-85d4-4d40-82bc-8dc3ec9abb9f","local_time":"20190414180827","is_ascension_mode":false,"campfire_choices":[{"data":"Evolve","floor":6,"key":"SMITH"},{"floor":8,"key":"RECALL"},{"data":"Whirlwind","floor":15,"key":"SMITH"}],"neow_cost":"NONE","seed_source_timestamp":341385380530414,"circlet_count":0,"master_deck":["Strike_R","Strike_R","Strike_R","Strike_R","Strike_R","Defend_R","Defend_R","Defend_R","Defend_R","Bash","Dual Wield","Evolve+1","Thunderclap","Headbutt","Double Tap","Whirlwind+1"],"relics":["Burning Blood","NeowsBlessing","Gambling Chip","Medical Kit","Happy Flower"],"potions_floor_usage":[],"damage_taken":[{"damage":0,"enemies":"Small Slimes","floor":1,"turns":1},{"damage":0,"enemies":"Cultist","floor":3,"turns":1},{"damage":0,"enemies":"Gremlin Nob","floor":7,"turns":1},{"damage":8,"enemies":"Jaw Worm","floor":10,"turns":3},{"damage":18,"enemies":"Red Slaver","floor":11,"turns":4},{"damage":11,"enemies":"3 Louse","floor":12,"turns":3},{"damage":10,"enemies":"Looter","floor":13,"turns":2},{"damage":34,"enemies":"Large Slime","floor":14,"turns":6},{"damage":32,"enemies":"The Guardian","floor":16,"turns":2}],"seed_played":"1804867905859723698","potions_obtained":[{"floor":1,"key":"SmokeBomb"},{"floor":3,"key":"BloodPotion"},{"floor":12,"key":"Dexterity Potion"}],"is_trial":false,"path_per_floor":["M","?","M","?","$","R","E","R","T","M","M","M","M","M","R","B"],"character_chosen":"IRONCLAD","items_purchased":["Medical Kit","Evolve"],"campfire_rested":0,"item_purchase_floors":[5,5],"current_hp_per_floor":[80,80,80,80,80,80,80,80,80,78,66,61,57,29,29,0],"gold":130,"neow_bonus":"THREE_ENEMY_KILL","is_prod":false,"is_daily":false,"chose_seed":false,"campfire_upgraded":2,"win_rate":0,"timestamp":1555283307,"path_taken":["M","?","?","?","$","R","E","R","T","M","M","M","M","?","R","BOSS"],"build_version":"2019-01-23","purchased_purges":1,"victory":false,"max_hp_per_floor":[80,80,80,80,80,80,80,80,80,80,80,80,80,80,80,80],"card_choices":[{"not_picked":["Shrug It Off","True Grit"],"picked":"Heavy Blade","floor":1},{"not_picked":["Cleave","Rage"],"picked":"Dual Wield","floor":3},{"not_picked":["Cleave","Shrug It Off"],"picked":"Thunderclap","floor":7},{"not_picked":["Perfected Strike","Body Slam"],"picked":"Headbutt","floor":10},{"not_picked":["Metallicize","Clothesline"],"picked":"Double Tap","floor":11},{"not_picked":["Armaments","Perfected Strike","Clothesline"],"picked":"SKIP","floor":12},{"not_picked":["Feel No Pain","Dual Wield"],"picked":"Whirlwind","floor":13},{"not_picked":["Blood for Blood","Thunderclap","Sentinel"],"picked":"SKIP","floor":14}],"player_experience":775111,"relics_obtained":[{"floor":7,"key":"Happy Flower"}],"event_choices":[{"cards_removed":["Heavy Blade"],"damage_healed":0,"gold_gain":0,"player_choice":"Gave Card","damage_taken":0,"relics_obtained":["Gambling Chip"],"max_hp_gain":0,"max_hp_loss":0,"event_name":"WeMeetAgain","floor":2,"gold_loss":0},{"damage_healed":0,"gold_gain":275,"player_choice":"Desecrate","damage_taken":0,"max_hp_gain":0,"max_hp_loss":0,"event_name":"Golden Shrine","floor":4,"gold_loss":0,"cards_obtained":["Regret"]}],"is_beta":false,"boss_relics":[],"items_purged_floors":[5],"is_endless":false,"potions_floor_spawned":[1,3,12,14],"killed_by":"The Guardian","ascension_level":0}