{"gold_per_floor":[115,133,58,38,51,51,80,80,158,158],"floor_reached":10,"playtime":272,"items_purged":[],"score":132,"play_id":"82e99188-4c4b-4a47-9596-4449a1d9a048","local_time":"20190228123754","is_ascension_mode":true,"campfire_choices":[{"data":"Zap","floor":6.0,"key":"SMITH"},{"floor":8,"key":"REST"}],"neow_cost":"TEN_PERCENT_HP_LOSS","seed_source_timestamp":22719555075662,"circlet_count":0,"master_deck":["AscendersBane","Strike_B","Strike_B","Strike_B","Defend_B","Defend_B","Defend_B","Defend_B","Zap+1","Dualcast","Genetic Algorithm","Conserve Battery","Barrage","Leap","Static Discharge"],"special_seed":0,"relics":["Cracked Core","Gambling Chip","Dream Catcher","Singing Bowl"],"potions_floor_usage":[7,7],"damage_taken":[{"damage":0.0,"enemies":"Cultist","floor":1.0,"turns":3.0},{"damage":7.0,"enemies":"Small Slimes","floor":2.0,"turns":3.0},{"damage":5.0,"enemies":"Jaw Worm","floor":5.0,"turns":5.0},{"damage":50,"enemies":"Gremlin Nob","floor":7,"turns":5},{"damage":30,"enemies":"Gremlin Gang","floor":10,"turns":3}],"seed_played":"2177642296429746372","potions_obtained":[{"floor":2.0,"key":"Weak Potion"},{"floor":4.0,"key":"PowerPotion"}],"is_trial":false,"path_per_floor":["M","M","?","?","M","R","E","R","T","M"],"character_chosen":"DEFECT","items_purchased":[],"campfire_rested":1,"item_purchase_floors":[],"current_hp_per_floor":[64,57,57,57,52,52,2,21,21,0],"gold":158,"neow_bonus":"ONE_RARE_RELIC","is_prod":false,"is_daily":false,"chose_seed":false,"campfire_upgraded":1,"win_rate":0,"timestamp":1551353874,"path_taken":["M","?","?","?","M","R","E","R","T","M"],"build_version":"2019-01-23","purchased_purges":0,"victory":false,"max_hp_per_floor":[64,64,64,64,64,64,64,64,64,64],"card_choices":[{"not_picked":["Streamline","Sweeping Beam"],"picked":"Genetic Algorithm","floor":1.0},{"not_picked":["Melter","Steam"],"picked":"Conserve Battery","floor":2.0},{"not_picked":["Go for the Eyes","Redo","Barrage"],"picked":"SKIP","floor":5.0},{"not_picked":["Go for the Eyes","Redo"],"picked":"Barrage","floor":5.0},{"not_picked":["Streamline","Capacitor"],"picked":"Leap","floor":7},{"not_picked":["Blizzard","Sweeping Beam"],"picked":"Static Discharge","floor":8}],"player_experience":916631,"relics_obtained":[{"floor":7,"key":"Dream Catcher"},{"floor":9,"key":"Singing Bowl"}],"event_choices":[{"cards_removed":["Strike_B"],"damage_healed":0.0,"max_hp_gain":0.0,"max_hp_loss":0.0,"gold_gain":0.0,"event_name":"The Cleric","player_choice":"Card Removal","floor":3.0,"gold_loss":75.0,"damage_taken":0.0},{"damage_healed":0.0,"max_hp_gain":0.0,"max_hp_loss":0.0,"gold_gain":0.0,"event_name":"The Woman in Blue","player_choice":"Bought 1 Potion","floor":4.0,"gold_loss":0.0,"damage_taken":0.0}],"is_beta":false,"boss_relics":[],"items_purged_floors":[],"is_endless":false,"potions_floor_spawned":[2],"killed_by":"Gremlin Gang","ascension_level":20}