{"path_per_floor":["M","M","M","M","?","R","E","T","T","R","M","R","?","E","R"],"character_chosen":"DEFECT","items_purchased":[],"gold_per_floor":[13,31,44,55,55,55,84,137,219,219,238,238,238,267,267,267],"floor_reached":16,"campfire_rested":1,"playtime":506,"item_purchase_floors":[],"current_hp_per_floor":[81,73,71,71,71,71,34,34,34,34,30,30,30,17,43,0],"items_purged":[],"gold":267,"score":154,"play_id":"27056865-4b06-4770-970f-db03c89473fe","local_time":"20180609175316","is_prod":false,"is_daily":false,"chose_seed":false,"is_ascension_mode":true,"campfire_upgraded":3,"win_rate":0,"timestamp":1528559596,"campfire_choices":[{"data":"Zap","floor":6.0,"key":"SMITH"},{"data":"Dualcast","floor":10.0,"key":"SMITH"},{"data":"Beam Cell","floor":12.0,"key":"SMITH"},{"floor":15.0,"key":"REST"}],"path_taken":["M","?","M","M","?","R","E","?","T","R","M","R","?","E","R","BOSS"],"build_version":"2018-06-07v3","seed_source_timestamp":126745314031854,"purchased_purges":0,"victory":false,"master_deck":["Strike_B","Strike_B","Strike_B","Defend_B","Defend_B","Defend_B","Defend_B","Zap+1","Dualcast+1","Beam Cell+1","Gash","Compile Driver","Sweeping Beam","BootSequence"],"max_hp_per_floor":[89,89,89,89,89,89,89,89,89,89,89,89,89,89,89,89],"relics":["Cracked Core","Dodecahedron","Boot","Bottled Flame","Juzu Bracelet"],"card_choices":[{"not_picked":["Streamline","Darkness"],"picked":"Beam Cell","floor":1.0},{"not_picked":["Steam","Conserve Battery"],"picked":"Gash","floor":2.0},{"not_picked":["Static Discharge","Storm","Chaos"],"picked":"SKIP","floor":3.0},{"not_picked":["Blizzard","Steam","Sunder"],"picked":"SKIP","floor":4.0},{"not_picked":["Force Field","Undo"],"picked":"Compile Driver","floor":7.0},{"not_picked":["Conserve Battery","Steam Power"],"picked":"Sweeping Beam","floor":11.0},{"not_picked":["Rainbow","Undo"],"picked":"BootSequence","floor":14.0}],"player_experience":566838,"potions_floor_usage":[],"damage_taken":[{"damage":1.0,"enemies":"Cultist","floor":1.0,"turns":3.0},{"damage":8.0,"enemies":"Small Slimes","floor":2.0,"turns":3.0},{"damage":2.0,"enemies":"Jaw Worm","floor":3.0,"turns":3.0},{"damage":0.0,"enemies":"2 Fungi Beasts","floor":4.0,"turns":3.0},{"damage":37.0,"enemies":"Lagavulin","floor":7.0,"turns":7.0},{"damage":4.0,"enemies":"Exordium Wildlife","floor":11.0,"turns":3.0},{"damage":13.0,"enemies":"Gremlin Nob","floor":14.0,"turns":3.0},{"damage":44,"enemies":"Hexaghost","floor":16,"turns":9}],"relics_obtained":[{"floor":7.0,"key":"Dodecahedron"},{"floor":8.0,"key":"Boot"},{"floor":9.0,"key":"Bottled Flame"},{"floor":14.0,"key":"Juzu Bracelet"}],"event_choices":[{"event_name":"Liars Game","player_choice":"disagreed","floor":5.0,"damage_taken":0.0},{"event_name":"Living Wall","player_choice":"Forget","floor":13.0,"damage_taken":0.0}],"boss_relics":[],"items_purged_floors":[],"potions_floor_spawned":[1,2,14],"seed_played":"-6761152173433115617","killed_by":"Hexaghost","ascension_level":8,"potions_obtained":[{"floor":1.0,"key":"EssenceOfSteel"},{"floor":2.0,"key":"Regen Potion"},{"floor":14.0,"key":"Fire Potion"}],"is_trial":false}