{"path_per_floor":["M","?","?","?","$","R","E","R","T","T","E","R","M","E","R","B",null,"M","?","?","$","M","R","M","R","T","R","M","?","E","M","R"],"character_chosen":"DEFECT","items_purchased":["Mummified Hand"],"gold_per_floor":[112,112,112,112,37,37,101,101,101,151,180,180,198,231,231,326,326,337,287,287,41,54,54,72,72,72,72,87,187,219,233,233,233],"floor_reached":33,"campfire_rested":3,"playtime":1151,"current_hp_per_floor":[61,61,61,46,46,46,36,58,58,58,50,50,50,50,50,31,64,55,55,55,55,49,49,29,51,51,51,51,51,27,14,36,0],"items_purged":["Strike_B"],"gold":233,"score":426,"play_id":"8b07c4d2-b245-414d-b485-52043e64c39a","local_time":"20180512160851","is_prod":false,"is_daily":false,"chose_seed":false,"is_ascension_mode":true,"campfire_upgraded":5,"timestamp":1526134131,"path_taken":["M","?","?","?","$","R","E","R","T","?","E","R","M","E","R","BOSS","M","?","?","$","M","R","M","R","T","R","M","?","E","M","R","BOSS"],"build_version":"2018-05-11","seed_source_timestamp":38479975100316,"purchased_purges":1,"victory":false,"master_deck":["Strike_B","Strike_B+1","Strike_B","Defend_B","Defend_B","Defend_B","Defend_B+1","Zap+1","Dualcast+1","Skim+1","Go for the Eyes+1","Cold Snap","Redo+1","Rebound","Electrodynamics+1","Ball Lightning","Sweeping Beam+1","FTL+1","Chaos+1"],"max_hp_per_floor":[75,75,75,75,75,75,75,75,75,75,75,75,75,75,75,75,75,75,75,75,75,75,75,75,75,75,75,75,75,75,75,75,75],"relics":["Cracked Core","Sundial","Bag of Marbles","Cables","Prayer Wheel","Nloth\u0027s Gift","Mummified Hand","Unceasing Top","Potion Belt"],"card_choices":[{"not_picked":["Recycle","Steam"],"picked":"Skim","floor":0.0},{"not_picked":["Turbo","Barrage"],"picked":"Go for the Eyes","floor":1.0},{"not_picked":["Streamline","Self Repair"],"picked":"Cold Snap","floor":7.0},{"not_picked":["Go for the Eyes","Barrage"],"picked":"Redo","floor":11.0},{"not_picked":["Cold Snap","Leap","Steam"],"picked":"SKIP","floor":13.0},{"not_picked":["Blizzard","Doom and Gloom"],"picked":"Rebound","floor":14.0},{"not_picked":["Nova","Seek"],"picked":"Electrodynamics","floor":16.0},{"not_picked":["Undo","Conserve Battery+1"],"picked":"Ball Lightning","floor":18},{"not_picked":["Streamline","Leap"],"picked":"Sweeping Beam+1","floor":22},{"not_picked":["Reinforced Body","Doom and Gloom"],"picked":"FTL","floor":24},{"not_picked":["Beam Cell","Cold Snap+1"],"picked":"Chaos+1","floor":26},{"not_picked":["Thunder Strike","Tempest","Go for the Eyes"],"picked":"SKIP","floor":28},{"not_picked":["Barrage","Sunder","Electrodynamics"],"picked":"SKIP","floor":30},{"not_picked":["Rebound","Cold Snap","Self Repair"],"picked":"SKIP","floor":31}],"player_experience":650603,"potions_floor_usage":[22,24,33],"damage_taken":[{"damage":7.0,"enemies":"2 Louse","floor":1.0,"turns":3.0},{"damage":10.0,"enemies":"Lagavulin","floor":7.0,"turns":7.0},{"damage":8.0,"enemies":"Gremlin Nob","floor":11.0,"turns":3.0},{"damage":0.0,"enemies":"Small Slimes","floor":13.0,"turns":2.0},{"damage":0.0,"enemies":"Lagavulin","floor":14.0,"turns":5.0},{"damage":19.0,"enemies":"Hexaghost","floor":16.0,"turns":9.0},{"damage":9,"enemies":"Spheric Guardian","floor":18,"turns":3},{"damage":6,"enemies":"3 Byrds","floor":22,"turns":5},{"damage":20,"enemies":"Slaver and Parasite","floor":24,"turns":5},{"damage":0,"enemies":"3 Cultists","floor":28,"turns":2},{"damage":24,"enemies":"Book of Stabbing","floor":30,"turns":4},{"damage":13,"enemies":"Centurion and Healer","floor":31,"turns":4},{"damage":45,"enemies":"Collector","floor":33,"turns":5}],"event_choices":[{"event_name":"Living Wall","player_choice":"Grow","floor":2.0,"damage_taken":0.0},{"event_name":"Upgrade Shrine","player_choice":"Upgraded","floor":3.0,"damage_taken":0.0},{"event_name":"Shining Light","player_choice":"Entered Light","floor":4.0,"damage_taken":0.0},{"event_name":"The Joust","player_choice":"Bet on Murderer","floor":19,"damage_taken":0},{"event_name":"N\u0027loth","player_choice":"Traded a Tiny Chest","floor":20,"damage_taken":0},{"event_name":"Golden Shrine","player_choice":"Pray","floor":29,"damage_taken":0}],"boss_relics":[],"potions_floor_spawned":[7,13,16,18,22],"seed_played":"3745214536994326095","killed_by":"Collector","ascension_level":8,"is_trial":false}