{"gold_per_floor":[117,117,192,192,192,192,212,233,257,270,152,52,52,52,52,141,141,61,3,3,3,3,3],"floor_reached":23,"playtime":581,"items_purged":["Strike_B","Strike_B"],"score":370,"play_id":"4a868c9e-97a4-4431-a239-299b3b12dd40","local_time":"20190222171743","is_ascension_mode":true,"campfire_choices":[{"data":"Zap","floor":6.0,"key":"SMITH"},{"data":"Consume","floor":13.0,"key":"SMITH"},{"data":"Skim","floor":15.0,"key":"SMITH"}],"neow_cost":"TEN_PERCENT_HP_LOSS","seed_source_timestamp":1333817853295337,"circlet_count":0,"master_deck":["AscendersBane","Defend_B","Defend_B","Defend_B","Defend_B","Zap+1","Dualcast","Ball Lightning","Core Surge","Skim+1","Consume+1","Seek","Compile Driver","Bite","Bite","Bite","Bite","Bite"],"special_seed":0,"relics":["Cracked Core","Dead Branch","Golden Idol","DataDisk","PreservedInsect","Ectoplasm"],"potions_floor_usage":[23],"damage_taken":[{"damage":0.0,"enemies":"2 Louse","floor":1.0,"turns":2.0},{"damage":3.0,"enemies":"Small Slimes","floor":7.0,"turns":2.0},{"damage":0.0,"enemies":"Cultist","floor":8.0,"turns":2.0},{"damage":11.0,"enemies":"Exordium Thugs","floor":10.0,"turns":3.0},{"damage":30.0,"enemies":"The Guardian","floor":16.0,"turns":10.0},{"damage":36.0,"enemies":"2 Thieves","floor":18.0,"turns":4.0},{"damage":1.0,"enemies":"Spheric Guardian","floor":21.0,"turns":4.0},{"damage":39,"enemies":"Gremlin Leader","floor":23,"turns":5}],"seed_played":"6219476899713281244","potions_obtained":[{"floor":1.0,"key":"SkillPotion"},{"floor":7.0,"key":"Block Potion"}],"is_trial":false,"path_per_floor":["M","?","?","?","?","R","M","M","T","M","$","$","R","T","R","B",null,"M","$","?","M","$","E"],"character_chosen":"DEFECT","items_purchased":["Consume","Compile Driver"],"campfire_rested":0,"item_purchase_floors":[11,19],"current_hp_per_floor":[64,69,58,58,58,58,55,55,55,44,44,44,44,44,44,14,51,15,15,15,22,22,0],"gold":3,"neow_bonus":"ONE_RARE_RELIC","is_prod":false,"is_daily":false,"chose_seed":false,"campfire_upgraded":3,"win_rate":0,"timestamp":1550852263,"path_taken":["M","?","?","?","?","R","M","M","T","?","?","$","R","?","R","BOSS","M","$","?","M","$","E"],"build_version":"2019-01-23","purchased_purges":2,"victory":false,"max_hp_per_floor":[64,69,69,63,63,63,63,63,63,63,63,63,63,63,63,63,63,63,63,44,44,44,44],"card_choices":[{"not_picked":["Chill","Steam Power"],"picked":"Ball Lightning","floor":1.0},{"not_picked":["Steam","Compile Driver"],"picked":"Skim","floor":7.0},{"not_picked":["Reprogram","Barrage","Stack"],"picked":"SKIP","floor":8.0},{"not_picked":["Go for the Eyes","Gash","Ball Lightning"],"picked":"SKIP","floor":10.0},{"not_picked":["Multi-Cast","Amplify"],"picked":"Seek","floor":16.0},{"not_picked":["Hologram","Go for the Eyes","Lockon"],"picked":"SKIP","floor":18.0},{"not_picked":["Redo","Darkness","Steam Power"],"picked":"SKIP","floor":21}],"player_experience":865179,"relics_obtained":[{"floor":9.0,"key":"DataDisk"},{"floor":14.0,"key":"PreservedInsect"}],"event_choices":[{"damage_healed":0.0,"max_hp_gain":5.0,"max_hp_loss":0.0,"gold_gain":0.0,"event_name":"Big Fish","player_choice":"Donut","floor":2.0,"gold_loss":0.0,"damage_taken":0.0},{"damage_healed":0.0,"max_hp_gain":0.0,"max_hp_loss":0.0,"gold_gain":75.0,"event_name":"World of Goop","player_choice":"Gather Gold","floor":3.0,"gold_loss":0.0,"damage_taken":11.0},{"damage_healed":0.0,"max_hp_gain":0.0,"max_hp_loss":6.0,"gold_gain":0.0,"event_name":"Golden Idol","player_choice":"Lose Max HP","floor":4.0,"gold_loss":0.0,"damage_taken":0.0,"relics_obtained":["Golden Idol"]},{"damage_healed":0.0,"max_hp_gain":0.0,"max_hp_loss":0.0,"gold_gain":0.0,"cards_transformed":["Strike_B"],"event_name":"Transmorgrifier","player_choice":"Transformed","floor":5.0,"gold_loss":0.0,"damage_taken":0.0,"cards_obtained":["Core Surge"]},{"damage_healed":0.0,"max_hp_gain":0.0,"max_hp_loss":19.0,"gold_gain":0.0,"event_name":"Vampires","player_choice":"Became a vampire","floor":20.0,"gold_loss":0.0,"damage_taken":0.0,"cards_obtained":["Bite","Bite","Bite","Bite","Bite"]}],"is_beta":false,"boss_relics":[{"not_picked":["Astrolabe","Orrery"],"picked":"Ectoplasm"}],"items_purged_floors":[11,12],"is_endless":false,"potions_floor_spawned":[1,7],"killed_by":"Gremlin Leader","ascension_level":19}