{"gold_per_floor":[118,73,93,103,117,142,160,225,252,263,263,263,275,292,292,397,397,412,10,21,21,40,40,40,71,96,126,126,24,24,37,37,137,137,152,170,270,270,281,341,341,341,341,341,341],"floor_reached":45,"playtime":2040,"items_purged":["Strike_R"],"score":689,"play_id":"b1c8ad0f-f4af-4499-bdf4-da47274067e8","local_time":"20190716172050","is_ascension_mode":true,"campfire_choices":[{"floor":12,"key":"REST"},{"data":"Corruption","floor":15,"key":"SMITH"},{"data":"Dark Embrace","floor":23,"key":"SMITH"},{"floor":28,"key":"REST"},{"data":"Barricade","floor":30,"key":"SMITH"},{"data":"Havoc","floor":32,"key":"SMITH"},{"data":"Armaments","floor":41,"key":"SMITH"},{"data":"Armaments","floor":42,"key":"SMITH"},{"data":"Armaments","floor":44,"key":"SMITH"}],"neow_cost":"NONE","seed_source_timestamp":448301186687629,"circlet_count":0,"master_deck":["Strike_R","Strike_R","Strike_R","Defend_R","Defend_R","Defend_R","Defend_R","Dark Embrace+1","Second Wind","True Grit","Shockwave","Armaments+1","Sever Soul","Corruption+1","True Grit","Clash","Shockwave","Barricade+1","Second Wind+1","Feel No Pain","Reaper","Infernal Blade+1","Feel No Pain+1","Body Slam","Armaments+1","Havoc+1","Impervious","Second Wind+1","True Grit+1","Reaper","Havoc+1","Second Wind+1","Body Slam","Armaments+1","Feed","Armaments+1"],"relics":["Burning Blood","Potion Belt","Orichalcum","Ancient Tea Set","Philosopher\u0027s Stone","Strange Spoon","Regal Pillow","Happy Flower","Vajra","Orrery","WingedGreaves","Tiny Chest","Ornamental Fan"],"potions_floor_usage":[7,10,10,10,18,20,27,27,45],"damage_taken":[{"damage":18,"enemies":"Cultist","floor":1,"turns":5},{"damage":0,"enemies":"2 Louse","floor":3,"turns":3},{"damage":0,"enemies":"Small Slimes","floor":4,"turns":3},{"damage":7,"enemies":"Blue Slaver","floor":5,"turns":6},{"damage":34,"enemies":"Gremlin Nob","floor":6,"turns":7},{"damage":21,"enemies":"Red Slaver","floor":7,"turns":7},{"damage":22,"enemies":"Exordium Wildlife","floor":10,"turns":5},{"damage":4,"enemies":"Exordium Thugs","floor":13,"turns":4},{"damage":5,"enemies":"2 Fungi Beasts","floor":14,"turns":3},{"damage":0,"enemies":"Slime Boss","floor":16,"turns":10},{"damage":29,"enemies":"Spheric Guardian","floor":18,"turns":6},{"damage":30,"enemies":"3 Byrds","floor":20,"turns":6},{"damage":11,"enemies":"Centurion and Healer","floor":22,"turns":9},{"damage":15,"enemies":"Book of Stabbing","floor":25,"turns":6},{"damage":31,"enemies":"Gremlin Leader","floor":27,"turns":6},{"damage":6,"enemies":"Shelled Parasite and Fungi","floor":31,"turns":5},{"damage":51,"enemies":"Collector","floor":33,"turns":8},{"damage":3,"enemies":"Orb Walker","floor":35,"turns":4},{"damage":36,"enemies":"3 Darklings","floor":36,"turns":6},{"damage":8,"enemies":"Mind Bloom Boss Battle","floor":37,"turns":8},{"damage":30,"enemies":"Spire Growth","floor":39,"turns":6},{"damage":0,"enemies":"Giant Head","floor":40,"turns":3},{"damage":88,"enemies":"Reptomancer","floor":45,"turns":7}],"seed_played":"-7022026678943787260","potions_obtained":[{"floor":1,"key":"Dexterity Potion"},{"floor":3,"key":"Weak Potion"},{"floor":6,"key":"Strength Potion"},{"floor":7,"key":"SteroidPotion"},{"floor":10,"key":"Ancient Potion"},{"floor":14,"key":"EssenceOfSteel"},{"floor":18,"key":"Explosive Potion"},{"floor":20,"key":"Strength Potion"},{"floor":22,"key":"Dexterity Potion"},{"floor":37,"key":"FearPotion"},{"floor":39,"key":"LiquidBronze"}],"is_trial":false,"path_per_floor":["M","$","M","M","M","E","M","?","T","M","?","R","M","M","R","B",null,"M","$","M","?","M","R","?","E","T","E","R","$","R","M","R","B",null,"M","M","?","$","M","E","R","R","T","R","E"],"character_chosen":"IRONCLAD","items_purchased":["True Grit","Feel No Pain","Reaper","Strange Spoon","Havoc"],"campfire_rested":2,"item_purchase_floors":[2,19,19,19,29],"current_hp_per_floor":[68,68,74,80,79,51,36,36,36,20,20,44,46,47,47,53,80,57,57,39,39,52,52,52,50,50,58,80,80,80,80,80,35,80,80,80,80,80,65,71,71,71,71,71,0],"gold":341,"neow_bonus":"TRANSFORM_CARD","is_prod":false,"is_daily":false,"chose_seed":false,"campfire_upgraded":7,"win_rate":0,"timestamp":1563315650,"path_taken":["M","?","M","M","M","E","M","?","T","M","?","R","M","?","R","BOSS","M","$","M","?","?","R","?","E","T","E","R","?","R","M","R","BOSS","M","M","?","$","M","E","R","R","T","R","E"],"build_version":"2019-07-05","purchased_purges":1,"victory":false,"max_hp_per_floor":[80,80,80,80,80,80,80,80,80,80,80,80,80,80,80,80,80,80,80,80,80,80,80,80,80,80,80,80,80,80,80,80,80,80,80,80,80,80,80,80,80,80,80,80,80],"card_choices":[{"not_picked":["Sever Soul","Headbutt"],"picked":"Second Wind","floor":1},{"not_picked":["Rupture","Rage"],"picked":"Shockwave","floor":3},{"not_picked":["Clash","Rage","Perfected Strike"],"picked":"SKIP","floor":4},{"not_picked":["Perfected Strike","Pummel"],"picked":"Armaments","floor":5},{"not_picked":["Cleave","Anger"],"picked":"Sever Soul","floor":6},{"not_picked":["Iron Wave","Headbutt"],"picked":"Corruption","floor":7},{"not_picked":["Rage","Offering"],"picked":"True Grit","floor":10},{"not_picked":["Whirlwind","Cleave"],"picked":"Clash","floor":13},{"not_picked":["Heavy Blade","Clothesline"],"picked":"Shockwave","floor":14},{"not_picked":["Exhume","Limit Break"],"picked":"Barricade","floor":16},{"not_picked":["Twin Strike","Cleave"],"picked":"Second Wind+1","floor":18},{"not_picked":["Flex","Clothesline"],"picked":"Infernal Blade+1","floor":20},{"not_picked":["Fire Breathing","Rampage"],"picked":"Feel No Pain+1","floor":22},{"not_picked":["Combust+1","Feel No Pain"],"picked":"Body Slam","floor":25},{"not_picked":["Wild Strike","Shockwave"],"picked":"Armaments","floor":27},{"not_picked":["Thunderclap","Perfected Strike","Pommel Strike"],"picked":"SKIP","floor":31},{"not_picked":["Demon Form","Brutality"],"picked":"Impervious","floor":33},{"not_picked":["Headbutt","Rupture+1"],"picked":"Second Wind+1","floor":34},{"not_picked":["Body Slam","Metallicize"],"picked":"True Grit+1","floor":34},{"not_picked":["Bloodletting","Fire Breathing+1"],"picked":"Reaper","floor":34},{"not_picked":["Cleave","Shrug It Off"],"picked":"Havoc+1","floor":34},{"not_picked":["Uppercut","Cleave+1"],"picked":"Second Wind+1","floor":35},{"not_picked":["Sword Boomerang","Pummel+1"],"picked":"Body Slam","floor":36},{"not_picked":["Anger+1","Clothesline+1"],"picked":"Armaments+1","floor":37},{"not_picked":["Flame Barrier","Dropkick"],"picked":"Feed","floor":39},{"not_picked":["Metallicize","Perfected Strike+1"],"picked":"Armaments","floor":40}],"player_experience":93004,"relics_obtained":[{"floor":6,"key":"Potion Belt"},{"floor":9,"key":"Orichalcum"},{"floor":11,"key":"Ancient Tea Set"},{"floor":25,"key":"Regal Pillow"},{"floor":26,"key":"Happy Flower"},{"floor":27,"key":"Vajra"},{"floor":37,"key":"WingedGreaves"},{"floor":40,"key":"Tiny Chest"},{"floor":43,"key":"Ornamental Fan"}],"event_choices":[{"damage_healed":0,"gold_gain":65,"player_choice":"Gained Gold","damage_taken":0,"max_hp_gain":0,"max_hp_loss":0,"event_name":"Golden Wing","floor":8,"gold_loss":0},{"damage_healed":0,"gold_gain":0,"player_choice":"Relic","damage_taken":0,"max_hp_gain":0,"max_hp_loss":0,"event_name":"Wheel of Change","floor":11,"gold_loss":0},{"cards_removed":["Strike_R"],"damage_healed":0,"gold_gain":0,"player_choice":"Purged","damage_taken":0,"max_hp_gain":0,"max_hp_loss":0,"event_name":"Purifier","floor":21,"gold_loss":0},{"damage_healed":0,"gold_gain":0,"player_choice":"Ignored","damage_taken":0,"max_hp_gain":0,"max_hp_loss":0,"event_name":"Ghosts","floor":24,"gold_loss":0},{"damage_healed":0,"gold_gain":0,"player_choice":"Fight","damage_taken":0,"max_hp_gain":0,"max_hp_loss":0,"event_name":"MindBloom","floor":37,"gold_loss":0}],"is_beta":false,"boss_relics":[{"not_picked":["Runic Pyramid","Fusion Hammer"],"picked":"Philosopher\u0027s Stone"},{"not_picked":["Velvet Choker","Runic Cube"],"picked":"Orrery"}],"items_purged_floors":[29],"is_endless":false,"potions_floor_spawned":[1,3,6,7,10,14,18,20,22,37,39],"killed_by":"Reptomancer","ascension_level":1}