{"gold_per_floor":[118,118,118,118,133,162,182,182,209,209,229,244,244,270,270,270],"floor_reached":16,"playtime":600,"items_purged":[],"score":193,"play_id":"50296e68-36ad-4c1d-a9bf-c374406fc8ee","local_time":"20180806233230","is_ascension_mode":true,"campfire_choices":[{"data":"Bash","floor":8.0,"key":"SMITH"},{"data":"Cleave","floor":10.0,"key":"SMITH"},{"data":"Searing Blow","floor":15,"key":"SMITH"}],"neow_cost":"NONE","seed_source_timestamp":376973130585635,"circlet_count":0,"master_deck":["Strike_R","Strike_R","Strike_R","Defend_R","Defend_R","Defend_R","Bash+1","AscendersBane","Cleave+1","Warcry","Feed","Searing Blow+1","Ghostly Armor"],"special_seed":0,"relics":["Burning Blood","Ancient Tea Set","Bag of Preparation","Pantograph","Art of War"],"potions_floor_usage":[14],"damage_taken":[{"damage":7.0,"enemies":"Jaw Worm","floor":1.0,"turns":4.0},{"damage":0.0,"enemies":"Small Slimes","floor":5.0,"turns":3.0},{"damage":34.0,"enemies":"3 Sentries","floor":6.0,"turns":8.0},{"damage":5.0,"enemies":"Cultist","floor":7.0,"turns":5.0},{"damage":0.0,"enemies":"3 Louse","floor":11.0,"turns":2.0},{"damage":12,"enemies":"Looter","floor":12,"turns":3},{"damage":35,"enemies":"Lagavulin","floor":14,"turns":4},{"damage":46,"enemies":"Hexaghost","floor":16,"turns":9}],"seed_played":"-1070910040363773059","potions_obtained":[{"floor":5.0,"key":"Explosive Potion"},{"floor":6.0,"key":"FearPotion"},{"floor":7.0,"key":"Ancient Potion"},{"floor":11,"key":"PowerPotion"},{"floor":14,"key":"Explosive Potion"}],"is_trial":false,"path_per_floor":["M","?","?","?","M","E","M","R","T","R","M","M","?","E","R"],"character_chosen":"IRONCLAD","items_purchased":[],"campfire_rested":0,"item_purchase_floors":[],"current_hp_per_floor":[67,67,67,67,73,45,49,49,49,49,55,52,47,18,18,0],"gold":270,"neow_bonus":"REMOVE_CARD","is_prod":false,"is_daily":false,"chose_seed":false,"campfire_upgraded":3,"win_rate":0,"timestamp":1533591150,"path_taken":["M","?","?","?","M","E","M","R","T","R","M","?","?","E","R","BOSS"],"build_version":"2018-08-01","purchased_purges":0,"victory":false,"max_hp_per_floor":[75,75,75,75,75,75,78,78,78,78,78,81,81,81,81,81],"card_choices":[{"not_picked":["Flex","Rampage"],"picked":"Cleave","floor":1.0},{"not_picked":["Sword Boomerang","Whirlwind"],"picked":"Warcry","floor":5.0},{"not_picked":["Heavy Blade","Body Slam"],"picked":"Feed","floor":6.0},{"not_picked":["Clash","Evolve","Thunderclap"],"picked":"SKIP","floor":7.0},{"not_picked":["Thunderclap","Entrench","Anger"],"picked":"SKIP","floor":11},{"not_picked":["Thunderclap","Entrench","Anger"],"picked":"SKIP","floor":11},{"not_picked":["Rage","Uppercut"],"picked":"Searing Blow","floor":12},{"not_picked":["Headbutt","Iron Wave"],"picked":"Ghostly Armor","floor":14}],"player_experience":758017,"relics_obtained":[{"floor":6.0,"key":"Ancient Tea Set"},{"floor":9.0,"key":"Bag of Preparation"},{"floor":14,"key":"Art of War"}],"event_choices":[{"event_name":"Living Wall","player_choice":"Forget","floor":2.0,"damage_taken":0.0},{"event_name":"Liars Game","player_choice":"disagreed","floor":3.0,"damage_taken":0.0},{"event_name":"Purifier","player_choice":"One Purge","floor":4.0,"damage_taken":0.0},{"event_name":"Scrap Ooze","player_choice":"success","floor":13,"damage_taken":5}],"is_beta":true,"boss_relics":[],"items_purged_floors":[],"is_endless":false,"potions_floor_spawned":[5,6,7,11,14],"killed_by":"Hexaghost","ascension_level":15}