{"path_per_floor":["M","?","M","M","M","R","?","E","T","M","R","M","R","E","R"],"character_chosen":"DEFECT","items_purchased":[],"gold_per_floor":[116,116,128,138,150,150,150,185,254,267,267,280,280,309,309,309],"floor_reached":16,"campfire_rested":0,"playtime":489,"current_hp_per_floor":[67,67,63,57,55,55,55,37,37,37,37,31,31,26,26,0],"items_purged":[],"gold":309,"score":162,"play_id":"6f459cd8-5e93-4eab-b69f-322eeb511c13","local_time":"20180517200015","is_prod":false,"is_daily":false,"chose_seed":false,"is_ascension_mode":true,"campfire_upgraded":4,"timestamp":1526580015,"campfire_choices":[{"data":"Zap","floor":6,"key":"SMITH"},{"data":"Dualcast","floor":11,"key":"SMITH"},{"data":"Beam Cell","floor":13,"key":"SMITH"},{"data":"Coolheaded","floor":15,"key":"SMITH"}],"path_taken":["M","?","M","M","M","R","?","E","T","?","R","M","R","E","R","BOSS"],"build_version":"2018-05-17","seed_source_timestamp":302380754404628,"purchased_purges":0,"victory":false,"master_deck":["Strike_B","Strike_B","Defend_B","Defend_B","Defend_B","Zap+1","Dualcast+1","Creative AI+1","Cold Snap+1","Reprogram+1","Beam Cell+1","FTL","Ball Lightning","Turbo+1","Machine Learning","Sweeping Beam","Genetic Algorithm","Coolheaded+1"],"max_hp_per_floor":[75,75,75,75,75,75,75,75,75,75,75,75,75,75,75,75],"relics":["Astrolabe","Du-Vu Doll","Centennial Puzzle","Juzu Bracelet"],"card_choices":[{"not_picked":["Auto Shields","White Noise"],"picked":"Beam Cell","floor":1},{"not_picked":["Scrape","Aggregate"],"picked":"FTL","floor":3},{"not_picked":["Tempest","White Noise"],"picked":"Ball Lightning","floor":4},{"not_picked":["Cold Snap","Undo"],"picked":"Turbo","floor":5},{"not_picked":["Sunder","Stack"],"picked":"Machine Learning","floor":8},{"not_picked":["Barrage","Reinforced Body"],"picked":"Sweeping Beam","floor":10},{"not_picked":["Chaos","Ball Lightning"],"picked":"Genetic Algorithm","floor":12},{"not_picked":["Steam","Static Discharge"],"picked":"Coolheaded","floor":14}],"player_experience":677919,"potions_floor_usage":[5,8,10,14,16],"damage_taken":[{"damage":1,"enemies":"2 Louse","floor":1,"turns":2},{"damage":4,"enemies":"Jaw Worm","floor":3,"turns":4},{"damage":6,"enemies":"Small Slimes","floor":4,"turns":3},{"damage":2,"enemies":"Exordium Thugs","floor":5,"turns":3},{"damage":18,"enemies":"Lagavulin","floor":8,"turns":4},{"damage":0,"enemies":"Lots of Slimes","floor":10,"turns":2},{"damage":6,"enemies":"Blue Slaver","floor":12,"turns":3},{"damage":5,"enemies":"3 Sentries","floor":14,"turns":4},{"damage":29,"enemies":"The Guardian","floor":16,"turns":2}],"relics_obtained":[{"floor":8,"key":"Du-Vu Doll"},{"floor":9,"key":"Centennial Puzzle"},{"floor":14,"key":"Juzu Bracelet"}],"event_choices":[{"event_name":"Liars Game","player_choice":"disagreed","floor":2,"damage_taken":0},{"event_name":"Living Wall","player_choice":"Grow","floor":7,"damage_taken":0}],"boss_relics":[],"potions_floor_spawned":[1,4,5,10,12],"seed_played":"-347988819280124891","killed_by":"The Guardian","ascension_level":9,"potions_obtained":[{"floor":1,"key":"Explosive Potion"},{"floor":4,"key":"FearPotion"},{"floor":5,"key":"Explosive Potion"},{"floor":10,"key":"SpeedPotion"},{"floor":12,"key":"Fire Potion"}],"is_trial":false}