{"path_per_floor":["M","M","M","?","M","E","?","R","T","E","R","E","R","M","R","B",null,"M","M","$","M","M"],"character_chosen":"THE_SILENT","items_purchased":["Meat on the Bone"],"gold_per_floor":[112,132,150,150,161,192,192,192,192,221,221,255,255,272,272,375,375,389,407,80,93,113],"floor_reached":23,"campfire_rested":3,"playtime":1767,"current_hp_per_floor":[62,61,60,60,57,39,62,62,62,2,23,1,22,17,38,7,54,54,54,54,37,37],"items_purged":["Strike_G"],"gold":113,"score":298,"play_id":"a1e38f43-d807-438f-a180-7f31d5eb4f57","is_prod":false,"is_daily":false,"is_ascension_mode":true,"campfire_upgraded":1,"path_taken":["M","M","?","?","?","E","?","R","T","E","R","E","R","M","R","BOSS","M","M","$","?","M","E"],"build_version":"2018-02-15-PROD1","purchased_purges":1,"victory":false,"master_deck":["Defend_G","Defend_G","Strike_G","Strike_G","Survivor","Neutralize+1","Well Laid Plans","PiercingWail","Acrobatics","Dash","Skewer","Finisher","Adrenaline","Setup+1","Dagger Throw+1","Endless Agony+1","Deflect+1"],"max_hp_per_floor":[70,70,70,70,70,70,70,70,70,70,70,70,70,70,70,70,70,70,70,70,70,70],"relics":["Ring of the Snake","Toolbox","Peace Pipe","Ancient Tea Set","Tough Bandages","Astrolabe","Meat on the Bone"],"card_choices":[{"not_picked":["Sucker Punch","Deadly Poison"],"picked":"Well Laid Plans"},{"not_picked":["Dodge and Roll","Deadly Poison"],"picked":"PiercingWail"},{"not_picked":["Caltrops","Outmaneuver"],"picked":"Acrobatics"},{"not_picked":["Venomology","Slice"],"picked":"Dash"},{"not_picked":["Poisoned Stab","Underhanded Strike"],"picked":"Skewer"},{"not_picked":["Prepared","Acrobatics"],"picked":"Finisher"},{"not_picked":["Tools of the Trade","Tactician"],"picked":"Adrenaline"},{"not_picked":["Acrobatics","Slice"],"picked":"Deflect"}],"player_experience":318889,"potions_floor_usage":[12,16,19,22],"damage_taken":[{"damage":1.0,"enemies":"Cultist","floor":1.0,"turns":4.0},{"damage":1.0,"enemies":"Jaw Worm","floor":2.0,"turns":3.0},{"damage":1.0,"enemies":"Small Slimes","floor":3.0,"turns":4.0},{"damage":3.0,"enemies":"3 Louse","floor":5.0,"turns":6.0},{"damage":18.0,"enemies":"3 Sentries","floor":6.0,"turns":8.0},{"damage":60,"enemies":"Lagavulin","floor":10,"turns":13},{"damage":26,"enemies":"Gremlin Nob","floor":12,"turns":6},{"damage":5,"enemies":"Blue Slaver","floor":14,"turns":2},{"damage":31,"enemies":"The Guardian","floor":16,"turns":13},{"damage":0,"enemies":"Chosen","floor":18,"turns":4},{"damage":0,"enemies":"2 Thieves","floor":19,"turns":2},{"damage":17,"enemies":"Snecko","floor":21,"turns":6},{"damage":12,"enemies":"Snake Plant","floor":22,"turns":5},{"damage":47,"enemies":"Gremlin Leader","floor":23,"turns":8}],"event_choices":[{"event_name":"Living Wall","player_choice":"Forget","floor":4.0,"damage_taken":0.0},{"event_name":"Big Fish","player_choice":"Banana","floor":7.0,"damage_taken":0.0}],"boss_relics":[{"not_picked":["Pandora\u0027s Box","Calling Bell"],"picked":"Astrolabe"}],"potions_floor_spawned":[1,10,14,18,19],"seed_played":"-3088963815850422558","killed_by":"Gremlin Leader","ascension_level":8,"is_trial":false}