{"gold_per_floor":[115,127,127,15,29,29,129,148,172,195,195,238,257,432,432,552,552,568,96,117,117,140,176,176,176,226,247,297,309,335,366,378,390],"floor_reached":33,"playtime":1028,"items_purged":["Bash","Doubt"],"score":282,"play_id":"bce83531-33fa-44b6-8541-649114bef528","local_time":"20190717004329","is_ascension_mode":true,"campfire_choices":[{"data":"Corruption","floor":6,"key":"SMITH"},{"data":"Armaments","floor":11,"key":"SMITH"},{"data":"Fire Breathing","floor":15,"key":"SMITH"},{"data":"Limit Break","floor":25,"key":"SMITH"},{"floor":29,"key":"REST"},{"floor":32,"key":"REST"}],"neow_cost":"NONE","seed_source_timestamp":475877096141365,"circlet_count":0,"master_deck":["Strike_R","Strike_R","Strike_R","Strike_R","Defend_R","Defend_R","Defend_R","Defend_R","Flame Barrier","Fire Breathing+1","Corruption+1","Metallicize","Pommel Strike","Armaments+1","Inflame","Limit Break+1","Rampage","Armaments","Heavy Blade","Rage","Limit Break","Sword Boomerang+1","Twin Strike+1","Inflame+1","Barricade","Pummel+1","Pommel Strike+1"],"relics":["Burning Blood","NeowsBlessing","Golden Idol","Bronze Scales","Oddly Smooth Stone","Orrery","Shovel","Self Forming Clay","Bag of Marbles","MawBank"],"potions_floor_usage":[8,16,16,23,23,31],"damage_taken":[{"damage":0,"enemies":"Cultist","floor":1,"turns":1},{"damage":0,"enemies":"Small Slimes","floor":2,"turns":1},{"damage":0,"enemies":"Jaw Worm","floor":5,"turns":1},{"damage":7,"enemies":"Large Slime","floor":8,"turns":8},{"damage":0,"enemies":"Blue Slaver","floor":10,"turns":5},{"damage":5,"enemies":"Lagavulin","floor":12,"turns":12},{"damage":6,"enemies":"Red Slaver","floor":13,"turns":5},{"damage":29,"enemies":"Hexaghost","floor":16,"turns":9},{"damage":16,"enemies":"Shell Parasite","floor":18,"turns":7},{"damage":5,"enemies":"3 Byrds","floor":20,"turns":3},{"damage":21,"enemies":"Snake Plant","floor":22,"turns":4},{"damage":39,"enemies":"Book of Stabbing","floor":23,"turns":5},{"damage":38,"enemies":"3 Cultists","floor":27,"turns":6},{"damage":16,"enemies":"Shelled Parasite and Fungi","floor":30,"turns":5},{"damage":15,"enemies":"Snecko","floor":31,"turns":5},{"damage":42,"enemies":"Collector","floor":33,"turns":4}],"seed_played":"-7834619398107139620","potions_obtained":[{"floor":1,"key":"Swift Potion"},{"floor":8,"key":"LiquidBronze"},{"floor":10,"key":"GamblersBrew"},{"floor":12,"key":"LiquidBronze"},{"floor":18,"key":"BloodPotion"},{"floor":27,"key":"Swift Potion"}],"is_trial":false,"path_per_floor":["M","M","?","$","M","R","?","M","T","M","R","E","M","?","R","B",null,"M","$","M","?","M","E","?","R","T","M","T","R","M","M","R","B"],"character_chosen":"IRONCLAD","items_purchased":["Corruption","Limit Break","Shovel"],"campfire_rested":2,"item_purchase_floors":[4,19,19],"current_hp_per_floor":[80,80,60,60,66,66,66,65,65,71,71,72,72,72,72,49,80,70,70,71,71,56,43,43,43,43,11,11,35,25,16,40,0],"gold":390,"neow_bonus":"THREE_ENEMY_KILL","is_prod":false,"is_daily":false,"chose_seed":false,"campfire_upgraded":4,"win_rate":0,"timestamp":1563342209,"path_taken":["M","?","?","$","M","R","?","M","T","?","R","E","M","?","R","BOSS","M","$","M","?","M","E","?","R","T","?","?","R","M","M","R","BOSS"],"build_version":"2019-07-05","purchased_purges":2,"victory":false,"max_hp_per_floor":[80,80,80,80,80,80,80,80,80,80,80,80,80,80,80,80,80,80,80,80,80,80,80,80,80,80,80,80,80,80,80,80,80],"card_choices":[{"not_picked":["Uppercut","Feel No Pain"],"picked":"Flame Barrier","floor":1},{"not_picked":["Flex","Infernal Blade"],"picked":"Fire Breathing","floor":2},{"not_picked":["Warcry","Thunderclap"],"picked":"Metallicize","floor":5},{"not_picked":["Iron Wave","Body Slam"],"picked":"Pommel Strike","floor":8},{"not_picked":["Clothesline","Thunderclap"],"picked":"Armaments","floor":10},{"not_picked":["Clash","Shrug It Off"],"picked":"Inflame","floor":12},{"not_picked":["Dual Wield","Entrench","Body Slam"],"picked":"SKIP","floor":13},{"not_picked":["Bludgeon","Brutality"],"picked":"Limit Break","floor":16},{"not_picked":["Hemokinesis","Armaments"],"picked":"Rampage","floor":17},{"not_picked":["True Grit","Anger"],"picked":"Armaments","floor":17},{"not_picked":["Clothesline","Intimidate"],"picked":"Heavy Blade","floor":17},{"not_picked":["Reckless Charge","Perfected Strike"],"picked":"Rage","floor":18},{"not_picked":["Clothesline","Hemokinesis"],"picked":"Sword Boomerang+1","floor":20},{"not_picked":["Wild Strike","Clash"],"picked":"Twin Strike+1","floor":22},{"not_picked":["Rampage+1","Warcry+1"],"picked":"Inflame+1","floor":23},{"not_picked":["Twin Strike","Heavy Blade+1"],"picked":"Barricade","floor":27},{"not_picked":["Warcry","Armaments"],"picked":"Pummel+1","floor":30},{"not_picked":["Cleave","Clash+1"],"picked":"Pommel Strike+1","floor":31}],"player_experience":101974,"relics_obtained":[{"floor":9,"key":"Bronze Scales"},{"floor":12,"key":"Oddly Smooth Stone"},{"floor":23,"key":"Self Forming Clay"},{"floor":26,"key":"Bag of Marbles"},{"floor":28,"key":"MawBank"}],"event_choices":[{"damage_healed":0,"gold_gain":0,"player_choice":"Take Damage","damage_taken":20,"relics_obtained":["Golden Idol"],"max_hp_gain":0,"max_hp_loss":0,"event_name":"Golden Idol","floor":3,"gold_loss":0},{"damage_healed":0,"gold_gain":100,"player_choice":"Gold","damage_taken":0,"max_hp_gain":0,"max_hp_loss":0,"event_name":"Wheel of Change","floor":7,"gold_loss":0},{"damage_healed":0,"gold_gain":175,"player_choice":"AGREE","damage_taken":0,"max_hp_gain":0,"max_hp_loss":0,"event_name":"Liars Game","floor":14,"gold_loss":0,"cards_obtained":["Doubt"]},{"cards_removed":["Strike_R"],"damage_healed":0,"gold_gain":0,"player_choice":"Elegance","damage_taken":0,"max_hp_gain":0,"max_hp_loss":0,"event_name":"Back to Basics","floor":21,"gold_loss":0},{"damage_healed":0,"gold_gain":0,"player_choice":"Ignored","damage_taken":0,"max_hp_gain":0,"max_hp_loss":0,"event_name":"Transmorgrifier","floor":24,"gold_loss":0}],"is_beta":false,"boss_relics":[{"not_picked":["Runic Pyramid","Ectoplasm"],"picked":"Orrery"}],"items_purged_floors":[4,19],"is_endless":false,"potions_floor_spawned":[1,8,10,12,18,27],"killed_by":"Collector","ascension_level":1}