{"gold_per_floor":[115,133,147,162,30,30,55,55,55,73,73,73,84,84],"floor_reached":14,"playtime":290,"items_purged":[],"score":184,"play_id":"99a5b6b0-f717-43e6-98a9-d1782726b97a","local_time":"20190226103333","is_ascension_mode":true,"campfire_choices":[{"data":"Zap","floor":6,"key":"SMITH"},{"data":"Redo","floor":8,"key":"SMITH"},{"data":"Redo","floor":11,"key":"SMITH"}],"neow_cost":"NONE","seed_source_timestamp":1551284004803566,"circlet_count":0,"master_deck":["AscendersBane","Strike_B","Strike_B","Strike_B","Strike_B","Defend_B","Defend_B","Defend_B","Defend_B","Zap+1","Dualcast+1","Redo+1","Self Repair","Redo+1","Ball Lightning","Melter"],"relics":["Cracked Core","WingedGreaves","Incense Burner"],"potions_floor_usage":[7,7],"damage_taken":[{"damage":19,"enemies":"Jaw Worm","floor":1,"turns":4},{"damage":1,"enemies":"Cultist","floor":2,"turns":3},{"damage":0,"enemies":"2 Louse","floor":3,"turns":2},{"damage":42,"enemies":"Exordium Thugs","floor":4,"turns":4},{"damage":26,"enemies":"Lagavulin","floor":7,"turns":5},{"damage":1,"enemies":"2 Fungi Beasts","floor":10,"turns":2},{"damage":9,"enemies":"Large Slime","floor":13,"turns":5},{"damage":15,"enemies":"3 Sentries","floor":14,"turns":2}],"seed_played":"5454549891308368478","potions_obtained":[{"floor":1,"key":"Dexterity Potion"},{"floor":3,"key":"Regen Potion"}],"is_trial":false,"path_per_floor":["M","M","M","M","$","R","E","R","T","M","R","?","M","E"],"character_chosen":"DEFECT","items_purchased":["Ball Lightning","Melter"],"campfire_rested":0,"item_purchase_floors":[5,5],"current_hp_per_floor":[45,51,58,23,23,23,16,16,16,15,15,15,13,0],"gold":84,"neow_bonus":"THREE_CARDS","is_prod":false,"is_daily":false,"chose_seed":false,"campfire_upgraded":3,"win_rate":0,"timestamp":1551173613,"path_taken":["M","M","M","M","$","R","E","R","T","M","R","?","?","E"],"build_version":"2019-01-23","purchased_purges":0,"victory":false,"max_hp_per_floor":[71,71,71,71,71,71,71,71,71,71,71,71,71,71],"card_choices":[{"not_picked":["Steam Power","Hello World"],"picked":"Redo","floor":0},{"not_picked":["Scrape","Chill"],"picked":"Self Repair","floor":1},{"not_picked":["Hello World","Turbo"],"picked":"Redo","floor":2},{"not_picked":["Gash","Cold Snap","Redo"],"picked":"SKIP","floor":3},{"not_picked":["Auto Shields","Gash","Rip and Tear"],"picked":"SKIP","floor":4},{"not_picked":["Self Repair","Tempest","Consume"],"picked":"SKIP","floor":7},{"not_picked":["Go for the Eyes","Turbo","Compile Driver"],"picked":"SKIP","floor":10},{"not_picked":["Sunder","Genetic Algorithm","White Noise"],"picked":"SKIP","floor":13}],"player_experience":906315,"relics_obtained":[{"floor":7,"key":"WingedGreaves"},{"floor":9,"key":"Incense Burner"}],"event_choices":[{"damage_healed":0,"gold_gain":0,"player_choice":"Forge","damage_taken":0,"max_hp_gain":0,"max_hp_loss":0,"event_name":"Accursed Blacksmith","floor":12,"gold_loss":0,"cards_upgraded":["Dualcast"]}],"is_beta":false,"boss_relics":[],"items_purged_floors":[],"is_endless":false,"potions_floor_spawned":[1,3,4],"killed_by":"3 Sentries","ascension_level":20}