{"gold_per_floor":[112,132,132,132,63,63,97,107,107,120,153,153,153,8,8,82,82,98,98,109,134,166,166,177,194,194,18,18,18,18,30,30,104,104,115,70,122,134,134],"floor_reached":39,"playtime":1222,"items_purged":["Strike_B","Strike_B"],"score":680,"play_id":"26549ca4-0c56-4bbf-9b4d-aa5aa050ecb9","local_time":"20190111182258","is_ascension_mode":true,"campfire_choices":[{"data":"Zap","floor":6.0,"key":"SMITH"},{"data":"Defragment","floor":12.0,"key":"SMITH"},{"data":"Redo","floor":15.0,"key":"SMITH"},{"data":"Coolheaded","floor":23,"key":"SMITH"},{"data":"Dualcast","floor":28,"key":"SMITH"},{"data":"1","floor":32,"key":"LIFT"}],"neow_cost":"NONE","seed_source_timestamp":376369973726540,"circlet_count":0,"master_deck":["AscendersBane","Strike_B","Strike_B","Defend_B","Defend_B","Defend_B","Defend_B","Zap+1","Dualcast+1","Compile Driver","Coolheaded+1","Defragment+1","Steam+1","Coolheaded+1","Redo+1","Loop+1","Electrodynamics+1","Ball Lightning","Chill+1","Double Energy+1","Heatsinks+1","Buffer+1","Fission","Static Discharge+1","Compile Driver"],"special_seed":0,"relics":["Cracked Core","NeowsBlessing","Darkstone Periapt","Frozen Egg 2","Girya","Coffee Dripper","Juzu Bracelet","Red Mask","PreservedInsect","Nuclear Battery","Unceasing Top"],"potions_floor_usage":[31,37],"damage_taken":[{"damage":0.0,"enemies":"Small Slimes","floor":1.0,"turns":1.0},{"damage":0.0,"enemies":"Cultist","floor":2.0,"turns":1.0},{"damage":0.0,"enemies":"3 Sentries","floor":7.0,"turns":1.0},{"damage":5.0,"enemies":"Jaw Worm","floor":8.0,"turns":3.0},{"damage":0.0,"enemies":"Blue Slaver","floor":10.0,"turns":3.0},{"damage":26.0,"enemies":"Lagavulin","floor":11.0,"turns":8.0},{"damage":16.0,"enemies":"Hexaghost","floor":16.0,"turns":13.0},{"damage":0.0,"enemies":"3 Byrds","floor":18.0,"turns":2.0},{"damage":0.0,"enemies":"Spheric Guardian","floor":20.0,"turns":2.0},{"damage":1.0,"enemies":"Masked Bandits","floor":22.0,"turns":2.0},{"damage":14,"enemies":"Shelled Parasite and Fungi","floor":24,"turns":5},{"damage":7,"enemies":"Snake Plant","floor":25,"turns":3},{"damage":0,"enemies":"Cultist and Chosen","floor":31,"turns":5},{"damage":7,"enemies":"Collector","floor":33,"turns":9},{"damage":0,"enemies":"Orb Walker","floor":35,"turns":4},{"damage":24,"enemies":"2 Orb Walkers","floor":37,"turns":5},{"damage":20,"enemies":"3 Shapes","floor":38,"turns":5},{"damage":36,"enemies":"Maw","floor":39,"turns":8}],"seed_played":"8787990482304199650","potions_obtained":[{"floor":2.0,"key":"AttackPotion"},{"floor":7.0,"key":"GamblersBrew"},{"floor":8.0,"key":"Swift Potion"},{"floor":18.0,"key":"AttackPotion"},{"floor":20.0,"key":"SkillPotion"},{"floor":37,"key":"Block Potion"}],"is_trial":false,"path_per_floor":["M","M","?","?","$","R","E","M","T","M","E","R","?","$","R","B",null,"M","?","M","T","?","R","M","M","T","$","R","$","?","M","R","B",null,"M","$","?","M","M"],"character_chosen":"DEFECT","items_purchased":["Defragment","Loop+1","Heatsinks+1","Compile Driver"],"campfire_rested":0,"item_purchase_floors":[5,14,27,36],"current_hp_per_floor":[68,68,68,73,73,73,73,68,68,68,42,42,42,42,42,26,67,67,67,67,67,66,66,52,45,45,45,45,45,45,45,45,38,70,70,70,46,26,0],"gold":134,"neow_bonus":"THREE_ENEMY_KILL","is_prod":false,"is_daily":false,"chose_seed":false,"campfire_upgraded":5,"win_rate":0,"timestamp":1547227378,"path_taken":["M","M","?","?","$","R","E","M","T","M","E","R","?","$","R","BOSS","M","?","?","?","?","R","M","M","T","?","R","$","?","M","R","BOSS","M","$","?","M","M"],"build_version":"2019-01-10","purchased_purges":2,"victory":false,"max_hp_per_floor":[75,75,75,80,80,80,80,80,80,80,80,80,80,80,80,80,80,80,80,80,80,80,80,80,80,80,80,80,80,80,80,80,80,80,80,80,80,80,80],"card_choices":[{"not_picked":["Gash","Turbo"],"picked":"Compile Driver","floor":1.0},{"not_picked":["Gash","Storm"],"picked":"Coolheaded","floor":2.0},{"not_picked":["Reinforced Body","Reprogram","Storm"],"picked":"SKIP","floor":7.0},{"not_picked":["All For One","Beam Cell"],"picked":"Steam","floor":8.0},{"not_picked":["Leap","Consume"],"picked":"Coolheaded","floor":10.0},{"not_picked":["Chaos","Echo Form+1"],"picked":"Redo","floor":11.0},{"not_picked":["Reboot","Core Surge"],"picked":"Electrodynamics+1","floor":16.0},{"not_picked":["Steam","Streamline"],"picked":"Ball Lightning","floor":18.0},{"not_picked":["BootSequence","Hologram","Turbo"],"picked":"SKIP","floor":20.0},{"not_picked":["White Noise","Genetic Algorithm"],"picked":"Chill+1","floor":22.0},{"not_picked":["Scrape","Leap+1"],"picked":"Double Energy+1","floor":24},{"not_picked":["Redo","Rebound+1","Steam Power"],"picked":"SKIP","floor":25},{"not_picked":["Go for the Eyes+1","Beam Cell"],"picked":"Buffer+1","floor":31},{"not_picked":["Meteor Strike","Electrodynamics+1"],"picked":"Fission","floor":33},{"not_picked":["Steam","Conserve Battery"],"picked":"Static Discharge+1","floor":35},{"not_picked":["Aggregate","Skim","Chill"],"picked":"SKIP","floor":38}],"player_experience":699881,"relics_obtained":[{"floor":7.0,"key":"Darkstone Periapt"},{"floor":9.0,"key":"Frozen Egg 2"},{"floor":11.0,"key":"Girya"},{"floor":21.0,"key":"Juzu Bracelet"},{"floor":22.0,"key":"Red Mask"},{"floor":26,"key":"PreservedInsect"},{"floor":37,"key":"Unceasing Top"}],"event_choices":[{"damage_healed":0.0,"max_hp_gain":0.0,"max_hp_loss":0.0,"gold_gain":0.0,"event_name":"Liars Game","player_choice":"Ignored","floor":3.0,"gold_loss":0.0,"damage_taken":0.0},{"damage_healed":0.0,"max_hp_gain":5.0,"max_hp_loss":0.0,"gold_gain":0.0,"event_name":"Big Fish","player_choice":"Donut","floor":4.0,"gold_loss":0.0,"damage_taken":0.0},{"damage_healed":0.0,"max_hp_gain":0.0,"max_hp_loss":0.0,"gold_gain":0.0,"event_name":"Match and Keep!","player_choice":"0 cards matched","floor":13.0,"gold_loss":0.0,"damage_taken":0.0,"cards_obtained":[]},{"damage_healed":0.0,"max_hp_gain":0.0,"max_hp_loss":0.0,"gold_gain":0.0,"event_name":"Upgrade Shrine","player_choice":"Upgraded","floor":19.0,"gold_loss":0.0,"damage_taken":0.0,"cards_upgraded":["Coolheaded"]},{"damage_healed":0.0,"max_hp_gain":0.0,"max_hp_loss":0.0,"gold_gain":0.0,"event_name":"Masked Bandits","player_choice":"Fought Bandits","floor":22.0,"gold_loss":0.0,"damage_taken":0.0},{"damage_healed":0,"gold_gain":0,"player_choice":"Upgraded","damage_taken":0,"max_hp_gain":0,"max_hp_loss":0,"event_name":"Upgrade Shrine","floor":30,"gold_loss":0,"cards_upgraded":["Steam"]},{"damage_healed":0,"gold_gain":0,"player_choice":"Fight","damage_taken":0,"max_hp_gain":0,"max_hp_loss":0,"event_name":"Mysterious Sphere","floor":37,"gold_loss":0}],"is_beta":false,"boss_relics":[{"not_picked":["Runic Pyramid","Busted Crown"],"picked":"Coffee Dripper"},{"not_picked":["Calling Bell","White Beast Statue"],"picked":"Nuclear Battery"}],"items_purged_floors":[14,27],"is_endless":false,"potions_floor_spawned":[2,7,8,11,18,20,25,37],"killed_by":"Maw","ascension_level":13}