{"path_per_floor":["M","?","?","M","M","E","R","M","T","?","R","M","?","$","R","B",null,"M","T","M"],"character_chosen":"IRONCLAD","items_purchased":[],"gold_per_floor":[113,113,113,126,150,483,483,496,520,520,520,535,485,410,410,531,531,545,569,583],"floor_reached":21,"campfire_rested":1,"playtime":729,"current_hp_per_floor":[78,78,58,64,70,56,56,46,46,46,70,66,66,66,66,23,64,39,39,33],"items_purged":["Strike_R"],"gold":583,"score":277,"play_id":"c4971afc-9d83-44db-bd13-0553d5f0dd1e","local_time":"20180312013717","is_prod":false,"is_daily":false,"is_ascension_mode":true,"campfire_upgraded":2,"timestamp":1520815037,"path_taken":["M","?","?","M","?","E","R","M","T","?","R","M","?","$","R","BOSS","M","?","M","?"],"build_version":"2018-03-09","purchased_purges":1,"victory":false,"master_deck":["Strike_R+1","Strike_R","Strike_R","Strike_R","Defend_R","Defend_R","Defend_R","Defend_R","Bash+1","Inflame+1","Warcry+1","Shrug It Off","Double Tap","Cleave+1"],"max_hp_per_floor":[80,80,80,80,80,80,80,80,80,80,80,80,77,77,77,77,77,77,77,77],"relics":["Burning Blood","NeowsBlessing","Golden Idol","Old Coin","Whetstone","Sozu","Bag of Preparation"],"card_choices":[{"not_picked":["Power Through","Heavy Blade"],"picked":"Inflame"},{"not_picked":["Carnage","Hemokinesis"],"picked":"Warcry"},{"not_picked":["Bludgeon","Iron Wave"],"picked":"Shrug It Off"},{"not_picked":["Dark Embrace","Impervious"],"picked":"Double Tap"},{"not_picked":["Warcry","Flex"],"picked":"Cleave"}],"player_experience":387997,"potions_floor_usage":[6,6,6,8,16],"damage_taken":[{"damage":0,"enemies":"Small Slimes","floor":1,"turns":1},{"damage":0,"enemies":"Cultist","floor":4,"turns":1},{"damage":0,"enemies":"2 Louse","floor":5,"turns":1},{"damage":20,"enemies":"Lagavulin","floor":6,"turns":5},{"damage":16,"enemies":"Exordium Wildlife","floor":8,"turns":6},{"damage":10,"enemies":"2 Fungi Beasts","floor":12,"turns":3},{"damage":49,"enemies":"The Guardian","floor":16,"turns":13},{"damage":31,"enemies":"2 Thieves","floor":18,"turns":4},{"damage":12,"enemies":"3 Byrds","floor":20,"turns":5},{"damage":35,"enemies":"Sentry and Sphere","floor":21,"turns":5}],"event_choices":[{"event_name":"The Lab","player_choice":"Got Potions","floor":2,"damage_taken":0},{"event_name":"Golden Idol","player_choice":"Take Damage","floor":3,"damage_taken":0},{"event_name":"Liars Game","player_choice":"disagreed","floor":10,"damage_taken":0},{"event_name":"The Cleric","player_choice":"Card Removal","floor":13,"damage_taken":0}],"boss_relics":[{"not_picked":["Runic Cube","Cursed Key"],"picked":"Sozu"}],"potions_floor_spawned":[1,6,8],"seed_played":"-1351566375177203784","killed_by":"Sentry and Sphere","ascension_level":11,"is_trial":false}