{"gold_per_floor":[110,124,124,135,155,155,155,190,240,240,240,240],"floor_reached":12,"playtime":306,"items_purged":[],"score":86,"play_id":"376de573-a8a0-454d-8c87-c483eea692c1","local_time":"20190630201031","is_ascension_mode":true,"campfire_choices":[{"data":"Dual Wield","floor":6,"key":"SMITH"},{"data":"Carnage","floor":10,"key":"SMITH"}],"neow_cost":"NONE","seed_source_timestamp":1478815877668383,"circlet_count":0,"master_deck":["Strike_R","Strike_R+1","Strike_R","Strike_R","Strike_R","Defend_R","Defend_R","Defend_R+1","Defend_R","Bash","Dual Wield+1","Carnage+1"],"relics":["Burning Blood","Mummified Hand","Art of War","Golden Idol"],"potions_floor_usage":[8],"damage_taken":[{"damage":1,"enemies":"Cultist","floor":1,"turns":3},{"damage":7,"enemies":"Small Slimes","floor":2,"turns":4},{"damage":4,"enemies":"2 Louse","floor":4,"turns":3},{"damage":21,"enemies":"Looter","floor":5,"turns":4},{"damage":49,"enemies":"Lagavulin","floor":8,"turns":8},{"damage":15,"enemies":"Lots of Slimes","floor":12,"turns":2}],"seed_played":"-6991056489889485851","potions_obtained":[{"floor":4,"key":"Ancient Potion"},{"floor":5,"key":"FearPotion"}],"is_trial":false,"path_per_floor":["M","M","$","M","M","R","?","E","T","R","?","M"],"character_chosen":"IRONCLAD","items_purchased":[],"campfire_rested":0,"item_purchase_floors":[],"current_hp_per_floor":[88,87,87,88,73,73,55,12,12,12,12,0],"gold":240,"neow_bonus":"TEN_PERCENT_HP_BONUS","is_prod":false,"is_daily":false,"chose_seed":false,"campfire_upgraded":2,"win_rate":0,"timestamp":1561939831,"path_taken":["M","?","$","M","M","R","?","E","T","R","?","M"],"build_version":"2019-01-23","purchased_purges":0,"victory":false,"max_hp_per_floor":[88,88,88,88,88,88,88,88,88,88,81,81],"card_choices":[{"not_picked":["Clash","Uppercut","Havoc"],"picked":"SKIP","floor":1},{"not_picked":["Perfected Strike","Sword Boomerang","Twin Strike"],"picked":"SKIP","floor":2},{"not_picked":["Flame Barrier","Searing Blow"],"picked":"Dual Wield","floor":4},{"not_picked":["Armaments","Shrug It Off","Rupture"],"picked":"SKIP","floor":5},{"not_picked":["Pommel Strike","Dropkick"],"picked":"Carnage","floor":8}],"player_experience":84065,"relics_obtained":[{"floor":8,"key":"Mummified Hand"},{"floor":9,"key":"Art of War"}],"event_choices":[{"damage_healed":0,"gold_gain":0,"player_choice":"Entered Light","damage_taken":18,"max_hp_gain":0,"max_hp_loss":0,"event_name":"Shining Light","floor":7,"gold_loss":0,"cards_upgraded":["Defend_R","Strike_R"]},{"damage_healed":0,"gold_gain":0,"player_choice":"Lose Max HP","damage_taken":0,"relics_obtained":["Golden Idol"],"max_hp_gain":0,"max_hp_loss":7,"event_name":"Golden Idol","floor":11,"gold_loss":0}],"is_beta":false,"boss_relics":[],"items_purged_floors":[],"is_endless":false,"potions_floor_spawned":[4,5],"killed_by":"Lots of Slimes","ascension_level":2}