{"gold_per_floor":[214,214,228,243,119,119,119,119,119,119,157,170,135,135,135,261,261,275,275,190,190,206,206],"floor_reached":23,"playtime":650,"items_purged":["Defend_B"],"score":299,"play_id":"4259c7bb-b397-40ab-b2ee-df66c543975a","local_time":"20180811111620","is_ascension_mode":true,"campfire_choices":[{"data":"Zap","floor":6,"key":"SMITH"},{"data":"Dualcast","floor":8,"key":"SMITH"},{"floor":10,"key":"REST"},{"data":"Rainbow","floor":15,"key":"SMITH"}],"neow_cost":"NONE","seed_source_timestamp":580656084911840,"circlet_count":0,"master_deck":["Strike_B","Strike_B","Strike_B","Strike_B","Defend_B","Defend_B","Defend_B","Zap+1","Dualcast+1","AscendersBane","Cold Snap","Conserve Battery","Beam Cell+1","Coolheaded","Rainbow+1","Creative AI","Melter"],"special_seed":0,"relics":["Cracked Core","Golden Idol","Blue Candle","Smiling Mask","FaceOfCleric","Sozu","Frozen Egg 2"],"potions_floor_usage":[3,16],"damage_taken":[{"damage":4.0,"enemies":"Jaw Worm","floor":1.0,"turns":4.0},{"damage":7,"enemies":"2 Louse","floor":3,"turns":3},{"damage":7,"enemies":"Small Slimes","floor":4,"turns":3},{"damage":39,"enemies":"Lagavulin","floor":11,"turns":7},{"damage":6,"enemies":"Exordium Thugs","floor":12,"turns":4},{"damage":7,"enemies":"Hexaghost","floor":16,"turns":9},{"damage":11,"enemies":"3 Byrds","floor":18,"turns":5},{"damage":10,"enemies":"Chosen","floor":22,"turns":5},{"damage":70,"enemies":"Book of Stabbing","floor":23,"turns":6}],"seed_played":"4430202274890638170","potions_obtained":[{"floor":1.0,"key":"SteroidPotion"},{"floor":12,"key":"GamblersBrew"}],"is_trial":false,"path_per_floor":["M","?","M","M","$","R","?","R","T","R","E","M","?","?","R","B",null,"M","?","?","?","M"],"character_chosen":"DEFECT","items_purchased":["Beam Cell"],"campfire_rested":1,"item_purchase_floors":[5],"current_hp_per_floor":[64,64,57,50,50,50,50,50,50,69,30,24,24,24,24,18,57,47,47,47,70,61,0],"gold":206,"neow_bonus":"HUNDRED_GOLD","is_prod":false,"is_daily":false,"chose_seed":false,"campfire_upgraded":3,"win_rate":0,"timestamp":1533978980,"path_taken":["M","?","M","M","$","R","?","R","T","R","E","M","?","?","R","BOSS","M","?","?","?","M","E"],"build_version":"2018-08-09","purchased_purges":1,"victory":false,"max_hp_per_floor":[75,69,69,69,69,69,69,69,69,69,69,69,69,69,69,70,70,71,71,71,71,72,72],"card_choices":[{"not_picked":["Undo","Recycle"],"picked":"Cold Snap","floor":1.0},{"not_picked":["Auto Shields","Tempest"],"picked":"Conserve Battery","floor":3},{"not_picked":["Rebound","Hologram","Turbo"],"picked":"SKIP","floor":4},{"not_picked":["Heatsinks","Hello World"],"picked":"Coolheaded","floor":11},{"not_picked":["Rebound","Turbo"],"picked":"Rainbow","floor":12},{"not_picked":["Rainbow","Amplify"],"picked":"Creative AI","floor":16},{"not_picked":["FTL","Gash"],"picked":"Melter","floor":18},{"not_picked":["Cold Snap","Rebound","Sweeping Beam"],"picked":"SKIP","floor":22}],"player_experience":623440,"relics_obtained":[{"floor":9,"key":"Blue Candle"},{"floor":11,"key":"Smiling Mask"}],"event_choices":[{"event_name":"Golden Idol","player_choice":"Lose Max HP","floor":2.0,"damage_taken":0.0},{"event_name":"Upgrade Shrine","player_choice":"Upgraded","floor":7,"damage_taken":0},{"event_name":"World of Goop","player_choice":"Left","floor":13,"damage_taken":0},{"event_name":"FaceTrader","player_choice":"Trade","floor":14,"damage_taken":0},{"event_name":"Ghosts","player_choice":"Ignored","floor":19,"damage_taken":0},{"event_name":"Addict","player_choice":"Obtained Relic","floor":20,"damage_taken":0},{"event_name":"The Library","player_choice":"Heal","floor":21,"damage_taken":0}],"is_beta":false,"boss_relics":[{"not_picked":["FrozenCore","Tiny House"],"picked":"Sozu"}],"items_purged_floors":[5],"is_endless":false,"potions_floor_spawned":[1,12,18],"killed_by":"Book of Stabbing","ascension_level":12}