{"gold_per_floor":[18,33,33,33,33,33,33,68,148,164,15,15,15,29,29,29],"floor_reached":16,"playtime":393,"items_purged":[],"score":103,"play_id":"c947548e-ea76-42fc-9389-0eacfdacd690","local_time":"20190109212138","is_ascension_mode":true,"campfire_choices":[{"data":"Bash","floor":6.0,"key":"SMITH"},{"data":"Spot Weakness","floor":12.0,"key":"SMITH"},{"data":"Fiend Fire","floor":15,"key":"SMITH"}],"neow_cost":"NO_GOLD","seed_source_timestamp":259102409308244,"circlet_count":0,"master_deck":["Strike_R","Strike_R","Strike_R","Strike_R","Defend_R+1","Defend_R","Defend_R","Defend_R+1","Bash+1","Fiend Fire+1","Spot Weakness+1","Thunderclap"],"special_seed":0,"relics":["Burning Blood","Golden Idol","Dodecahedron","Meat on the Bone","PreservedInsect"],"potions_floor_usage":[],"damage_taken":[{"damage":11.0,"enemies":"Jaw Worm","floor":1.0,"turns":2.0},{"damage":1.0,"enemies":"2 Louse","floor":2.0,"turns":3.0},{"damage":20.0,"enemies":"3 Sentries","floor":8.0,"turns":8.0},{"damage":0.0,"enemies":"Small Slimes","floor":10.0,"turns":3.0},{"damage":12,"enemies":"Exordium Wildlife","floor":14,"turns":4},{"damage":49,"enemies":"Hexaghost","floor":16,"turns":9}],"seed_played":"5056861209008160619","potions_obtained":[{"floor":1.0,"key":"LiquidBronze"},{"floor":14,"key":"Poison Potion"}],"is_trial":false,"path_per_floor":["M","M","?","?","?","R","?","E","T","M","$","R","$","M","R","B"],"character_chosen":"IRONCLAD","items_purchased":["PreservedInsect"],"campfire_rested":0,"item_purchase_floors":[11],"current_hp_per_floor":[75,80,60,53,37,37,37,23,23,41,41,41,41,47,47,0],"gold":29,"neow_bonus":"THREE_RARE_CARDS","is_prod":false,"is_daily":false,"chose_seed":false,"campfire_upgraded":3,"win_rate":0,"timestamp":1547065298,"path_taken":["M","M","?","?","?","R","?","E","T","M","$","R","$","M","R","BOSS"],"build_version":"2019-01-03v4","purchased_purges":0,"victory":false,"max_hp_per_floor":[80,80,80,80,80,80,80,80,80,80,80,80,80,80,80,80],"card_choices":[{"not_picked":["Berserk","Dark Embrace"],"picked":"Fiend Fire","floor":0.0},{"not_picked":["Power Through","Sever Soul","Sword Boomerang"],"picked":"SKIP","floor":1.0},{"not_picked":["Armaments","Sentinel","Dual Wield"],"picked":"SKIP","floor":2.0},{"not_picked":["Wild Strike","Cleave"],"picked":"Spot Weakness","floor":8.0},{"not_picked":["Intimidate","Cleave"],"picked":"Thunderclap","floor":10.0},{"not_picked":["Thunderclap","Feel No Pain","Sword Boomerang"],"picked":"SKIP","floor":14}],"player_experience":654343,"relics_obtained":[{"floor":8.0,"key":"Dodecahedron"},{"floor":9.0,"key":"Meat on the Bone"}],"event_choices":[{"damage_healed":0.0,"max_hp_gain":0.0,"max_hp_loss":0.0,"gold_gain":0.0,"event_name":"Golden Idol","player_choice":"Take Damage","floor":3.0,"gold_loss":0.0,"damage_taken":20.0,"relics_obtained":["Golden Idol"]},{"cards_removed":["Strike_R"],"damage_healed":0.0,"max_hp_gain":0.0,"max_hp_loss":0.0,"gold_gain":0.0,"event_name":"Golden Wing","player_choice":"Card Removal","floor":4.0,"gold_loss":0.0,"damage_taken":7.0},{"damage_healed":0.0,"max_hp_gain":0.0,"max_hp_loss":0.0,"gold_gain":0.0,"event_name":"Shining Light","player_choice":"Entered Light","floor":5.0,"gold_loss":0.0,"damage_taken":16.0,"cards_upgraded":["Defend_R","Defend_R"]},{"damage_healed":0.0,"max_hp_gain":0.0,"max_hp_loss":0.0,"gold_gain":0.0,"event_name":"Scrap Ooze","player_choice":"Fled","floor":7.0,"gold_loss":0.0,"damage_taken":0.0}],"is_beta":false,"boss_relics":[],"items_purged_floors":[],"is_endless":false,"potions_floor_spawned":[1,14],"killed_by":"Hexaghost","ascension_level":1}