{"gold_per_floor":[117,117,117,133,147,147,179,179,179,214,228,242,417,433,433,433],"floor_reached":16,"playtime":571,"items_purged":[],"score":112,"play_id":"bee686c5-055b-47bb-97cf-fcc6b893974d","local_time":"20190502213207","is_ascension_mode":false,"campfire_choices":[{"data":"Spot Weakness","floor":6,"key":"SMITH"},{"data":"Carnage","floor":8,"key":"SMITH"},{"floor":15,"key":"REST"}],"neow_cost":"TEN_PERCENT_HP_LOSS","seed_source_timestamp":432653644032506,"circlet_count":0,"master_deck":["Strike_R","Strike_R","Strike_R","Strike_R","Defend_R","Defend_R","Defend_R","Defend_R","Bash","Brutality","Cleave","Shrug It Off","Spot Weakness+1","Carnage+1","Heavy Blade","Doubt"],"relics":["Burning Blood","Frozen Egg 2","PreservedInsect","Bag of Preparation"],"potions_floor_usage":[7,12,14],"damage_taken":[{"damage":13,"enemies":"Jaw Worm","floor":1,"turns":4},{"damage":9,"enemies":"Small Slimes","floor":4,"turns":4},{"damage":6,"enemies":"2 Louse","floor":5,"turns":2},{"damage":32,"enemies":"3 Sentries","floor":7,"turns":8},{"damage":23,"enemies":"Lagavulin","floor":10,"turns":6},{"damage":3,"enemies":"Large Slime","floor":11,"turns":5},{"damage":5,"enemies":"Exordium Thugs","floor":12,"turns":4},{"damage":0,"enemies":"3 Louse","floor":14,"turns":2},{"damage":40,"enemies":"The Guardian","floor":16,"turns":7}],"seed_played":"-6447298306087303827","potions_obtained":[{"floor":1,"key":"Strength Potion"},{"floor":10,"key":"AttackPotion"},{"floor":11,"key":"SkillPotion"}],"is_trial":false,"path_per_floor":["M","?","?","M","M","R","E","R","T","E","M","M","?","M","R","B"],"character_chosen":"IRONCLAD","items_purchased":[],"campfire_rested":1,"item_purchase_floors":[],"current_hp_per_floor":[65,58,55,52,52,52,26,26,26,9,12,13,13,19,40,0],"gold":433,"neow_bonus":"THREE_RARE_CARDS","is_prod":false,"is_daily":false,"chose_seed":false,"campfire_upgraded":2,"win_rate":0,"timestamp":1556850727,"path_taken":["M","?","?","M","M","R","E","R","T","E","M","M","?","M","R","BOSS"],"build_version":"2019-01-23","purchased_purges":0,"victory":false,"max_hp_per_floor":[72,72,72,72,72,72,72,72,72,72,72,72,72,72,72,72],"card_choices":[{"not_picked":["Dark Embrace","Exhume"],"picked":"Brutality","floor":0},{"not_picked":["Intimidate","Warcry"],"picked":"Cleave","floor":1},{"not_picked":["Power Through","Sever Soul"],"picked":"Shrug It Off","floor":4},{"not_picked":["Warcry","Headbutt"],"picked":"Spot Weakness","floor":5},{"not_picked":["Sever Soul","Iron Wave"],"picked":"Carnage","floor":7},{"not_picked":["Sentinel","Pummel","Twin Strike"],"picked":"SKIP","floor":10},{"not_picked":["Flame Barrier","Armaments"],"picked":"Heavy Blade","floor":11},{"not_picked":["Burning Pact","Shrug It Off","Cleave"],"picked":"SKIP","floor":12},{"not_picked":["Corruption+1","Clash","Headbutt"],"picked":"SKIP","floor":14}],"player_experience":807371,"relics_obtained":[{"floor":7,"key":"PreservedInsect"},{"floor":10,"key":"Bag of Preparation"}],"event_choices":[{"cards_removed":["Strike_R"],"damage_healed":0,"gold_gain":0,"player_choice":"Card Removal","damage_taken":7,"max_hp_gain":0,"max_hp_loss":0,"event_name":"Golden Wing","floor":2,"gold_loss":0},{"damage_healed":0,"gold_gain":0,"player_choice":"Success","damage_taken":3,"relics_obtained":["Frozen Egg 2"],"max_hp_gain":0,"max_hp_loss":0,"event_name":"Scrap Ooze","floor":3,"gold_loss":0},{"damage_healed":0,"gold_gain":175,"player_choice":"AGREE","damage_taken":0,"max_hp_gain":0,"max_hp_loss":0,"event_name":"Liars Game","floor":13,"gold_loss":0,"cards_obtained":["Doubt"]}],"is_beta":false,"boss_relics":[],"items_purged_floors":[],"is_endless":false,"potions_floor_spawned":[1,10,11],"killed_by":"The Guardian","ascension_level":0}