{"path_per_floor":["M","?","$","M","?","R","E","$","T","R","?","E","R","E","R","B",null,"M","M","?","?","$","R"],"character_chosen":"THE_SILENT","items_purchased":["Glass Knife","Peace Pipe"],"gold_per_floor":[110,110,35,55,55,55,88,17,17,17,17,347,347,374,374,475,475,495,510,510,435,39,39],"floor_reached":24,"campfire_rested":1,"playtime":1279,"current_hp_per_floor":[63,63,63,63,51,51,34,34,34,34,34,26,64,36,36,27,65,61,63,63,63,63,63],"items_purged":["Parasite","Defend_G"],"gold":39,"score":312,"play_id":"0975037a-a415-498b-90a7-cb36a11e189e","is_prod":false,"is_daily":false,"is_ascension_mode":true,"campfire_upgraded":4,"path_taken":["M","?","$","M","?","R","E","$","T","R","?","E","R","E","R","BOSS","M","M","?","?","$","R","E"],"build_version":"2018-02-22-PROD2","purchased_purges":2,"victory":false,"master_deck":["Defend_G","Defend_G","Defend_G","Strike_G","Strike_G","Strike_G","Strike_G","Survivor","Neutralize+1","Dagger Throw","Noxious Fumes+1","Glass Knife+1","Prepared","Cloak And Dagger","Burst+1","Well Laid Plans+1","Prepared"],"max_hp_per_floor":[70,70,67,67,67,67,77,77,77,77,77,77,77,77,77,77,77,77,77,77,77,77,77],"relics":["Ring of the Snake","Regal Pillow","Pear","Blood Vial","Old Coin","Bag of Preparation","Sozu","Peace Pipe"],"card_choices":[{"not_picked":["Poisoned Stab","Expertise"],"picked":"Dagger Throw"},{"not_picked":["Sucker Punch","Dash"],"picked":"Noxious Fumes"},{"not_picked":["Distraction","Leg Sweep"],"picked":"Prepared"},{"not_picked":["Deflect","Prepared"],"picked":"Cloak And Dagger"},{"not_picked":["Bullet Time","Envenom"],"picked":"Burst"},{"not_picked":["Setup","Concentrate"],"picked":"Well Laid Plans"},{"not_picked":["Reflex","Malaise"],"picked":"Prepared"}],"player_experience":366396,"potions_floor_usage":[16],"damage_taken":[{"damage":0,"enemies":"2 Louse","floor":1,"turns":4},{"damage":0,"enemies":"Cultist","floor":4,"turns":4},{"damage":27,"enemies":"Gremlin Nob","floor":7,"turns":5},{"damage":10,"enemies":"3 Sentries","floor":12,"turns":6},{"damage":30,"enemies":"Lagavulin","floor":14,"turns":5},{"damage":11,"enemies":"The Guardian","floor":16,"turns":11},{"damage":6,"enemies":"3 Byrds","floor":18,"turns":5},{"damage":0,"enemies":"Shell Parasite","floor":19,"turns":6},{"damage":65,"enemies":"Book of Stabbing","floor":24,"turns":7}],"event_choices":[{"event_name":"The Woman in Blue","player_choice":"Bought 0 Potions","floor":2,"damage_taken":0},{"event_name":"Scrap Ooze","player_choice":"success","floor":5,"damage_taken":12},{"event_name":"Wheel of Change","player_choice":"Card Removal","floor":11,"damage_taken":0},{"event_name":"Drug Dealer","player_choice":"Ignored","floor":20,"damage_taken":0},{"event_name":"Beggar","player_choice":"Gave Gold","floor":21,"damage_taken":0}],"boss_relics":[{"not_picked":["Runic Pyramid","Astrolabe"],"picked":"Sozu"}],"potions_floor_spawned":[4,12,14,16,18],"seed_played":"-7771599230250171618","killed_by":"Book of Stabbing","ascension_level":10,"is_trial":false}