{"gold_per_floor":[114,57,67,26,26,60,60,76,103,103,121,121,121,131,131,208,208,224,224,65,65,85,120,120,133,133,133],"floor_reached":27,"playtime":603,"items_purged":["Strike_B"],"score":520,"play_id":"1184770a-7317-4fa3-9593-768e934f102d","local_time":"20190118094549","is_ascension_mode":true,"campfire_choices":[{"data":"Zap","floor":7.0,"key":"SMITH"},{"data":"Coolheaded","floor":13.0,"key":"SMITH"},{"data":"Storm","floor":15.0,"key":"SMITH"},{"data":"Capacitor","floor":24,"key":"SMITH"}],"neow_cost":"NONE","seed_source_timestamp":771245506092781,"circlet_count":0,"master_deck":["AscendersBane","Defend_B","Defend_B","Defend_B","Zap+1","Dualcast","Static Discharge","Coolheaded+1","Storm+1","Defragment+1","Conserve Battery","Capacitor+1","Thunder Strike","Rip and Tear","Rebound","Defragment","Heatsinks"],"special_seed":0,"relics":["Cracked Core","NeowsBlessing","Art of War","Strawberry","Empty Cage","Bottled Tornado","The Courier"],"potions_floor_usage":[23],"damage_taken":[{"damage":0.0,"enemies":"Cultist","floor":1.0,"turns":1.0},{"damage":0.0,"enemies":"2 Louse","floor":3.0,"turns":1.0},{"damage":0.0,"enemies":"Gremlin Nob","floor":6.0,"turns":1.0},{"damage":1.0,"enemies":"Small Slimes","floor":8.0,"turns":3.0},{"damage":5.0,"enemies":"Looter","floor":11.0,"turns":4.0},{"damage":0.0,"enemies":"2 Fungi Beasts","floor":14.0,"turns":3.0},{"damage":32.0,"enemies":"Hexaghost","floor":16.0,"turns":10.0},{"damage":0.0,"enemies":"Spheric Guardian","floor":18.0,"turns":3.0},{"damage":7.0,"enemies":"Chosen","floor":22.0,"turns":4.0},{"damage":0,"enemies":"Gremlin Leader","floor":23,"turns":6},{"damage":32,"enemies":"Centurion and Healer","floor":25,"turns":5},{"damage":12,"enemies":"Masked Bandits","floor":27,"turns":1}],"seed_played":"-1227792565496527119","potions_obtained":[{"floor":3.0,"key":"EssenceOfSteel"},{"floor":11.0,"key":"Block Potion"},{"floor":18.0,"key":"Explosive Potion"},{"floor":25,"key":"Dexterity Potion"}],"is_trial":false,"path_per_floor":["M","$","M","$","?","E","R","M","T","?","M","?","R","M","R","B",null,"M","?","$","?","M","E","R","M","T","?"],"character_chosen":"DEFECT","items_purchased":["Coolheaded","Defragment","Defragment"],"campfire_rested":0,"item_purchase_floors":[2,4,20],"current_hp_per_floor":[64,64,64,64,64,64,64,63,70,70,65,70,70,70,70,38,72,72,72,72,48,41,41,41,9,9,0],"gold":133,"neow_bonus":"THREE_ENEMY_KILL","is_prod":false,"is_daily":false,"chose_seed":false,"campfire_upgraded":4,"win_rate":0,"timestamp":1547801149,"path_taken":["M","?","?","$","?","E","R","M","T","?","M","?","R","M","R","BOSS","M","?","$","?","M","E","R","M","T","?"],"build_version":"2019-01-17","purchased_purges":1,"victory":false,"max_hp_per_floor":[71,71,71,71,71,71,71,71,78,78,78,83,83,83,83,83,83,83,83,83,88,88,88,88,88,88,88],"card_choices":[{"not_picked":["Gash","Auto Shields"],"picked":"Static Discharge","floor":1.0},{"not_picked":["Beam Cell","Gash"],"picked":"Storm","floor":3.0},{"not_picked":["Fusion","Stack","Lockon"],"picked":"SKIP","floor":6.0},{"not_picked":["BootSequence","Sweeping Beam"],"picked":"Conserve Battery","floor":8.0},{"not_picked":["Go for the Eyes","Static Discharge","Auto Shields"],"picked":"SKIP","floor":11.0},{"not_picked":["Stack","Leap"],"picked":"Capacitor","floor":14.0},{"not_picked":["Creative AI","Echo Form"],"picked":"Thunder Strike","floor":16.0},{"not_picked":["Gash","Beam Cell","Hello World"],"picked":"SKIP","floor":18.0},{"not_picked":["FTL","Cold Snap","Melter"],"picked":"SKIP","floor":22.0},{"not_picked":["Genetic Algorithm","Reprogram","Conserve Battery"],"picked":"SKIP","floor":23},{"not_picked":["Static Discharge","Hello World"],"picked":"Heatsinks","floor":25}],"player_experience":769381,"relics_obtained":[{"floor":6.0,"key":"Art of War"},{"floor":9.0,"key":"Strawberry"},{"floor":23,"key":"Bottled Tornado"},{"floor":26,"key":"The Courier"}],"event_choices":[{"damage_healed":0.0,"max_hp_gain":0.0,"max_hp_loss":0.0,"gold_gain":0.0,"event_name":"Liars Game","player_choice":"Ignored","floor":5.0,"gold_loss":0.0,"damage_taken":0.0},{"damage_healed":0.0,"max_hp_gain":0.0,"max_hp_loss":0.0,"gold_gain":0.0,"event_name":"Living Wall","player_choice":"Grow","floor":10.0,"gold_loss":0.0,"damage_taken":0.0,"cards_upgraded":["Defragment"]},{"damage_healed":0.0,"max_hp_gain":5.0,"max_hp_loss":0.0,"gold_gain":0.0,"event_name":"Big Fish","player_choice":"Donut","floor":12.0,"gold_loss":0.0,"damage_taken":0.0},{"damage_healed":0.0,"max_hp_gain":0.0,"max_hp_loss":0.0,"gold_gain":0.0,"cards_transformed":["Strike_B","Defend_B"],"event_name":"Drug Dealer","player_choice":"Became Test Subject","floor":19.0,"gold_loss":0.0,"damage_taken":0.0,"cards_obtained":["Rip and Tear","Rebound"]},{"damage_healed":0.0,"max_hp_gain":5.0,"max_hp_loss":0.0,"gold_gain":0.0,"event_name":"Forgotten Altar","player_choice":"Shed Blood","floor":21.0,"gold_loss":0.0,"damage_taken":29.0},{"damage_healed":0,"gold_gain":0,"player_choice":"Fought Bandits","damage_taken":0,"max_hp_gain":0,"max_hp_loss":0,"event_name":"Masked Bandits","floor":27,"gold_loss":0}],"is_beta":false,"boss_relics":[{"not_picked":["Philosopher\u0027s Stone","Black Star"],"picked":"Empty Cage"}],"items_purged_floors":[20],"is_endless":false,"potions_floor_spawned":[3,11,18,25],"killed_by":"Masked Bandits","ascension_level":17}