{"gold_per_floor":[110,110,35,35,35,35,47,66,66,66,81,81],"floor_reached":12,"playtime":482,"items_purged":["Defend_B"],"score":119,"play_id":"8d48f4da-1a28-4e76-a7bf-3614eb8b82fd","local_time":"20190112183545","is_ascension_mode":true,"campfire_choices":[{"data":"Redo","floor":6,"key":"SMITH"},{"data":"Zap","floor":10,"key":"SMITH"}],"neow_cost":"NONE","seed_source_timestamp":464368212999092,"circlet_count":0,"master_deck":["AscendersBane","Strike_B","Strike_B","Defend_B","Defend_B","Zap+1","Dualcast","Redo+1","Defragment"],"relics":["Cracked Core","Vajra","Bag of Preparation"],"potions_floor_usage":[11],"damage_taken":[{"damage":2,"enemies":"Jaw Worm","floor":1,"turns":3},{"damage":3,"enemies":"Small Slimes","floor":7,"turns":2},{"damage":3,"enemies":"2 Louse","floor":8,"turns":2},{"damage":6,"enemies":"Lots of Slimes","floor":11,"turns":2},{"damage":45,"enemies":"3 Sentries","floor":12,"turns":5}],"seed_played":"9023282252174301728","potions_obtained":[{"floor":8,"key":"Explosive Potion"}],"is_trial":false,"path_per_floor":["M","?","$","?","?","R","M","M","T","R","M","E"],"character_chosen":"DEFECT","items_purchased":[],"campfire_rested":0,"item_purchase_floors":[],"current_hp_per_floor":[62,55,55,55,55,55,52,49,49,49,43,0],"gold":81,"neow_bonus":"RANDOM_COMMON_RELIC","is_prod":false,"is_daily":false,"chose_seed":false,"campfire_upgraded":2,"win_rate":0,"timestamp":1547314545,"path_taken":["M","?","$","?","?","R","?","M","T","R","M","E"],"build_version":"2019-01-10","purchased_purges":1,"victory":false,"max_hp_per_floor":[71,71,71,71,71,71,71,71,71,71,71,71],"card_choices":[{"not_picked":["Go for the Eyes","Turbo"],"picked":"Redo","floor":1},{"not_picked":["Steam","Streamline"],"picked":"Defragment","floor":7},{"not_picked":["Creative AI","Rebound","Turbo"],"picked":"SKIP","floor":8},{"not_picked":["Turbo","Compile Driver","Double Energy"],"picked":"SKIP","floor":11}],"player_experience":710909,"relics_obtained":[{"floor":9,"key":"Bag of Preparation"}],"event_choices":[{"cards_removed":["Strike_B"],"damage_healed":0,"gold_gain":0,"player_choice":"Card Removal","damage_taken":7,"max_hp_gain":0,"max_hp_loss":0,"event_name":"Golden Wing","floor":2,"gold_loss":0},{"cards_removed":["Strike_B"],"damage_healed":0,"gold_gain":0,"player_choice":"Forget","damage_taken":0,"max_hp_gain":0,"max_hp_loss":0,"event_name":"Living Wall","floor":4,"gold_loss":0},{"cards_removed":["Defend_B"],"damage_healed":0,"gold_gain":0,"player_choice":"Offered Basic","damage_taken":0,"max_hp_gain":0,"max_hp_loss":0,"event_name":"Bonfire Elementals","floor":5,"gold_loss":0}],"is_beta":false,"boss_relics":[],"items_purged_floors":[3],"is_endless":false,"potions_floor_spawned":[8],"killed_by":"3 Sentries","ascension_level":15}