{"gold_per_floor":[112,12,12,29,40,67,67,83,83,98,98,98],"floor_reached":12,"playtime":290,"items_purged":["Strike_R"],"score":80,"play_id":"0e2f712f-9353-4bb7-8acb-e3e259b4c48d","local_time":"20190201172416","is_ascension_mode":false,"campfire_choices":[{"floor":7,"key":"RECALL"},{"data":"Carnage","floor":11,"key":"SMITH"}],"neow_cost":"NONE","seed_source_timestamp":1467161239728844,"circlet_count":0,"master_deck":["Strike_R","Strike_R","Strike_R","Defend_R","Defend_R","Defend_R","Defend_R","Bash","Cleave","Flex","Intimidate","Dual Wield","Shrug It Off","Cleave","Carnage+1"],"relics":["Burning Blood","NeowsBlessing","Lantern"],"potions_floor_usage":[12],"damage_taken":[{"damage":0,"enemies":"Small Slimes","floor":1,"turns":1},{"damage":0,"enemies":"Jaw Worm","floor":4,"turns":1},{"damage":0,"enemies":"2 Louse","floor":5,"turns":1},{"damage":48,"enemies":"Gremlin Nob","floor":6,"turns":5},{"damage":8,"enemies":"Large Slime","floor":8,"turns":6},{"damage":12,"enemies":"Looter","floor":10,"turns":3},{"damage":31,"enemies":"Lagavulin","floor":12,"turns":6}],"seed_played":"-7222446275370778372","potions_obtained":[{"floor":5,"key":"Swift Potion"},{"floor":8,"key":"Weak Potion"}],"is_trial":false,"path_per_floor":["M","$","?","M","M","E","R","M","T","M","R","E"],"character_chosen":"IRONCLAD","items_purchased":["Flex"],"campfire_rested":0,"item_purchase_floors":[2],"current_hp_per_floor":[80,80,80,80,80,38,38,36,36,30,30,0],"gold":98,"neow_bonus":"THREE_ENEMY_KILL","is_prod":false,"is_daily":false,"chose_seed":false,"campfire_upgraded":1,"win_rate":0,"timestamp":1549063456,"path_taken":["M","$","?","M","M","E","R","M","T","M","R","E"],"build_version":"2019-01-23","purchased_purges":1,"victory":false,"max_hp_per_floor":[80,80,80,80,80,80,80,80,80,80,80,80],"card_choices":[{"not_picked":["Sword Boomerang","Flame Barrier"],"picked":"Cleave","floor":1},{"not_picked":["Rupture","Reckless Charge","Wild Strike"],"picked":"SKIP","floor":4},{"not_picked":["Twin Strike","Entrench"],"picked":"Dual Wield","floor":5},{"not_picked":["Clash","Havoc"],"picked":"Shrug It Off","floor":6},{"not_picked":["Wild Strike","Perfected Strike"],"picked":"Cleave","floor":8},{"not_picked":["Flame Barrier","Hemokinesis"],"picked":"Carnage","floor":10}],"player_experience":733794,"relics_obtained":[{"floor":6,"key":"Lantern"}],"event_choices":[{"damage_healed":0,"gold_gain":0,"cards_transformed":["Strike_R"],"player_choice":"Change","damage_taken":0,"max_hp_gain":0,"max_hp_loss":0,"event_name":"Living Wall","floor":3,"gold_loss":0,"cards_obtained":["Intimidate"]}],"is_beta":false,"boss_relics":[],"items_purged_floors":[2],"is_endless":false,"potions_floor_spawned":[5,8],"killed_by":"Lagavulin","ascension_level":0}