{"gold_per_floor":[109,109,109,34,34,34,34,50,130,145,163,163],"floor_reached":12,"playtime":547,"items_purged":["Defend_G"],"score":68,"play_id":"9d28c228-e243-444a-bc3b-32ad8b9474c3","local_time":"20190630115424","is_ascension_mode":false,"campfire_choices":[{"floor":6,"key":"RECALL"}],"neow_cost":"NONE","seed_source_timestamp":1448807202432953,"circlet_count":0,"master_deck":["Defend_G","Defend_G","Defend_G","Defend_G","Strike_G","Strike_G","Strike_G","Strike_G","Neutralize","Night Terror","Accuracy","Night Terror"],"relics":["Ring of the Snake","Golden Idol","Frozen Egg 2"],"potions_floor_usage":[11],"damage_taken":[{"damage":1,"enemies":"Jaw Worm","floor":1,"turns":5},{"damage":4,"enemies":"2 Louse","floor":8,"turns":3},{"damage":2,"enemies":"Small Slimes","floor":10,"turns":5},{"damage":4,"enemies":"Exordium Wildlife","floor":11,"turns":5},{"damage":60,"enemies":"Lagavulin","floor":12,"turns":13}],"seed_played":"564419913170408302","potions_obtained":[{"floor":10,"key":"SteroidPotion"}],"is_trial":false,"path_per_floor":["M","?","?","$","?","R","$","M","T","M","M","E"],"character_chosen":"THE_SILENT","items_purchased":[],"campfire_rested":0,"item_purchase_floors":[],"current_hp_per_floor":[69,65,58,58,63,63,63,59,59,57,53,0],"gold":163,"neow_bonus":"TRANSFORM_CARD","is_prod":false,"is_daily":false,"chose_seed":false,"campfire_upgraded":0,"win_rate":0,"timestamp":1561910064,"path_taken":["M","?","?","$","?","R","$","M","T","M","M","E"],"build_version":"2019-01-23","purchased_purges":1,"victory":false,"max_hp_per_floor":[70,65,65,65,70,70,70,70,70,70,70,70],"card_choices":[{"not_picked":["Acrobatics","Quick Slash"],"picked":"Accuracy","floor":1},{"not_picked":["Acrobatics","Backflip"],"picked":"Night Terror","floor":8},{"not_picked":["Heel Hook","Dodge and Roll","Blur"],"picked":"SKIP","floor":10},{"not_picked":["Tactician","Bane","Flechettes"],"picked":"SKIP","floor":11}],"player_experience":55200,"relics_obtained":[{"floor":9,"key":"Frozen Egg 2"}],"event_choices":[{"damage_healed":0,"gold_gain":0,"player_choice":"Lose Max HP","damage_taken":0,"relics_obtained":["Golden Idol"],"max_hp_gain":0,"max_hp_loss":5,"event_name":"Golden Idol","floor":2,"gold_loss":0},{"cards_removed":["Survivor"],"damage_healed":0,"gold_gain":0,"player_choice":"Card Removal","damage_taken":7,"max_hp_gain":0,"max_hp_loss":0,"event_name":"Golden Wing","floor":3,"gold_loss":0},{"damage_healed":0,"gold_gain":0,"player_choice":"Donut","damage_taken":0,"max_hp_gain":5,"max_hp_loss":0,"event_name":"Big Fish","floor":5,"gold_loss":0}],"is_beta":false,"boss_relics":[],"items_purged_floors":[4],"is_endless":false,"potions_floor_spawned":[10],"killed_by":"Lagavulin","ascension_level":0}