{"gold_per_floor":[12,29,29,2,21,56,56,56,56,131,131,131,150,170,170,289,289,302,16,46,93,112,112,126,126,126,238,266,278,303,12,12,12],"floor_reached":33,"playtime":721,"items_purged":[],"score":245,"play_id":"9f1aa497-ce40-4036-9f0a-221e77512373","local_time":"20190715182244","is_ascension_mode":false,"campfire_choices":[{"floor":8,"key":"REST"},{"floor":11,"key":"REST"},{"floor":12,"key":"REST"},{"data":"Static Discharge","floor":15,"key":"SMITH"},{"data":"Reboot","floor":23,"key":"SMITH"},{"data":"Defragment","floor":25,"key":"SMITH"},{"floor":29,"key":"REST"},{"data":"Thunder Strike","floor":32,"key":"SMITH"}],"neow_cost":"NO_GOLD","seed_source_timestamp":366931409174477,"circlet_count":0,"master_deck":["Strike_B","Strike_B","Strike_B","Strike_B","Defend_B","Defend_B","Defend_B","Defend_B","Zap","Dualcast","Defragment+1","Conserve Battery","Hologram","Beam Cell","BootSequence","Static Discharge+1","Reboot+1","Thunder Strike+1","Beam Cell","Hologram+1","Redo","Ball Lightning","Redo","Conserve Battery"],"relics":["Cracked Core","WingedGreaves","Golden Idol","Thread and Needle","Du-Vu Doll","Busted Crown","Frozen Egg 2","Tiny Chest","Lantern","MawBank","Bag of Preparation"],"potions_floor_usage":[6,16,28,30,33,33,33],"damage_taken":[{"damage":5,"enemies":"Small Slimes","floor":1,"turns":4},{"damage":1,"enemies":"2 Louse","floor":2,"turns":2},{"damage":2,"enemies":"Jaw Worm","floor":5,"turns":5},{"damage":59,"enemies":"Gremlin Nob","floor":6,"turns":5},{"damage":3,"enemies":"Exordium Thugs","floor":13,"turns":5},{"damage":3,"enemies":"Large Slime","floor":14,"turns":4},{"damage":26,"enemies":"Hexaghost","floor":16,"turns":6},{"damage":6,"enemies":"Shell Parasite","floor":18,"turns":6},{"damage":0,"enemies":"Chosen","floor":22,"turns":5},{"damage":30,"enemies":"Shelled Parasite and Fungi","floor":24,"turns":4},{"damage":10,"enemies":"Snake Plant","floor":28,"turns":3},{"damage":8,"enemies":"Snecko","floor":30,"turns":4},{"damage":61,"enemies":"Collector","floor":33,"turns":6}],"seed_played":"3068073967251668084","potions_obtained":[{"floor":1,"key":"Regen Potion"},{"floor":13,"key":"Poison Potion"},{"floor":16,"key":"GamblersBrew"},{"floor":22,"key":"AttackPotion"},{"floor":28,"key":"Swift Potion"},{"floor":30,"key":"Fire Potion"}],"is_trial":false,"path_per_floor":["M","M","?","$","M","E","?","R","T","?","R","R","M","M","R","B",null,"M","$","?","T","M","R","M","R","T","?","M","R","M","$","R","B"],"character_chosen":"DEFECT","items_purchased":["Hologram","Beam Cell","Frozen Egg 2","Bag of Preparation","Redo","Conserve Battery","Regen Potion"],"campfire_rested":4,"item_purchase_floors":[4,19,19,31,31,31,31],"current_hp_per_floor":[70,69,51,51,49,2,2,24,24,13,35,57,54,51,51,25,75,69,69,69,69,69,69,39,39,39,39,29,51,43,43,43,0],"gold":12,"neow_bonus":"ONE_RARE_RELIC","is_prod":false,"is_daily":false,"chose_seed":false,"campfire_upgraded":4,"win_rate":0.0,"timestamp":1563232964,"path_taken":["M","M","?","$","M","E","?","R","T","?","R","R","M","M","R","BOSS","M","$","?","?","?","R","M","R","T","?","M","R","M","$","R","BOSS"],"build_version":"2019-07-05","purchased_purges":0,"victory":false,"max_hp_per_floor":[75,75,75,75,75,75,75,75,75,75,75,75,75,75,75,75,75,75,75,75,75,75,75,75,75,75,75,75,75,75,75,75,75],"card_choices":[{"not_picked":["Hologram","Barrage"],"picked":"Defragment","floor":1},{"not_picked":["Leap","Reprogram"],"picked":"Conserve Battery","floor":2},{"not_picked":["Gash","Turbo"],"picked":"Beam Cell","floor":5},{"not_picked":["Double Energy","Go for the Eyes"],"picked":"BootSequence","floor":6},{"not_picked":["Cold Snap","Gash"],"picked":"Static Discharge","floor":13},{"not_picked":["Turbo","FTL"],"picked":"Reboot","floor":14},{"not_picked":["Biased Cognition","Seek"],"picked":"Thunder Strike","floor":16},{"not_picked":["Double Energy"],"picked":"SKIP","floor":18},{"not_picked":[],"picked":"Hologram+1","floor":22},{"not_picked":["Go for the Eyes"],"picked":"SKIP","floor":24},{"not_picked":[],"picked":"Redo","floor":28},{"not_picked":[],"picked":"Ball Lightning","floor":30}],"player_experience":88949,"relics_obtained":[{"floor":6,"key":"Thread and Needle"},{"floor":9,"key":"Du-Vu Doll"},{"floor":21,"key":"Lantern"},{"floor":26,"key":"MawBank"}],"event_choices":[{"damage_healed":0,"gold_gain":0,"player_choice":"Take Damage","damage_taken":18,"relics_obtained":["Golden Idol"],"max_hp_gain":0,"max_hp_loss":0,"event_name":"Golden Idol","floor":3,"gold_loss":0},{"damage_healed":0,"gold_gain":0,"player_choice":"Ignored","damage_taken":0,"max_hp_gain":0,"max_hp_loss":0,"event_name":"Golden Wing","floor":7,"gold_loss":0},{"damage_healed":0,"gold_gain":75,"player_choice":"Gather Gold","damage_taken":11,"max_hp_gain":0,"max_hp_loss":0,"event_name":"World of Goop","floor":10,"gold_loss":0},{"damage_healed":0,"gold_gain":0,"player_choice":"Opened","damage_taken":0,"relics_obtained":["Tiny Chest"],"max_hp_gain":0,"max_hp_loss":0,"event_name":"The Mausoleum","floor":20,"gold_loss":0},{"damage_healed":0,"gold_gain":100,"player_choice":"Pray","damage_taken":0,"max_hp_gain":0,"max_hp_loss":0,"event_name":"Golden Shrine","floor":27,"gold_loss":0}],"is_beta":false,"boss_relics":[{"not_picked":["Eternal Feather","Ectoplasm"],"picked":"Busted Crown"}],"items_purged_floors":[],"is_endless":false,"potions_floor_spawned":[1,13,16,22,28,30],"killed_by":"Collector","ascension_level":0}