{"gold_per_floor":[111,125,140,140,158,158,188,188,242,242,255,44,144,163,163,235,235,247,262,282,282],"floor_reached":21,"playtime":1593,"items_purged":[],"score":348,"play_id":"819cb1b5-4fb3-4087-a38c-a8bb64b47ef1","local_time":"20190725143520","is_ascension_mode":true,"campfire_choices":[{"data":"Neutralize","floor":6.0,"key":"SMITH"},{"floor":8.0,"key":"REST"},{"floor":15.0,"key":"REST"}],"neow_cost":"PERCENT_DAMAGE","seed_source_timestamp":10478756045100,"circlet_count":0,"master_deck":["AscendersBane","Strike_G","Strike_G","Strike_G","Strike_G","Strike_G","Defend_G+1","Defend_G","Defend_G","Defend_G","Defend_G","Survivor","Neutralize+1","Heel Hook","Sucker Punch+1","Masterful Stab","Dash","Backstab","Footwork","Caltrops","Riddle With Holes","Die Die Die","Deadly Poison","Crippling Poison"],"special_seed":0,"relics":["Ring of the Snake","Calipers","Vajra","Tiny Chest","The Specimen","Bag of Preparation","Black Star"],"potions_floor_usage":[],"damage_taken":[{"damage":0.0,"enemies":"2 Louse","floor":1.0,"turns":3.0},{"damage":0.0,"enemies":"Jaw Worm","floor":2.0,"turns":6.0},{"damage":1.0,"enemies":"Small Slimes","floor":3.0,"turns":5.0},{"damage":9.0,"enemies":"Red Slaver","floor":5.0,"turns":4.0},{"damage":23.0,"enemies":"Lagavulin","floor":7.0,"turns":8.0},{"damage":0.0,"enemies":"Exordium Wildlife","floor":11.0,"turns":4.0},{"damage":0.0,"enemies":"Lots of Slimes","floor":14.0,"turns":4.0},{"damage":36,"enemies":"Slime Boss","floor":16,"turns":11},{"damage":6,"enemies":"3 Byrds","floor":18,"turns":5},{"damage":21,"enemies":"Spheric Guardian","floor":19,"turns":4},{"damage":19,"enemies":"Chosen and Byrds","floor":20,"turns":8},{"damage":11,"enemies":"Sentry and Sphere","floor":21,"turns":2}],"seed_played":"4029551863423185974","potions_obtained":[{"floor":1.0,"key":"Regen Potion"},{"floor":7.0,"key":"SkillPotion"},{"floor":11.0,"key":"GamblersBrew"}],"is_trial":false,"path_per_floor":["M","M","M","?","M","R","E","R","T","T","M","$","?","M","R","B",null,"M","M","M","M"],"character_chosen":"THE_SILENT","items_purchased":["Bag of Preparation","Caltrops"],"campfire_rested":2,"item_purchase_floors":[12,12],"current_hp_per_floor":[44,59,58,38,29,29,6,25,25,25,25,25,25,25,44,8,52,46,25,6,0],"gold":282,"neow_bonus":"ONE_RARE_RELIC","is_prod":false,"is_daily":false,"chose_seed":false,"campfire_upgraded":1,"win_rate":0,"timestamp":1564058120,"path_taken":["M","M","M","?","M","R","E","R","T","?","M","$","?","M","R","BOSS","M","M","M","M"],"build_version":"2019-07-17","purchased_purges":0,"victory":false,"max_hp_per_floor":[66,66,66,66,66,66,66,66,66,66,66,66,66,66,66,66,66,66,66,66,66],"card_choices":[{"not_picked":["Well Laid Plans","Sucker Punch"],"picked":"Heel Hook","floor":1.0},{"not_picked":["Cloak And Dagger","Bane"],"picked":"Sucker Punch","floor":2.0},{"not_picked":["Backflip","Eviscerate"],"picked":"Masterful Stab","floor":3.0},{"not_picked":["Cloak And Dagger","Quick Slash"],"picked":"Dash","floor":5.0},{"not_picked":["Endless Agony","Deflect"],"picked":"Backstab","floor":7.0},{"not_picked":["Deadly Poison","Poisoned Stab"],"picked":"Footwork","floor":11.0},{"not_picked":["Prepared","Underhanded Strike"],"picked":"Riddle With Holes","floor":14.0},{"not_picked":["A Thousand Cuts","Doppelganger"],"picked":"Die Die Die","floor":16},{"not_picked":["Riddle With Holes","Expertise"],"picked":"Deadly Poison","floor":18},{"not_picked":["Poisoned Stab","Flechettes"],"picked":"Crippling Poison","floor":19},{"not_picked":["Deadly Poison","Dagger Throw","Acrobatics"],"picked":"SKIP","floor":20}],"player_experience":893191,"relics_obtained":[{"floor":7.0,"key":"Vajra"},{"floor":9.0,"key":"Tiny Chest"},{"floor":10.0,"key":"The Specimen"}],"event_choices":[{"damage_healed":0.0,"max_hp_gain":0.0,"max_hp_loss":0.0,"gold_gain":0.0,"event_name":"Shining Light","player_choice":"Entered Light","floor":4.0,"gold_loss":0.0,"damage_taken":20.0,"cards_upgraded":["Defend_G","Sucker Punch"]},{"damage_healed":0.0,"max_hp_gain":0.0,"max_hp_loss":0.0,"gold_gain":100.0,"event_name":"Wheel of Change","player_choice":"Gold","floor":13.0,"gold_loss":0.0,"damage_taken":0.0}],"is_beta":false,"boss_relics":[{"not_picked":["Sozu","Runic Pyramid"],"picked":"Black Star"}],"items_purged_floors":[],"is_endless":false,"potions_floor_spawned":[1,7,11],"killed_by":"Sentry and Sphere","ascension_level":18}