{"gold_per_floor":[363,377,75,107,120,120,153,53,53,53,53,53,84,110,110,181,181,221,221],"floor_reached":19,"playtime":573,"items_purged":["Strike_B","Strike_B"],"score":354,"play_id":"f9112fbb-8d75-4c19-a4d1-3b80a7615909","local_time":"20190302122351","is_ascension_mode":true,"campfire_choices":[{"data":"Zap","floor":6.0,"key":"SMITH"},{"data":"Steam","floor":10.0,"key":"SMITH"},{"data":"Dualcast","floor":12.0,"key":"SMITH"},{"data":"Coolheaded","floor":15,"key":"SMITH"}],"neow_cost":"TEN_PERCENT_HP_LOSS","seed_source_timestamp":125040350552608,"circlet_count":0,"master_deck":["AscendersBane","Strike_B","Strike_B","Defend_B","Defend_B","Defend_B","Defend_B","Zap+1","Dualcast+1","Steam+1","BootSequence","Static Discharge","HandOfGreed","Electrodynamics","Glacier","Self Repair","Compile Driver","Coolheaded+1","Echo Form"],"special_seed":0,"relics":["Cracked Core","Pantograph","Shuriken","Dodecahedron","Boot","Eternal Feather"],"potions_floor_usage":[14],"damage_taken":[{"damage":4.0,"enemies":"Jaw Worm","floor":1.0,"turns":3.0},{"damage":0.0,"enemies":"Small Slimes","floor":2.0,"turns":3.0},{"damage":1.0,"enemies":"Cultist","floor":4.0,"turns":3.0},{"damage":0.0,"enemies":"2 Fungi Beasts","floor":5.0,"turns":3.0},{"damage":5.0,"enemies":"3 Sentries","floor":7.0,"turns":3.0},{"damage":6.0,"enemies":"Exordium Wildlife","floor":13.0,"turns":4.0},{"damage":32,"enemies":"Gremlin Nob","floor":14,"turns":4},{"damage":41,"enemies":"Slime Boss","floor":16,"turns":8},{"damage":30,"enemies":"Spheric Guardian","floor":18,"turns":5},{"damage":15,"enemies":"Chosen","floor":19,"turns":4}],"seed_played":"-1511446662059764902","potions_obtained":[{"floor":4.0,"key":"Swift Potion"},{"floor":5.0,"key":"GamblersBrew"},{"floor":18,"key":"Weak Potion"}],"is_trial":false,"path_per_floor":["M","M","$","M","M","R","E","$","T","R","?","R","M","E","R","B",null,"M","M"],"character_chosen":"DEFECT","items_purchased":["Static Discharge","HandOfGreed"],"campfire_rested":0,"item_purchase_floors":[3,3],"current_hp_per_floor":[60,60,60,59,59,59,54,54,54,54,54,54,55,30,30,21,53,37,22],"gold":221,"neow_bonus":"TWO_FIFTY_GOLD","is_prod":false,"is_daily":false,"chose_seed":false,"campfire_upgraded":4,"win_rate":0,"timestamp":1551525831,"path_taken":["M","M","$","M","M","R","E","$","T","R","?","R","M","E","R","BOSS","M","M"],"build_version":"2019-01-23","purchased_purges":2,"victory":false,"max_hp_per_floor":[64,64,64,64,64,64,64,64,64,64,64,64,64,64,64,64,64,64,64],"card_choices":[{"not_picked":["Turbo","Heatsinks"],"picked":"Steam","floor":1.0},{"not_picked":["Heatsinks","Rebound"],"picked":"BootSequence","floor":2.0},{"not_picked":["Conserve Battery","Fusion"],"picked":"Electrodynamics","floor":4.0},{"not_picked":["Melter","Ball Lightning"],"picked":"Glacier","floor":5.0},{"not_picked":["Doom and Gloom","Cold Snap"],"picked":"Self Repair","floor":7.0},{"not_picked":["Turbo","Redo"],"picked":"Compile Driver","floor":13.0},{"not_picked":["Rebound","Redo"],"picked":"Coolheaded","floor":14},{"not_picked":["Amplify","Fission"],"picked":"Echo Form","floor":16},{"not_picked":["Sweeping Beam","Gash","Tempest"],"picked":"SKIP","floor":18}],"player_experience":924351,"relics_obtained":[{"floor":7.0,"key":"Pantograph"},{"floor":9.0,"key":"Shuriken"},{"floor":14,"key":"Boot"}],"event_choices":[{"damage_healed":0.0,"max_hp_gain":0.0,"max_hp_loss":0.0,"gold_gain":0.0,"event_name":"Dead Adventurer","player_choice":"Searched \u00271\u0027 times","floor":11.0,"gold_loss":0.0,"damage_taken":0.0,"relics_obtained":["Dodecahedron"]}],"is_beta":false,"boss_relics":[{"not_picked":["Fusion Hammer","White Beast Statue"],"picked":"Eternal Feather"}],"items_purged_floors":[3,8],"is_endless":false,"potions_floor_spawned":[4,5,13,18],"killed_by":"Chosen","ascension_level":20}