{"gold_per_floor":[119,119,84,9,19,54,54,54,54,86,86,164,178,194,194,296,296,311,328,328,328,86,86,86],"floor_reached":24,"playtime":890,"items_purged":["Strike_B"],"score":222,"play_id":"f862c600-3dba-473f-9079-7935710cdfa6","local_time":"20190716202727","is_ascension_mode":true,"campfire_choices":[{"data":"Creative AI","floor":7,"key":"SMITH"},{"floor":11,"key":"REST"},{"floor":15,"key":"RECALL"},{"data":"Creative AI","floor":23,"key":"SMITH"}],"neow_cost":"TEN_PERCENT_HP_LOSS","seed_source_timestamp":438987134972464,"circlet_count":0,"master_deck":["Strike_B","Defend_B+1","Defend_B","Defend_B+1","Defend_B","Zap","Dualcast","Creative AI+1","Core Surge+1","Leap","Reinforced Body","Gash","Creative AI+1","Undo+1","Go for the Eyes","Parasite"],"relics":["Cracked Core","Pantograph","Calipers","Ornamental Fan","Cursed Key","Kunai","Symbiotic Virus"],"potions_floor_usage":[16,16,24],"damage_taken":[{"damage":8,"enemies":"Small Slimes","floor":1,"turns":3},{"damage":7,"enemies":"2 Louse","floor":5,"turns":4},{"damage":28,"enemies":"3 Sentries","floor":6,"turns":6},{"damage":19,"enemies":"Gremlin Nob","floor":10,"turns":6},{"damage":3,"enemies":"Jaw Worm","floor":13,"turns":5},{"damage":0,"enemies":"2 Fungi Beasts","floor":14,"turns":3},{"damage":41,"enemies":"Hexaghost","floor":16,"turns":8},{"damage":26,"enemies":"Shell Parasite","floor":18,"turns":10},{"damage":4,"enemies":"Chosen","floor":19,"turns":6},{"damage":61,"enemies":"Slavers","floor":24,"turns":4}],"seed_played":"-4820416794142802355","potions_obtained":[{"floor":5,"key":"Swift Potion"},{"floor":13,"key":"Fire Potion"},{"floor":14,"key":"Explosive Potion"}],"is_trial":false,"path_per_floor":["M","?","?","$","M","E","R","?","T","E","R","T","M","M","R","B",null,"M","M","?","T","$","R","E"],"character_chosen":"DEFECT","items_purchased":["Symbiotic Virus"],"campfire_rested":1,"item_purchase_floors":[22],"current_hp_per_floor":[60,46,63,63,56,28,28,28,28,9,29,29,26,26,26,10,68,42,38,60,60,60,60,0],"gold":86,"neow_bonus":"TRANSFORM_TWO_CARDS","is_prod":false,"is_daily":false,"chose_seed":false,"campfire_upgraded":2,"win_rate":0,"timestamp":1563323247,"path_taken":["M","?","?","?","M","E","R","?","T","E","R","?","?","M","R","BOSS","M","M","?","?","$","R","E"],"build_version":"2019-07-05","purchased_purges":1,"victory":false,"max_hp_per_floor":[68,68,68,68,68,68,68,68,68,68,68,68,68,68,68,68,68,68,68,68,68,68,68,68],"card_choices":[{"not_picked":["Barrage","Glacier"],"picked":"Leap","floor":1},{"not_picked":["Cold Snap","Streamline","Coolheaded"],"picked":"SKIP","floor":5},{"not_picked":["Streamline","Fusion"],"picked":"Reinforced Body","floor":6},{"not_picked":["Steam","Sweeping Beam"],"picked":"Gash","floor":10},{"not_picked":["Recycle","Barrage","Scrape"],"picked":"SKIP","floor":13},{"not_picked":["Consume","Redo","Auto Shields"],"picked":"SKIP","floor":14},{"not_picked":["Reboot","Fission"],"picked":"Creative AI","floor":16},{"not_picked":["Blizzard+1","Barrage"],"picked":"Undo+1","floor":18},{"not_picked":["Scrape","Conserve Battery"],"picked":"Go for the Eyes","floor":19}],"player_experience":173599,"relics_obtained":[{"floor":6,"key":"Pantograph"},{"floor":10,"key":"Calipers"},{"floor":12,"key":"Ornamental Fan"},{"floor":21,"key":"Kunai"}],"event_choices":[{"damage_healed":0,"gold_gain":0,"player_choice":"Entered Light","damage_taken":14,"max_hp_gain":0,"max_hp_loss":0,"event_name":"Shining Light","floor":2,"gold_loss":0,"cards_upgraded":["Defend_B","Defend_B"]},{"damage_healed":17,"gold_gain":0,"player_choice":"Healed","damage_taken":0,"max_hp_gain":0,"max_hp_loss":0,"event_name":"The Cleric","floor":3,"gold_loss":35},{"damage_healed":0,"gold_gain":0,"player_choice":"Grow","damage_taken":0,"max_hp_gain":0,"max_hp_loss":0,"event_name":"Living Wall","floor":8,"gold_loss":0,"cards_upgraded":["Core Surge"]},{"damage_healed":22,"gold_gain":0,"player_choice":"Heal","damage_taken":0,"max_hp_gain":0,"max_hp_loss":0,"event_name":"The Library","floor":20,"gold_loss":0}],"is_beta":false,"boss_relics":[{"not_picked":["White Beast Statue","Ectoplasm"],"picked":"Cursed Key"}],"items_purged_floors":[4],"is_endless":false,"potions_floor_spawned":[5,13,14],"killed_by":"Slavers","ascension_level":2}