{"gold_per_floor":[114,59,78,94,94,123,123,133,133,133,133,76,76],"floor_reached":13,"playtime":634,"items_purged":[],"score":158,"play_id":"43705be4-a077-4d38-82f6-2f607ad3de82","local_time":"20190729143323","is_ascension_mode":true,"campfire_choices":[{"data":"Neutralize","floor":7,"key":"SMITH"},{"floor":10,"key":"REST"}],"neow_cost":"NONE","seed_source_timestamp":357090795542700,"circlet_count":0,"master_deck":["AscendersBane","Strike_G","Strike_G","Strike_G","Strike_G","Strike_G","Defend_G+1","Defend_G","Defend_G+1","Defend_G","Defend_G","Survivor","Neutralize+1","Poisoned Stab","Deflect","Crippling Poison","Dodge and Roll"],"relics":["Runic Pyramid","War Paint","Ancient Tea Set","Ornamental Fan"],"potions_floor_usage":[6,6,13],"damage_taken":[{"damage":1,"enemies":"2 Louse","floor":1,"turns":3},{"damage":0,"enemies":"Small Slimes","floor":3,"turns":4},{"damage":0,"enemies":"Jaw Worm","floor":4,"turns":4},{"damage":10,"enemies":"Lagavulin","floor":6,"turns":7},{"damage":21,"enemies":"Lots of Slimes","floor":8,"turns":5},{"damage":29,"enemies":"Gremlin Nob","floor":13,"turns":4}],"seed_played":"-7090287689121898480","potions_obtained":[{"floor":3,"key":"LiquidBronze"},{"floor":4,"key":"GhostInAJar"},{"floor":8,"key":"Swift Potion"}],"is_trial":false,"path_per_floor":["M","?","M","M","?","E","R","M","T","R","?","$","E"],"character_chosen":"THE_SILENT","items_purchased":["PowerPotion"],"campfire_rested":1,"item_purchase_floors":[12],"current_hp_per_floor":[58,58,58,58,63,53,53,32,32,53,27,27,0],"gold":76,"neow_bonus":"BOSS_RELIC","is_prod":false,"is_daily":false,"chose_seed":false,"campfire_upgraded":1,"win_rate":0,"timestamp":1564403603,"path_taken":["M","?","M","M","?","E","R","M","T","R","?","?","E"],"build_version":"2019-07-17","purchased_purges":0,"victory":false,"max_hp_per_floor":[66,66,66,66,71,71,71,71,71,71,71,71,71],"card_choices":[{"not_picked":["Cloak And Dagger","Deflect"],"picked":"Poisoned Stab","floor":1},{"not_picked":["Distraction","Tactician"],"picked":"Deflect","floor":3},{"not_picked":["Underhanded Strike","Choke"],"picked":"Crippling Poison","floor":4},{"not_picked":["Slice","Accuracy","Choke"],"picked":"SKIP","floor":6},{"not_picked":["Cloak And Dagger","Deflect"],"picked":"Dodge and Roll","floor":8}],"player_experience":911597,"relics_obtained":[{"floor":6,"key":"War Paint"},{"floor":9,"key":"Ancient Tea Set"}],"event_choices":[{"damage_healed":0,"gold_gain":0,"player_choice":"Left Gold","damage_taken":0,"max_hp_gain":0,"max_hp_loss":0,"event_name":"World of Goop","floor":2,"gold_loss":55},{"damage_healed":0,"gold_gain":0,"player_choice":"Donut","damage_taken":0,"max_hp_gain":5,"max_hp_loss":0,"event_name":"Big Fish","floor":5,"gold_loss":0},{"damage_healed":0,"gold_gain":0,"player_choice":"Success","damage_taken":26,"relics_obtained":["Ornamental Fan"],"max_hp_gain":0,"max_hp_loss":0,"event_name":"Scrap Ooze","floor":11,"gold_loss":0}],"is_beta":false,"boss_relics":[],"items_purged_floors":[],"is_endless":false,"potions_floor_spawned":[3,4,8],"killed_by":"Gremlin Nob","ascension_level":18}