{"gold_per_floor":[118,130,144,219,219,219,63,88,158,183,195,221,233,263,275,387,399,424,436,448,473,485],"floor_reached":22,"playtime":647,"items_purged":["Strike_R"],"score":238,"play_id":"5c0e48ac-6338-4642-bb5a-f1070c59b832","local_time":"20190725171825","is_ascension_mode":true,"campfire_choices":[{"data":"Disarm","floor":6,"key":"SMITH"},{"floor":11,"key":"REST"},{"data":"Hemokinesis","floor":13,"key":"SMITH"},{"data":"Bash","floor":15,"key":"SMITH"}],"neow_cost":"NONE","seed_source_timestamp":96862174076693,"circlet_count":0,"master_deck":["Defend_R","Defend_R","Defend_R","Bash+1","Headbutt","Feel No Pain","Disarm+1","Hemokinesis+1","Pummel","Clothesline","Metallicize","Burning Pact","Immolate","Armaments","Bite","Bite","Bite","Bite","Bite","Spot Weakness"],"relics":["Burning Blood","Bag of Preparation","Letter Opener","MawBank","Philosopher\u0027s Stone"],"potions_floor_usage":[10,21],"damage_taken":[{"damage":6,"enemies":"Cultist","floor":1,"turns":4},{"damage":7,"enemies":"Small Slimes","floor":2,"turns":4},{"damage":4,"enemies":"Jaw Worm","floor":3,"turns":3},{"damage":33,"enemies":"Gremlin Nob","floor":8,"turns":4},{"damage":27,"enemies":"Lagavulin","floor":10,"turns":9},{"damage":9,"enemies":"Red Slaver","floor":12,"turns":4},{"damage":17,"enemies":"Looter","floor":14,"turns":3},{"damage":31,"enemies":"Hexaghost","floor":16,"turns":12},{"damage":13,"enemies":"Spheric Guardian","floor":18,"turns":3},{"damage":27,"enemies":"2 Thieves","floor":21,"turns":3},{"damage":52,"enemies":"Shelled Parasite and Fungi","floor":22,"turns":2}],"seed_played":"-7468929334470093145","potions_obtained":[{"floor":3,"key":"EssenceOfSteel"},{"floor":10,"key":"FearPotion"},{"floor":14,"key":"Poison Potion"},{"floor":18,"key":"GamblersBrew"}],"is_trial":false,"path_per_floor":["M","M","M","?","?","R","$","E","T","E","R","M","R","M","R","B",null,"M","?","?","M","M"],"character_chosen":"IRONCLAD","items_purchased":["Hemokinesis"],"campfire_rested":1,"item_purchase_floors":[7],"current_hp_per_floor":[88,87,88,77,77,77,77,50,50,29,55,52,52,41,41,16,88,81,61,61,44,0],"gold":485,"neow_bonus":"TEN_PERCENT_HP_BONUS","is_prod":false,"is_daily":false,"chose_seed":false,"campfire_upgraded":3,"win_rate":0,"timestamp":1564093105,"path_taken":["M","M","M","?","?","R","?","E","T","E","R","?","R","M","R","BOSS","M","?","?","M","M"],"build_version":"2019-07-17","purchased_purges":1,"victory":false,"max_hp_per_floor":[88,88,88,88,88,88,88,88,88,88,88,88,88,88,88,88,88,88,61,61,61,61],"card_choices":[{"not_picked":["Blood for Blood","Perfected Strike"],"picked":"Headbutt","floor":1},{"not_picked":["Infernal Blade","Rupture"],"picked":"Feel No Pain","floor":2},{"not_picked":["Body Slam","Power Through"],"picked":"Disarm","floor":3},{"not_picked":["Clothesline","Sword Boomerang"],"picked":"Pummel","floor":8},{"not_picked":["Rage","Heavy Blade"],"picked":"Clothesline","floor":10},{"not_picked":["Perfected Strike","Twin Strike"],"picked":"Metallicize","floor":12},{"not_picked":["Pommel Strike","Flex"],"picked":"Burning Pact","floor":14},{"not_picked":["Bludgeon","Exhume"],"picked":"Immolate","floor":16},{"not_picked":["Sword Boomerang","Twin Strike"],"picked":"Armaments","floor":18},{"not_picked":["Perfected Strike","Bloodletting"],"picked":"Spot Weakness","floor":21}],"player_experience":131765,"relics_obtained":[{"floor":8,"key":"Bag of Preparation"},{"floor":9,"key":"Letter Opener"},{"floor":10,"key":"MawBank"}],"event_choices":[{"damage_healed":0,"gold_gain":75,"player_choice":"Gather Gold","damage_taken":11,"max_hp_gain":0,"max_hp_loss":0,"event_name":"World of Goop","floor":4,"gold_loss":0},{"damage_healed":0,"gold_gain":0,"player_choice":"Ignored","damage_taken":0,"max_hp_gain":0,"max_hp_loss":0,"event_name":"Liars Game","floor":5,"gold_loss":0},{"damage_healed":0,"gold_gain":0,"player_choice":"Became a vampire","damage_taken":0,"max_hp_gain":0,"max_hp_loss":27,"event_name":"Vampires","floor":19,"gold_loss":0,"cards_obtained":["Bite","Bite","Bite","Bite","Bite"]},{"cards_removed":["Defend_R"],"damage_healed":0,"gold_gain":0,"player_choice":"Purged","damage_taken":0,"max_hp_gain":0,"max_hp_loss":0,"event_name":"Purifier","floor":20,"gold_loss":0}],"is_beta":false,"boss_relics":[{"not_picked":["Runic Cube","Astrolabe"],"picked":"Philosopher\u0027s Stone"}],"items_purged_floors":[7],"is_endless":false,"potions_floor_spawned":[3,10,14,18],"killed_by":"Shelled Parasite and Fungi","ascension_level":2}