{"gold_per_floor":[111,111,134,134,134,170,170,185,185,110,110,149,149,164,164,255,255,273,95,119,119],"floor_reached":21,"playtime":596,"items_purged":["Strike_B","Strike_B"],"score":424,"play_id":"e67ad4cd-8c2e-4b77-ace1-669d4ffe0c9d","local_time":"20190301130209","is_ascension_mode":true,"campfire_choices":[{"data":"Zap","floor":7.0,"key":"SMITH"},{"data":"Barrage","floor":11.0,"key":"SMITH"},{"data":"Coolheaded","floor":15.0,"key":"SMITH"}],"neow_cost":"NONE","seed_source_timestamp":79010911048311,"circlet_count":0,"master_deck":["AscendersBane","Strike_B","Strike_B","Defend_B","Defend_B","Defend_B","Defend_B","Zap+1","Dualcast","Conserve Battery","Ball Lightning","Barrage+1","Sweeping Beam","Coolheaded+1","Core Surge","Defragment","Self Repair"],"special_seed":0,"relics":["Cracked Core","NeowsBlessing","Golden Idol","Incense Burner","Juzu Bracelet","Unceasing Top","Torii","Inserter"],"potions_floor_usage":[],"damage_taken":[{"damage":0.0,"enemies":"Jaw Worm","floor":1.0,"turns":1.0},{"damage":0.0,"enemies":"2 Louse","floor":3.0,"turns":1.0},{"damage":0.0,"enemies":"Gremlin Nob","floor":6.0,"turns":1.0},{"damage":1.0,"enemies":"Cultist","floor":8.0,"turns":3.0},{"damage":5.0,"enemies":"3 Sentries","floor":12.0,"turns":6.0},{"damage":28.0,"enemies":"Exordium Wildlife","floor":14.0,"turns":5.0},{"damage":12.0,"enemies":"Hexaghost","floor":16.0,"turns":10.0},{"damage":34,"enemies":"2 Thieves","floor":18,"turns":4},{"damage":16,"enemies":"Spheric Guardian","floor":20,"turns":4},{"damage":11,"enemies":"Centurion and Healer","floor":21,"turns":1}],"seed_played":"-1998115454918915262","potions_obtained":[{"floor":1.0,"key":"Dexterity Potion"},{"floor":12.0,"key":"FairyPotion"},{"floor":14.0,"key":"Swift Potion"},{"floor":16.0,"key":"FocusPotion"}],"is_trial":false,"path_per_floor":["M","?","M","?","?","E","R","M","T","$","R","E","?","M","R","B",null,"M","$","M","M"],"character_chosen":"DEFECT","items_purchased":["Self Repair"],"campfire_rested":0,"item_purchase_floors":[19],"current_hp_per_floor":[64,64,64,46,64,64,64,63,63,63,63,58,58,30,30,18,53,19,19,10,0],"gold":119,"neow_bonus":"THREE_ENEMY_KILL","is_prod":false,"is_daily":false,"chose_seed":false,"campfire_upgraded":3,"win_rate":0,"timestamp":1551441729,"path_taken":["M","?","M","?","?","E","R","M","T","?","R","E","?","M","R","BOSS","M","$","M","M"],"build_version":"2019-01-23","purchased_purges":2,"victory":false,"max_hp_per_floor":[71,64,64,64,64,64,64,64,64,64,64,64,64,64,64,64,64,64,64,64,64],"card_choices":[{"not_picked":["Storm","Beam Cell"],"picked":"Conserve Battery","floor":1.0},{"not_picked":["Reinforced Body","Compile Driver"],"picked":"Ball Lightning","floor":3.0},{"not_picked":["Genetic Algorithm","Ball Lightning"],"picked":"Barrage","floor":6.0},{"not_picked":["Genetic Algorithm","Gash","Sweeping Beam"],"picked":"SKIP","floor":8.0},{"not_picked":["Genetic Algorithm","Gash"],"picked":"Sweeping Beam","floor":8.0},{"not_picked":["Stack","Conserve Battery","Reinforced Body"],"picked":"SKIP","floor":12.0},{"not_picked":["Gash","Turbo"],"picked":"Coolheaded","floor":14.0},{"not_picked":["Biased Cognition","All For One"],"picked":"Core Surge","floor":16.0},{"not_picked":["Gash","Doom and Gloom+1"],"picked":"Defragment","floor":18},{"not_picked":["Go for the Eyes","Conserve Battery","Gash"],"picked":"SKIP","floor":20}],"player_experience":922081,"relics_obtained":[{"floor":6.0,"key":"Juzu Bracelet"},{"floor":9.0,"key":"Unceasing Top"},{"floor":12.0,"key":"Torii"}],"event_choices":[{"damage_healed":0.0,"max_hp_gain":0.0,"max_hp_loss":7.0,"gold_gain":0.0,"event_name":"Golden Idol","player_choice":"Lose Max HP","floor":2.0,"gold_loss":0.0,"damage_taken":0.0,"relics_obtained":["Golden Idol"]},{"damage_healed":0.0,"max_hp_gain":0.0,"max_hp_loss":0.0,"gold_gain":0.0,"event_name":"Scrap Ooze","player_choice":"Success","floor":4.0,"gold_loss":0.0,"damage_taken":18.0,"relics_obtained":["Incense Burner"]},{"damage_healed":21.0,"max_hp_gain":0.0,"max_hp_loss":0.0,"gold_gain":0.0,"event_name":"Big Fish","player_choice":"Banana","floor":5.0,"gold_loss":0.0,"damage_taken":0.0},{"damage_healed":0.0,"max_hp_gain":0.0,"max_hp_loss":0.0,"gold_gain":0.0,"event_name":"Shining Light","player_choice":"Ignored","floor":13.0,"gold_loss":0.0,"damage_taken":0.0}],"is_beta":false,"boss_relics":[{"not_picked":["Velvet Choker","Sozu"],"picked":"Inserter"}],"items_purged_floors":[10,19],"is_endless":false,"potions_floor_spawned":[1,12,14,16],"killed_by":"Centurion and Healer","ascension_level":20}