{"gold_per_floor":[119,129,129,143,68,68,84,97,122,132,150,150,169,189,189,189],"floor_reached":16,"playtime":571,"items_purged":["Strike_B"],"score":181,"play_id":"90615b05-bf9d-4753-951c-c39bf6582529","local_time":"20190205180240","is_ascension_mode":true,"campfire_choices":[{"data":"Redo","floor":6.0,"key":"SMITH"},{"data":"Zap","floor":12,"key":"SMITH"},{"data":"Loop","floor":15,"key":"SMITH"}],"neow_cost":"NONE","seed_source_timestamp":353655758615317,"circlet_count":0,"master_deck":["AscendersBane","Strike_B","Strike_B","Strike_B","Defend_B","Defend_B","Defend_B","Defend_B","Zap+1","Dualcast","Doom and Gloom","Redo+1","Compile Driver","Loop+1"],"special_seed":0,"relics":["Cracked Core","Dream Catcher","Lantern"],"potions_floor_usage":[],"damage_taken":[{"damage":0.0,"enemies":"Cultist","floor":1.0,"turns":3.0},{"damage":4.0,"enemies":"Jaw Worm","floor":2.0,"turns":3.0},{"damage":9.0,"enemies":"2 Louse","floor":4.0,"turns":2.0},{"damage":12.0,"enemies":"Looter","floor":7.0,"turns":3.0},{"damage":1.0,"enemies":"2 Fungi Beasts","floor":8.0,"turns":3.0},{"damage":0.0,"enemies":"Lots of Slimes","floor":10.0,"turns":2.0},{"damage":11,"enemies":"Blue Slaver","floor":11,"turns":3},{"damage":13,"enemies":"Exordium Wildlife","floor":13,"turns":3},{"damage":6,"enemies":"Exordium Thugs","floor":14,"turns":2},{"damage":5,"enemies":"Hexaghost","floor":16,"turns":5}],"seed_played":"-5015318548611192374","potions_obtained":[{"floor":1.0,"key":"EssenceOfSteel"},{"floor":4.0,"key":"Strength Potion"},{"floor":7.0,"key":"Fire Potion"},{"floor":14,"key":"Weak Potion"}],"is_trial":false,"path_per_floor":["M","M","?","M","$","R","M","M","T","M","M","R","M","M","R","B"],"character_chosen":"DEFECT","items_purchased":[],"campfire_rested":0,"item_purchase_floors":[],"current_hp_per_floor":[64,60,56,47,47,47,35,34,34,34,23,23,10,4,4,0],"gold":189,"neow_bonus":"RANDOM_COMMON_RELIC","is_prod":false,"is_daily":false,"chose_seed":false,"campfire_upgraded":3,"win_rate":0,"timestamp":1549386160,"path_taken":["M","?","?","M","$","R","M","M","T","M","M","R","?","M","R","BOSS"],"build_version":"2019-01-23","purchased_purges":1,"victory":false,"max_hp_per_floor":[71,71,71,71,71,71,71,71,71,71,71,71,71,71,71,71],"card_choices":[{"not_picked":["Blizzard","Sunder"],"picked":"Doom and Gloom","floor":1.0},{"not_picked":["Heatsinks","Stack"],"picked":"Redo","floor":2.0},{"not_picked":["Rebound","Hologram","Double Energy"],"picked":"SKIP","floor":4.0},{"not_picked":["Gash","Stack","Hologram"],"picked":"SKIP","floor":7.0},{"not_picked":["Gash","Stack","Hologram"],"picked":"SKIP","floor":7.0},{"not_picked":["Gash","Reinforced Body","Barrage"],"picked":"SKIP","floor":8.0},{"not_picked":["Aggregate","Leap","Gash"],"picked":"SKIP","floor":10.0},{"not_picked":["Gash","Rebound","Force Field"],"picked":"SKIP","floor":11},{"not_picked":["Hologram","Ball Lightning"],"picked":"Compile Driver","floor":13},{"not_picked":["Static Discharge","Stack"],"picked":"Loop","floor":14}],"player_experience":786787,"relics_obtained":[{"floor":9.0,"key":"Lantern"}],"event_choices":[{"damage_healed":0.0,"max_hp_gain":0.0,"max_hp_loss":0.0,"gold_gain":0.0,"event_name":"The Woman in Blue","player_choice":"Bought 0 Potions","floor":3.0,"gold_loss":0.0,"damage_taken":0.0}],"is_beta":false,"boss_relics":[],"items_purged_floors":[5],"is_endless":false,"potions_floor_spawned":[1,4,7,14],"killed_by":"Hexaghost","ascension_level":17}