{"gold_per_floor":[112,187,187,187,199,224,27,27,27,61,61,86,51,111,111,209,209,219,219,237,257,257],"floor_reached":22,"playtime":1018,"items_purged":[],"score":288,"play_id":"a28ee472-9750-4c08-930b-7bed7d4515b6","local_time":"20190630171007","is_ascension_mode":true,"campfire_choices":[{"data":"Metallicize","floor":8,"key":"SMITH"},{"data":"Metallicize","floor":11,"key":"SMITH"},{"data":"Combust","floor":15,"key":"SMITH"}],"neow_cost":"NONE","seed_source_timestamp":1467278328624860,"circlet_count":0,"master_deck":["Strike_R","Strike_R","Strike_R","Strike_R","Strike_R","Defend_R","Defend_R","Defend_R","Defend_R","Bash","Metallicize+1","Hemokinesis","Metallicize+1","Combust+1","Immolate","Clash+1","Combust"],"relics":["Burning Blood","Dream Catcher","Brimstone","Mango","Shuriken","Regal Pillow","StoneCalendar","Runic Cube"],"potions_floor_usage":[6,6,21,22],"damage_taken":[{"damage":1,"enemies":"Cultist","floor":1,"turns":4},{"damage":0,"enemies":"Small Slimes","floor":5,"turns":4},{"damage":33,"enemies":"3 Sentries","floor":6,"turns":10},{"damage":7,"enemies":"Gremlin Nob","floor":10,"turns":3},{"damage":37,"enemies":"Lagavulin","floor":12,"turns":5},{"damage":21,"enemies":"3 Sentries","floor":14,"turns":5},{"damage":11,"enemies":"Slime Boss","floor":16,"turns":5},{"damage":56,"enemies":"3 Byrds","floor":18,"turns":4},{"damage":10,"enemies":"Spheric Guardian","floor":20,"turns":3},{"damage":45,"enemies":"Shelled Parasite and Fungi","floor":21,"turns":5},{"damage":19,"enemies":"Chosen and Byrds","floor":22,"turns":4}],"seed_played":"-742766487309961417","potions_obtained":[{"floor":1,"key":"Block Potion"},{"floor":3,"key":"SpeedPotion"},{"floor":3,"key":"FairyPotion"},{"floor":3,"key":"GamblersBrew"},{"floor":16,"key":"BloodPotion"},{"floor":20,"key":"Explosive Potion"}],"is_trial":false,"path_per_floor":["M","?","?","$","M","E","$","R","T","E","R","E","?","?","R","B",null,"M","?","M","M","M"],"character_chosen":"IRONCLAD","items_purchased":["Brimstone"],"campfire_rested":0,"item_purchase_floors":[7],"current_hp_per_floor":[88,77,77,77,83,56,56,56,70,69,69,38,63,48,48,43,102,52,52,48,19,0],"gold":257,"neow_bonus":"TEN_PERCENT_HP_BONUS","is_prod":false,"is_daily":false,"chose_seed":false,"campfire_upgraded":3,"win_rate":0,"timestamp":1561929007,"path_taken":["M","?","?","$","?","E","$","R","T","E","R","E","?","?","R","BOSS","M","?","?","M","M"],"build_version":"2019-01-23","purchased_purges":0,"victory":false,"max_hp_per_floor":[88,88,88,88,88,88,88,88,102,102,102,102,102,102,102,102,102,102,102,102,102,102],"card_choices":[{"not_picked":["Wild Strike","Perfected Strike"],"picked":"Metallicize","floor":1},{"not_picked":["Thunderclap","Searing Blow"],"picked":"Hemokinesis","floor":5},{"not_picked":["Perfected Strike","Seeing Red","Iron Wave"],"picked":"SKIP","floor":6},{"not_picked":["Thunderclap","Flex"],"picked":"Metallicize","floor":10},{"not_picked":["Sword Boomerang","Pommel Strike"],"picked":"Combust","floor":12},{"not_picked":["Berserk","Juggernaut"],"picked":"Immolate","floor":16},{"not_picked":["Second Wind+1","Rupture"],"picked":"Clash+1","floor":18},{"not_picked":["Disarm","Perfected Strike","Body Slam"],"picked":"SKIP","floor":20},{"not_picked":["Pommel Strike","Dual Wield+1"],"picked":"Combust","floor":21}],"player_experience":72665,"relics_obtained":[{"floor":6,"key":"Dream Catcher"},{"floor":9,"key":"Mango"},{"floor":10,"key":"Shuriken"},{"floor":12,"key":"Regal Pillow"},{"floor":14,"key":"StoneCalendar"}],"event_choices":[{"damage_healed":0,"gold_gain":75,"player_choice":"Gather Gold","damage_taken":11,"max_hp_gain":0,"max_hp_loss":0,"event_name":"World of Goop","floor":2,"gold_loss":0},{"damage_healed":0,"gold_gain":0,"player_choice":"Got Potions","damage_taken":0,"max_hp_gain":0,"max_hp_loss":0,"event_name":"Lab","floor":3,"gold_loss":0},{"damage_healed":25,"gold_gain":0,"player_choice":"Healed","damage_taken":0,"max_hp_gain":0,"max_hp_loss":0,"event_name":"The Cleric","floor":13,"gold_loss":35},{"damage_healed":0,"gold_gain":30,"player_choice":"Searched \u00272\u0027 times","damage_taken":0,"max_hp_gain":0,"max_hp_loss":0,"event_name":"Dead Adventurer","floor":14,"gold_loss":0},{"damage_healed":0,"gold_gain":0,"player_choice":"Ignored","damage_taken":0,"max_hp_gain":0,"max_hp_loss":0,"event_name":"N\u0027loth","floor":19,"gold_loss":0}],"is_beta":false,"boss_relics":[{"not_picked":["Runic Dome","Lizard Tail"],"picked":"Runic Cube"}],"items_purged_floors":[],"is_endless":false,"potions_floor_spawned":[1,5,16,20],"killed_by":"Chosen and Byrds","ascension_level":1}