{"gold_per_floor":[11,30,30,105,105,105,125,142,166,176,176,176,205,222,222,327,377,387,302,302,1,13,13,13,13,38,38,49,59,79,79,79,177,177,191,191,204,104,121,121,69,92,92,111,140,153,153,183,183,183,183,183,58,93,93],"floor_reached":56,"playtime":2489,"items_purged":["Strike_B","Strike_B","Defend_B"],"score":1226,"play_id":"a3998239-c5a8-4514-9c04-cf892b9439c7","local_time":"20190109184006","is_ascension_mode":true,"campfire_choices":[{"data":"Zap","floor":6.0,"key":"SMITH"},{"floor":11.0,"key":"REST"},{"data":"Redo","floor":15.0,"key":"SMITH"},{"data":"Loop","floor":23.0,"key":"SMITH"},{"data":"Consume","floor":25.0,"key":"SMITH"},{"data":"Dualcast","floor":27.0,"key":"SMITH"},{"floor":32.0,"key":"RECALL"},{"data":"Machine Learning","floor":40.0,"key":"SMITH"},{"data":"Coolheaded","floor":47.0,"key":"SMITH"},{"floor":49.0,"key":"REST"},{"data":"Dark Shackles","floor":52.0,"key":"SMITH"}],"neow_cost":"NO_GOLD","seed_source_timestamp":246625459783731,"circlet_count":0,"master_deck":["Strike_B+1","Defend_B+1","Zap+1","Dualcast+1","Conserve Battery","Genetic Algorithm","Redo+1","Coolheaded+1","Consume+1","Defragment+1","Loop+1","Undo","Dark Shackles+1","Machine Learning+1","Compile Driver+1","Coolheaded+1","Compile Driver","Coolheaded+1","Electrodynamics"],"special_seed":0,"relics":["Cracked Core","Blood Vial","DataDisk","Tiny House","Matryoshka","MutagenicStrength","PreservedInsect","Anchor","Inserter","Juzu Bracelet","Omamori","Boot","Centennial Puzzle","Regal Pillow","Oddly Smooth Stone"],"potions_floor_usage":[],"damage_taken":[{"damage":0.0,"enemies":"Small Slimes","floor":1.0,"turns":2.0},{"damage":0.0,"enemies":"Jaw Worm","floor":2.0,"turns":3.0},{"damage":3.0,"enemies":"2 Louse","floor":7.0,"turns":2.0},{"damage":8.0,"enemies":"Exordium Wildlife","floor":8.0,"turns":3.0},{"damage":7.0,"enemies":"Looter","floor":10.0,"turns":3.0},{"damage":16.0,"enemies":"Lagavulin","floor":13.0,"turns":6.0},{"damage":2.0,"enemies":"Exordium Thugs","floor":14.0,"turns":4.0},{"damage":22.0,"enemies":"Hexaghost","floor":16.0,"turns":12.0},{"damage":19.0,"enemies":"2 Thieves","floor":18.0,"turns":3.0},{"damage":8.0,"enemies":"3 Byrds","floor":22.0,"turns":3.0},{"damage":1.0,"enemies":"Sentry and Sphere","floor":28.0,"turns":6.0},{"damage":7.0,"enemies":"Snake Plant","floor":29.0,"turns":4.0},{"damage":4.0,"enemies":"Centurion and Healer","floor":30.0,"turns":11.0},{"damage":9.0,"enemies":"Champ","floor":33.0,"turns":11.0},{"damage":6.0,"enemies":"3 Shapes","floor":35.0,"turns":6.0},{"damage":3.0,"enemies":"Orb Walker","floor":37.0,"turns":5.0},{"damage":5.0,"enemies":"4 Shapes","floor":39.0,"turns":6.0},{"damage":7.0,"enemies":"Writhing Mass","floor":44.0,"turns":6.0},{"damage":4.0,"enemies":"Nemesis","floor":45.0,"turns":6.0},{"damage":4.0,"enemies":"Sphere and 2 Shapes","floor":46.0,"turns":6.0},{"damage":39.0,"enemies":"Reptomancer","floor":48.0,"turns":8.0},{"damage":20.0,"enemies":"Donu and Deca","floor":50.0,"turns":13.0},{"damage":29.0,"enemies":"Shield and Spear","floor":54.0,"turns":6.0},{"damage":47,"enemies":"The Heart","floor":55,"turns":14}],"seed_played":"460326525786699441","potions_obtained":[{"floor":2.0,"key":"Strength Potion"},{"floor":7.0,"key":"Explosive Potion"},{"floor":10.0,"key":"AttackPotion"},{"floor":13.0,"key":"Fire Potion"},{"floor":17.0,"key":"Regen Potion"},{"floor":22.0,"key":"Ancient Potion"},{"floor":29.0,"key":"Regen Potion"},{"floor":30.0,"key":"Explosive Potion"},{"floor":35.0,"key":"Regen Potion"},{"floor":37.0,"key":"PowerPotion"},{"floor":48.0,"key":"Energy Potion"}],"is_trial":false,"path_per_floor":["M","M","?","?","?","R","M","M","T","M","R","?","E","M","R","B",null,"M","?","?","$","M","R","?","R","T","R","M","M","M","?","R","B",null,"M","?","M","$","M","R","$","T","T","M","E","M","R","E","R","B",null,"R","$","E","B",null],"character_chosen":"DEFECT","items_purchased":["PreservedInsect","Loop","Coolheaded"],"campfire_rested":2,"item_purchase_floors":[21,21,41],"current_hp_per_floor":[75,75,60,49,42,42,39,31,31,26,48,48,34,34,34,14,80,61,61,61,61,55,55,55,55,55,55,56,51,64,48,48,41,80,74,74,73,73,70,70,70,70,70,65,63,61,61,24,63,45,80,80,80,51,6],"gold":93,"neow_bonus":"REMOVE_TWO","is_prod":false,"is_daily":false,"chose_seed":false,"campfire_upgraded":8,"win_rate":0,"timestamp":1547055606,"path_taken":["M","M","?","?","?","R","M","M","T","M","R","?","E","M","R","BOSS","M","?","?","$","?","R","?","R","T","R","M","M","?","?","R","BOSS","M","?","M","$","M","R","$","?","T","M","E","M","R","E","R","BOSS","R","$","E","BOSS"],"build_version":"2019-01-03v4","purchased_purges":3,"victory":true,"max_hp_per_floor":[75,75,75,75,75,75,75,75,75,75,75,75,75,75,75,75,80,80,80,80,80,80,80,80,80,80,80,80,80,80,80,80,80,80,80,80,80,80,80,80,80,80,80,80,80,80,80,80,80,80,80,80,80,80,80],"card_choices":[{"not_picked":["Turbo","Double Energy"],"picked":"Conserve Battery","floor":1.0},{"not_picked":["Leap","Sunder","Steam Power"],"picked":"SKIP","floor":2.0},{"not_picked":["Hologram","Stack","Chaos"],"picked":"SKIP","floor":7.0},{"not_picked":["Redo","Scrape"],"picked":"Genetic Algorithm","floor":8.0},{"not_picked":["White Noise","Reboot"],"picked":"Redo","floor":10.0},{"not_picked":["Steam","Meteor Strike"],"picked":"Coolheaded","floor":13.0},{"not_picked":["Streamline","Steam Power","Force Field"],"picked":"SKIP","floor":14.0},{"not_picked":["Hyperbeam","Buffer"],"picked":"Multi-Cast","floor":16.0},{"not_picked":["Stack","Sweeping Beam"],"picked":"Consume","floor":17.0},{"not_picked":["Ball Lightning","Conserve Battery"],"picked":"Defragment+1","floor":18.0},{"not_picked":["Beam Cell","Rip and Tear","Stack"],"picked":"SKIP","floor":22.0},{"not_picked":["Force Field","Blizzard+1","Melter"],"picked":"SKIP","floor":28.0},{"not_picked":["Redo","Consume","Barrage"],"picked":"SKIP","floor":29.0},{"not_picked":["Steam Power+1","Go for the Eyes","Redo"],"picked":"SKIP","floor":30.0},{"not_picked":["Core Surge","Creative AI"],"picked":"Machine Learning","floor":33.0},{"not_picked":["Go for the Eyes","Sweeping Beam","Lockon+1"],"picked":"SKIP","floor":35.0},{"not_picked":["White Noise+1","Sweeping Beam"],"picked":"Compile Driver+1","floor":37.0},{"not_picked":["Barrage","Streamline","Gash+1"],"picked":"SKIP","floor":39.0},{"not_picked":["Turbo+1","Gash+1","Recycle"],"picked":"SKIP","floor":44.0},{"not_picked":["Static Discharge+1","Conserve Battery"],"picked":"Compile Driver","floor":45.0},{"not_picked":["Gash","Conserve Battery+1"],"picked":"Coolheaded+1","floor":46.0},{"not_picked":["Conserve Battery","Static Discharge+1","Steam Power"],"picked":"SKIP","floor":48.0},{"not_picked":["Sweeping Beam+1","Aggregate+1"],"picked":"Electrodynamics","floor":54.0}],"player_experience":647143,"relics_obtained":[{"floor":9.0,"key":"Blood Vial"},{"floor":13.0,"key":"DataDisk"},{"floor":26.0,"key":"Anchor"},{"floor":42.0,"key":"Juzu Bracelet"},{"floor":42.0,"key":"Omamori"},{"floor":43.0,"key":"Boot"},{"floor":45.0,"key":"Centennial Puzzle"},{"floor":48.0,"key":"Regal Pillow"},{"floor":54.0,"key":"Oddly Smooth Stone"}],"event_choices":[{"damage_healed":0.0,"max_hp_gain":0.0,"max_hp_loss":0.0,"gold_gain":0.0,"event_name":"Shining Light","player_choice":"Entered Light","floor":3.0,"gold_loss":0.0,"damage_taken":15.0,"cards_upgraded":["Strike_B","Defend_B"]},{"damage_healed":0.0,"max_hp_gain":0.0,"max_hp_loss":0.0,"gold_gain":75.0,"event_name":"World of Goop","player_choice":"Gather Gold","floor":4.0,"gold_loss":0.0,"damage_taken":11.0},{"cards_removed":["Defend_B"],"damage_healed":0.0,"max_hp_gain":0.0,"max_hp_loss":0.0,"gold_gain":0.0,"event_name":"Golden Wing","player_choice":"Card Removal","floor":5.0,"gold_loss":0.0,"damage_taken":7.0},{"damage_healed":0.0,"max_hp_gain":0.0,"max_hp_loss":0.0,"gold_gain":0.0,"event_name":"Liars Game","player_choice":"Ignored","floor":12.0,"gold_loss":0.0,"damage_taken":0.0},{"damage_healed":0.0,"max_hp_gain":0.0,"max_hp_loss":0.0,"gold_gain":0.0,"event_name":"Addict","player_choice":"Obtained Relic","floor":19.0,"gold_loss":85.0,"damage_taken":0.0,"relics_obtained":["Matryoshka"]},{"damage_healed":0.0,"max_hp_gain":0.0,"max_hp_loss":0.0,"gold_gain":0.0,"event_name":"Drug Dealer","player_choice":"Inject Mutagens","floor":20.0,"gold_loss":0.0,"damage_taken":0.0,"relics_obtained":["MutagenicStrength"]},{"damage_healed":0.0,"max_hp_gain":0.0,"max_hp_loss":0.0,"gold_gain":0.0,"cards_transformed":["Multi-Cast"],"event_name":"Transmorgrifier","player_choice":"Transformed","floor":24.0,"gold_loss":0.0,"damage_taken":0.0,"cards_obtained":["Undo"]},{"damage_healed":0.0,"max_hp_gain":0.0,"max_hp_loss":0.0,"gold_gain":0.0,"event_name":"Knowing Skull","player_choice":"CARD ","floor":31.0,"potions_obtained":[],"gold_loss":0.0,"damage_taken":16.0,"cards_obtained":["Dark Shackles"]},{"damage_healed":0.0,"max_hp_gain":0.0,"max_hp_loss":0.0,"gold_gain":0.0,"event_name":"Match and Keep!","player_choice":"0 cards matched","floor":36.0,"gold_loss":0.0,"damage_taken":0.0,"cards_obtained":[]}],"is_beta":false,"boss_relics":[{"not_picked":["Fusion Hammer","Pandora\u0027s Box"],"picked":"Tiny House"},{"not_picked":["Lizard Tail","Astrolabe"],"picked":"Inserter"}],"items_purged_floors":[21,38,53],"is_endless":false,"potions_floor_spawned":[2,7,10,13,22,29,30,35,37,48],"ascension_level":1}