{"gold_per_floor":[117,117,117,135,64,93,23,57,57,57,67,79,4,23,23,23],"floor_reached":16,"playtime":317,"items_purged":["Bash"],"score":142,"play_id":"0ebf3ebb-d7d2-453b-8a5f-e6d7f3598bea","local_time":"20190716172646","is_ascension_mode":true,"campfire_choices":[{"floor":10,"key":"DIG"},{"data":"Barricade","floor":15,"key":"SMITH"}],"neow_cost":"NONE","seed_source_timestamp":450381320729143,"circlet_count":0,"master_deck":["Strike_R","Strike_R","Strike_R","Strike_R","Strike_R","Defend_R","Defend_R","Defend_R","Defend_R","Flex","True Grit","Corruption","Cleave","Feel No Pain","Disarm","Flex","Barricade+1","Intimidate"],"relics":["Burning Blood","NeowsBlessing","Shovel","Pen Nib","Molten Egg 2","Calipers","Regal Pillow"],"potions_floor_usage":[8],"damage_taken":[{"damage":0,"enemies":"2 Louse","floor":1,"turns":1},{"damage":0,"enemies":"Small Slimes","floor":4,"turns":1},{"damage":0,"enemies":"Gremlin Nob","floor":6,"turns":1},{"damage":36,"enemies":"Lagavulin","floor":8,"turns":9},{"damage":1,"enemies":"Jaw Worm","floor":11,"turns":4},{"damage":32,"enemies":"Exordium Thugs","floor":12,"turns":6},{"damage":6,"enemies":"Red Slaver","floor":14,"turns":5},{"damage":26,"enemies":"The Guardian","floor":16,"turns":7}],"seed_played":"4565016367871370766","potions_obtained":[{"floor":1,"key":"Poison Potion"},{"floor":12,"key":"Explosive Potion"}],"is_trial":false,"path_per_floor":["M","?","?","M","$","E","$","E","T","R","M","M","$","M","R","B"],"character_chosen":"IRONCLAD","items_purchased":["Corruption","Feel No Pain"],"campfire_rested":0,"item_purchase_floors":[5,7],"current_hp_per_floor":[80,85,73,79,79,85,85,55,55,55,60,34,34,34,34,8],"gold":23,"neow_bonus":"THREE_ENEMY_KILL","is_prod":false,"is_daily":false,"chose_seed":false,"campfire_upgraded":1,"win_rate":0,"timestamp":1563316006,"path_taken":["M","?","?","M","$","E","?","E","T","R","M","M","$","?","R","BOSS"],"build_version":"2019-07-05","purchased_purges":1,"victory":false,"max_hp_per_floor":[80,85,85,85,85,85,85,85,85,85,85,85,85,85,85,85],"card_choices":[{"not_picked":["Combust","Perfected Strike"],"picked":"Flex","floor":1},{"not_picked":["Perfected Strike","Thunderclap"],"picked":"True Grit","floor":4},{"not_picked":["Reckless Charge","Clothesline"],"picked":"Cleave","floor":6},{"not_picked":["Berserk","Armaments"],"picked":"Disarm","floor":8},{"not_picked":["Wild Strike+1","Sword Boomerang+1"],"picked":"Flex","floor":11},{"not_picked":["Iron Wave+1","Perfected Strike+1"],"picked":"Barricade","floor":12},{"not_picked":["Dual Wield","Sword Boomerang+1"],"picked":"Intimidate","floor":14}],"player_experience":95050,"relics_obtained":[{"floor":6,"key":"Pen Nib"},{"floor":8,"key":"Molten Egg 2"},{"floor":9,"key":"Calipers"},{"floor":10,"key":"Regal Pillow"}],"event_choices":[{"damage_healed":0,"gold_gain":0,"player_choice":"Donut","damage_taken":0,"max_hp_gain":5,"max_hp_loss":0,"event_name":"Big Fish","floor":2,"gold_loss":0},{"damage_healed":0,"gold_gain":0,"player_choice":"Success","damage_taken":12,"relics_obtained":["Shovel"],"max_hp_gain":0,"max_hp_loss":0,"event_name":"Scrap Ooze","floor":3,"gold_loss":0}],"is_beta":false,"boss_relics":[],"items_purged_floors":[13],"is_endless":false,"potions_floor_spawned":[1,12],"killed_by":"The Guardian","ascension_level":1}