{"gold_per_floor":[109,109,34,45,59,59,109,109,188,523,238,254,254,254,254,254],"floor_reached":16,"playtime":309,"items_purged":["Strike_R"],"score":196,"play_id":"09dd0834-16e0-4080-814c-e2cfcb25cd51","local_time":"20190308192030","is_ascension_mode":true,"campfire_choices":[{"data":"Bash","floor":6,"key":"SMITH"},{"data":"Limit Break","floor":8,"key":"SMITH"},{"data":"Heavy Blade","floor":15,"key":"SMITH"}],"neow_cost":"NONE","seed_source_timestamp":4029034262914,"circlet_count":0,"master_deck":["AscendersBane","Strike_R","Strike_R","Strike_R","Defend_R","Defend_R","Defend_R","Defend_R","Bash+1","Headbutt","Limit Break+1","Heavy Blade+1"],"relics":["Burning Blood","NeowsBlessing","Old Coin","HandDrill","Gambling Chip"],"potions_floor_usage":[10,12],"damage_taken":[{"damage":0,"enemies":"Small Slimes","floor":1,"turns":1},{"damage":0,"enemies":"Cultist","floor":4,"turns":1},{"damage":0,"enemies":"Jaw Worm","floor":5,"turns":1},{"damage":30,"enemies":"3 Sentries","floor":10,"turns":6},{"damage":29,"enemies":"Lots of Slimes","floor":12,"turns":6},{"damage":0,"enemies":"Hexaghost","floor":16,"turns":2}],"seed_played":"-7070232078510560862","potions_obtained":[{"floor":1,"key":"BloodPotion"},{"floor":4,"key":"SteroidPotion"},{"floor":12,"key":"FearPotion"}],"is_trial":false,"path_per_floor":["M","?","$","M","M","R","?","R","T","E","$","M","T","?","R","B"],"character_chosen":"IRONCLAD","items_purchased":["Limit Break","HandDrill"],"campfire_rested":0,"item_purchase_floors":[3,11],"current_hp_per_floor":[74,74,74,75,75,75,75,75,75,51,51,35,35,24,24,24],"gold":254,"neow_bonus":"THREE_ENEMY_KILL","is_prod":false,"is_daily":false,"chose_seed":false,"campfire_upgraded":3,"win_rate":0,"timestamp":1552069230,"path_taken":["M","?","$","M","?","R","?","R","T","E","$","?","?","?","R","BOSS"],"build_version":"2019-01-23","purchased_purges":1,"victory":false,"max_hp_per_floor":[75,75,75,75,75,75,75,75,75,75,75,75,75,75,75,75],"card_choices":[{"not_picked":["Havoc","Body Slam"],"picked":"Headbutt","floor":1},{"not_picked":["Second Wind","Hemokinesis","Carnage"],"picked":"SKIP","floor":4},{"not_picked":["Sword Boomerang","Seeing Red"],"picked":"Heavy Blade","floor":5},{"not_picked":["Sword Boomerang","Feed","Hemokinesis"],"picked":"SKIP","floor":10},{"not_picked":["Carnage","Entrench","Wild Strike"],"picked":"SKIP","floor":12}],"player_experience":955999,"relics_obtained":[{"floor":10,"key":"Old Coin"},{"floor":13,"key":"Gambling Chip"}],"event_choices":[{"cards_removed":["Strike_R"],"damage_healed":0,"gold_gain":0,"player_choice":"Purged","damage_taken":0,"max_hp_gain":0,"max_hp_loss":0,"event_name":"Purifier","floor":2,"gold_loss":0},{"damage_healed":0,"gold_gain":50,"player_choice":"Pray","damage_taken":0,"max_hp_gain":0,"max_hp_loss":0,"event_name":"Golden Shrine","floor":7,"gold_loss":0},{"damage_healed":0,"gold_gain":0,"player_choice":"Damaged","damage_taken":11,"max_hp_gain":0,"max_hp_loss":0,"event_name":"Wheel of Change","floor":14,"gold_loss":0}],"is_beta":false,"boss_relics":[],"items_purged_floors":[11],"is_endless":false,"potions_floor_spawned":[1,4,12],"killed_by":"Hexaghost","ascension_level":20}