{"gold_per_floor":[211,38,57,57,57,57,81,81,135,150,150,185,185,208,208,208],"floor_reached":16,"playtime":749,"items_purged":["Strike_R"],"score":195,"play_id":"236a284e-c9bf-45ff-864c-1b2a29dcc370","local_time":"20190224153716","is_ascension_mode":true,"campfire_choices":[{"data":"Bash","floor":6.0,"key":"SMITH"},{"data":"Battle Trance","floor":11,"key":"SMITH"},{"data":"Iron Wave","floor":13,"key":"SMITH"},{"data":"Burning Pact","floor":15,"key":"SMITH"}],"neow_cost":"NONE","seed_source_timestamp":1447267430172518,"circlet_count":0,"master_deck":["AscendersBane","Strike_R","Strike_R","Strike_R","Strike_R","Defend_R","Defend_R","Defend_R","Bash+1","Burning Pact+1","Power Through","Iron Wave+1","Battle Trance+1","Headbutt","Cleave","Flame Barrier","Wild Strike"],"special_seed":0,"relics":["Burning Blood","Golden Idol","Strawberry","Letter Opener"],"potions_floor_usage":[12],"damage_taken":[{"damage":5.0,"enemies":"Small Slimes","floor":1.0,"turns":3.0},{"damage":12.0,"enemies":"Jaw Worm","floor":3.0,"turns":4.0},{"damage":2.0,"enemies":"Cultist","floor":7.0,"turns":4.0},{"damage":16,"enemies":"Blue Slaver","floor":10,"turns":3},{"damage":16,"enemies":"Gremlin Nob","floor":12,"turns":4},{"damage":1,"enemies":"2 Fungi Beasts","floor":14,"turns":4},{"damage":52,"enemies":"The Guardian","floor":16,"turns":12}],"seed_played":"-7185407272468468940","potions_obtained":[{"floor":3.0,"key":"SkillPotion"},{"floor":12,"key":"Ancient Potion"}],"is_trial":false,"path_per_floor":["M","$","M","?","?","R","M","?","T","M","R","E","R","M","R","B"],"character_chosen":"IRONCLAD","items_purchased":["Power Through","Iron Wave"],"campfire_rested":0,"item_purchase_floors":[2,2],"current_hp_per_floor":[69,69,63,56,56,56,60,60,67,57,57,47,47,52,52,0],"gold":208,"neow_bonus":"HUNDRED_GOLD","is_prod":false,"is_daily":false,"chose_seed":false,"campfire_upgraded":4,"win_rate":0,"timestamp":1551019036,"path_taken":["M","$","M","?","?","R","M","?","T","M","R","E","R","M","R","BOSS"],"build_version":"2019-01-23","purchased_purges":1,"victory":false,"max_hp_per_floor":[75,75,75,75,68,68,68,68,75,75,75,75,75,75,75,75],"card_choices":[{"not_picked":["Havoc","True Grit"],"picked":"Burning Pact","floor":1.0},{"not_picked":["Ghostly Armor","Havoc"],"picked":"Battle Trance","floor":3.0},{"not_picked":["Flex","Clothesline"],"picked":"Headbutt","floor":7.0},{"not_picked":["Wild Strike","Warcry"],"picked":"Cleave","floor":10},{"not_picked":["Dropkick","Shrug It Off"],"picked":"Flame Barrier","floor":12},{"not_picked":["Twin Strike","Power Through"],"picked":"Wild Strike","floor":14}],"player_experience":888439,"relics_obtained":[{"floor":9,"key":"Strawberry"},{"floor":12,"key":"Letter Opener"}],"event_choices":[{"cards_removed":["Defend_R"],"damage_healed":0.0,"max_hp_gain":0.0,"max_hp_loss":0.0,"gold_gain":0.0,"event_name":"Golden Wing","player_choice":"Card Removal","floor":4.0,"gold_loss":0.0,"damage_taken":7.0},{"damage_healed":0.0,"max_hp_gain":0.0,"max_hp_loss":7.0,"gold_gain":0.0,"event_name":"Golden Idol","player_choice":"Lose Max HP","floor":5.0,"gold_loss":0.0,"damage_taken":0.0,"relics_obtained":["Golden Idol"]},{"damage_healed":0,"gold_gain":0,"player_choice":"Searched \u00270\u0027 times","damage_taken":0,"max_hp_gain":0,"max_hp_loss":0,"event_name":"Dead Adventurer","floor":8,"gold_loss":0}],"is_beta":false,"boss_relics":[],"items_purged_floors":[2],"is_endless":false,"potions_floor_spawned":[3,12],"killed_by":"The Guardian","ascension_level":19}