{"gold_per_floor":[119,119,130,149,149,181,1,1,1,20,31,59,71,83,83,180,180,153,153,173,173,98,170,170,13,67,80,80,93,125,175,175,276,276,295,16,16,27,27,27,27],"floor_reached":41,"playtime":1909,"items_purged":[],"score":471,"play_id":"e8230b99-6b92-41a3-b3fb-eff0d0b5877b","local_time":"20190730212918","is_ascension_mode":false,"campfire_choices":[{"data":"Body Slam","floor":8.0,"key":"SMITH"},{"data":"Metamorphosis","floor":15.0,"key":"SMITH"},{"data":"Armaments","floor":24,"key":"SMITH"},{"data":"Body Slam","floor":32,"key":"SMITH"},{"floor":40,"key":"RECALL"}],"neow_cost":"CURSE","seed_source_timestamp":0,"circlet_count":0,"master_deck":["Strike_R","Strike_R","Strike_R","Defend_R","Defend_R","Defend_R","Defend_R","Bash","Body Slam+1","Ghostly Armor","Feel No Pain","Metallicize","Metamorphosis+1","Armaments+1","Power Through","Ghostly Armor","Berserk","Body Slam+1","Ghostly","Ghostly","Ghostly","Ghostly","Ghostly","Double Tap","Chrysalis","Jack Of All Trades","Iron Wave","Metamorphosis+1"],"special_seed":0,"relics":["Burning Blood","Incense Burner","Ginger","Singing Bowl","Lizard Tail","Bottled Tornado","Oddly Smooth Stone","Pen Nib","Du-Vu Doll","Fusion Hammer","GremlinMask"],"potions_floor_usage":[30,33,33,41],"damage_taken":[{"damage":11.0,"enemies":"Jaw Worm","floor":1.0,"turns":4.0},{"damage":11.0,"enemies":"Cultist","floor":3.0,"turns":5.0},{"damage":0.0,"enemies":"Small Slimes","floor":4.0,"turns":5.0},{"damage":23.0,"enemies":"Gremlin Nob","floor":6.0,"turns":6.0},{"damage":9.0,"enemies":"Blue Slaver","floor":10.0,"turns":2.0},{"damage":0.0,"enemies":"Looter","floor":11.0,"turns":3.0},{"damage":2.0,"enemies":"3 Sentries","floor":12.0,"turns":9.0},{"damage":0.0,"enemies":"2 Fungi Beasts","floor":13.0,"turns":4.0},{"damage":0.0,"enemies":"Red Slaver","floor":14.0,"turns":4.0},{"damage":76.0,"enemies":"Hexaghost","floor":16.0,"turns":13.0},{"damage":23.0,"enemies":"2 Thieves","floor":18.0,"turns":5.0},{"damage":26.0,"enemies":"3 Byrds","floor":20.0,"turns":7.0},{"damage":15,"enemies":"Shelled Parasite and Fungi","floor":27,"turns":6},{"damage":0,"enemies":"3 Cultists","floor":29,"turns":6},{"damage":0,"enemies":"Book of Stabbing","floor":30,"turns":6},{"damage":80,"enemies":"Automaton","floor":33,"turns":14},{"damage":30,"enemies":"3 Shapes","floor":35,"turns":7},{"damage":10,"enemies":"3 Darklings","floor":38,"turns":8},{"damage":66,"enemies":"Giant Head","floor":41,"turns":10}],"seed_played":"5846485465323984874","potions_obtained":[{"floor":1.0,"key":"Poison Potion"},{"floor":2.0,"key":"Strength Potion"},{"floor":2.0,"key":"FairyPotion"},{"floor":6.0,"key":"SteroidPotion"},{"floor":11.0,"key":"EssenceOfSteel"},{"floor":16.0,"key":"Strength Potion"},{"floor":27,"key":"SteroidPotion"},{"floor":30,"key":"Block Potion"},{"floor":33,"key":"EssenceOfSteel"}],"is_trial":false,"path_per_floor":["M","?","M","M","?","E","$","R","T","M","M","E","M","M","R","B",null,"M","?","M","?","?","T","R","$","T","M","?","M","E","?","R","B",null,"M","$","?","M","?","R","E"],"character_chosen":"IRONCLAD","items_purchased":["Metamorphosis","Oddly Smooth Stone","Chrysalis","Jack Of All Trades","Iron Wave"],"campfire_rested":0,"item_purchase_floors":[7,25,36,36,36],"current_hp_per_floor":[75,75,70,76,76,59,59,59,59,56,62,68,76,82,82,12,84,69,69,51,51,51,51,51,51,51,44,44,47,49,49,49,10,49,27,27,27,25,25,25,0],"gold":27,"neow_bonus":"ONE_RARE_RELIC","is_prod":false,"is_daily":false,"chose_seed":false,"campfire_upgraded":4,"win_rate":0,"timestamp":1564540158,"path_taken":["M","?","?","M","?","E","?","R","T","M","M","E","M","M","R","BOSS","M","?","M","?","?","?","R","$","T","M","?","M","E","?","R","BOSS","M","$","?","?","?","R","E"],"build_version":"2019-07-17","purchased_purges":0,"victory":false,"max_hp_per_floor":[80,80,80,80,80,80,80,80,80,80,80,82,84,84,84,84,84,86,86,88,88,88,88,88,88,88,90,45,47,49,49,49,49,49,51,51,51,53,53,53,53],"card_choices":[{"not_picked":["Pommel Strike","Thunderclap"],"picked":"Body Slam","floor":1.0},{"not_picked":["Iron Wave","Armaments"],"picked":"Ghostly Armor","floor":3.0},{"not_picked":["Armaments","Flex"],"picked":"Feel No Pain","floor":4.0},{"not_picked":["Wild Strike","Anger"],"picked":"Metallicize","floor":6.0},{"not_picked":["Thunderclap","Twin Strike"],"picked":"Armaments","floor":10.0},{"not_picked":["Headbutt","Dark Embrace"],"picked":"Power Through","floor":11.0},{"not_picked":["Sword Boomerang","Fire Breathing","True Grit"],"picked":"Singing Bowl","floor":12.0},{"not_picked":["Clothesline","Carnage","Rupture"],"picked":"Singing Bowl","floor":13.0},{"not_picked":["True Grit","Iron Wave"],"picked":"Ghostly Armor","floor":14.0},{"not_picked":["Impervious","Immolate"],"picked":"Berserk","floor":16.0},{"not_picked":["Ghostly Armor","Cleave+1","Flex"],"picked":"Singing Bowl","floor":18.0},{"not_picked":["Rupture+1","Clothesline","Uppercut"],"picked":"Singing Bowl","floor":20},{"not_picked":["Power Through+1","Dropkick","Second Wind"],"picked":"Singing Bowl","floor":27},{"not_picked":["Heavy Blade","Clash+1","Iron Wave+1"],"picked":"Singing Bowl","floor":29},{"not_picked":["Cleave","Headbutt","Fire Breathing+1"],"picked":"Singing Bowl","floor":30},{"not_picked":["Berserk","Dark Embrace"],"picked":"Double Tap","floor":33},{"not_picked":["Anger+1","Clash+1","Rage"],"picked":"Singing Bowl","floor":35},{"not_picked":["Flex","Headbutt","Anger+1"],"picked":"Singing Bowl","floor":38}],"player_experience":824963,"relics_obtained":[{"floor":6.0,"key":"Ginger"},{"floor":12.0,"key":"Singing Bowl"},{"floor":23,"key":"Bottled Tornado"},{"floor":26,"key":"Pen Nib"},{"floor":30,"key":"Du-Vu Doll"}],"event_choices":[{"damage_healed":0.0,"max_hp_gain":0.0,"max_hp_loss":0.0,"gold_gain":0.0,"event_name":"Lab","player_choice":"Got Potions","floor":2.0,"gold_loss":0.0,"damage_taken":0.0},{"cards_removed":["Shame"],"damage_healed":0.0,"max_hp_gain":0.0,"max_hp_loss":0.0,"gold_gain":0.0,"event_name":"Purifier","player_choice":"Purged","floor":5.0,"gold_loss":0.0,"damage_taken":0.0},{"damage_healed":0.0,"max_hp_gain":0.0,"max_hp_loss":0.0,"gold_gain":0.0,"event_name":"The Library","player_choice":"Read","floor":19.0,"gold_loss":0.0,"damage_taken":0.0,"cards_obtained":["Body Slam"]},{"cards_removed":["Strike_R"],"damage_healed":0,"gold_gain":0,"player_choice":"Elegance","damage_taken":0,"max_hp_gain":0,"max_hp_loss":0,"event_name":"Back to Basics","floor":21,"gold_loss":0},{"cards_removed":["Strike_R"],"damage_healed":0,"gold_gain":0,"player_choice":"Gave Gold","damage_taken":0,"max_hp_gain":0,"max_hp_loss":0,"event_name":"Beggar","floor":22,"gold_loss":75},{"damage_healed":0,"gold_gain":0,"player_choice":"Became a Ghost","damage_taken":0,"max_hp_gain":0,"max_hp_loss":45,"event_name":"Ghosts","floor":28,"gold_loss":0,"cards_obtained":["Ghostly","Ghostly","Ghostly","Ghostly","Ghostly"]},{"damage_healed":0,"gold_gain":100,"player_choice":"Bet on Murderer","damage_taken":0,"max_hp_gain":0,"max_hp_loss":0,"event_name":"The Joust","floor":31,"gold_loss":50},{"damage_healed":0,"gold_gain":0,"player_choice":"Copied","damage_taken":0,"max_hp_gain":0,"max_hp_loss":0,"event_name":"Duplicator","floor":37,"gold_loss":0,"cards_obtained":["Metamorphosis"]},{"damage_healed":0,"gold_gain":0,"player_choice":"Trade","damage_taken":0,"relics_obtained":["GremlinMask"],"max_hp_gain":0,"max_hp_loss":0,"event_name":"FaceTrader","floor":39,"gold_loss":0}],"is_beta":false,"boss_relics":[{"not_picked":["Runic Dome","Eternal Feather"],"picked":"Lizard Tail"},{"not_picked":["Coffee Dripper","Velvet Choker"],"picked":"Fusion Hammer"}],"items_purged_floors":[],"is_endless":false,"potions_floor_spawned":[1,6,11,16,27,30,33],"killed_by":"Giant Head","ascension_level":0}