{"gold_per_floor":[117,117,117,117,128,128,139,64,139,39,4,0,32,50,50,153,153,168,99,99,14,14,14,44,73,97,115,115,64,64,82,82,82],"floor_reached":33,"playtime":1458,"items_purged":["Strike_G","Strike_G"],"score":272,"play_id":"ba0a1be6-ae7b-49e2-ad8a-6ea75ae216a5","local_time":"20190630122456","is_ascension_mode":true,"campfire_choices":[{"floor":6,"key":"RECALL"},{"data":"Noxious Fumes","floor":15,"key":"SMITH"},{"data":"Accuracy","floor":23,"key":"SMITH"},{"data":"Infinite Blades","floor":28,"key":"SMITH"},{"data":"Storm of Steel","floor":30,"key":"SMITH"},{"floor":32,"key":"REST"}],"neow_cost":"NONE","seed_source_timestamp":1449727193443947,"circlet_count":0,"master_deck":["Defend_G","Defend_G","Defend_G+1","Defend_G","Defend_G","Strike_G","Strike_G+1","Strike_G","Neutralize","Noxious Fumes+1","Noxious Fumes","Adrenaline","Storm of Steel+1","Infinite Blades+1","Noxious Fumes+1","Accuracy+1","Sucker Punch","Burst+1","Blade Dance+1"],"relics":["Ring of the Snake","Letter Opener","Torii","Black Star","Molten Egg 2","Tiny Chest","Toxic Egg 2","PreservedInsect"],"potions_floor_usage":[13,16,31],"damage_taken":[{"damage":17,"enemies":"Jaw Worm","floor":1,"turns":9},{"damage":0,"enemies":"Small Slimes","floor":5,"turns":3},{"damage":1,"enemies":"Cultist","floor":7,"turns":3},{"damage":0,"enemies":"Looter","floor":12,"turns":4},{"damage":23,"enemies":"3 Sentries","floor":13,"turns":7},{"damage":1,"enemies":"Lots of Slimes","floor":14,"turns":4},{"damage":26,"enemies":"Slime Boss","floor":16,"turns":10},{"damage":14,"enemies":"Shell Parasite","floor":18,"turns":6},{"damage":25,"enemies":"Gremlin Leader","floor":25,"turns":6},{"damage":34,"enemies":"2 Thieves","floor":27,"turns":5},{"damage":0,"enemies":"Chosen and Byrds","floor":31,"turns":4},{"damage":41,"enemies":"Automaton","floor":33,"turns":6}],"seed_played":"-8070161449734766547","potions_obtained":[{"floor":1,"key":"Poison Potion"},{"floor":5,"key":"SpeedPotion"},{"floor":18,"key":"Explosive Potion"},{"floor":25,"key":"GamblersBrew"},{"floor":31,"key":"Poison Potion"}],"is_trial":false,"path_per_floor":["M","$","?","?","M","R","M","$","T","$","?","M","E","M","R","B",null,"M","$","?","$","?","R","?","E","T","M","R","$","R","M","R","B"],"character_chosen":"THE_SILENT","items_purchased":["Infinite Blades","Accuracy","Sucker Punch","Blade Dance+1"],"campfire_rested":1,"item_purchase_floors":[19,21,21,29],"current_hp_per_floor":[60,60,53,38,38,38,37,37,37,37,56,56,33,32,32,6,77,63,63,63,63,63,63,63,38,38,4,4,4,4,4,27,0],"gold":82,"neow_bonus":"TEN_PERCENT_HP_BONUS","is_prod":false,"is_daily":false,"chose_seed":false,"campfire_upgraded":4,"win_rate":0,"timestamp":1561911896,"path_taken":["M","$","?","?","M","R","M","$","T","$","?","M","E","M","R","BOSS","M","$","?","?","?","R","?","E","T","M","R","$","R","?","R","BOSS"],"build_version":"2019-01-23","purchased_purges":2,"victory":false,"max_hp_per_floor":[77,77,77,77,77,77,77,77,77,77,77,77,77,77,77,77,77,77,77,77,77,77,77,77,77,77,77,77,77,77,77,77,77],"card_choices":[{"not_picked":["Predator","Finisher"],"picked":"Noxious Fumes","floor":1},{"not_picked":["Choke","Expertise","Reflex"],"picked":"SKIP","floor":5},{"not_picked":["Deflect","Prepared"],"picked":"Noxious Fumes","floor":7},{"not_picked":["Sucker Punch","Dagger Throw","Well Laid Plans"],"picked":"SKIP","floor":12},{"not_picked":["Infinite Blades","Dagger Spray"],"picked":"Adrenaline","floor":13},{"not_picked":["Dodge and Roll","Acrobatics","Expertise"],"picked":"SKIP","floor":14},{"not_picked":["Venomology","Bullet Time"],"picked":"Storm of Steel","floor":16},{"not_picked":["Quick Slash","Predator","Deadly Poison"],"picked":"SKIP","floor":18},{"not_picked":["Distraction","Dodge and Roll"],"picked":"Burst","floor":25},{"not_picked":["Reflex+1","Escape Plan+1","Prepared+1"],"picked":"SKIP","floor":27},{"not_picked":["Predator+1","Dagger Throw+1","Dash+1"],"picked":"SKIP","floor":31}],"player_experience":56077,"relics_obtained":[{"floor":9,"key":"Letter Opener"},{"floor":13,"key":"Torii"},{"floor":25,"key":"Toxic Egg 2"},{"floor":25,"key":"PreservedInsect"}],"event_choices":[{"cards_removed":["Survivor"],"damage_healed":0,"gold_gain":0,"player_choice":"Card Removal","damage_taken":7,"max_hp_gain":0,"max_hp_loss":0,"event_name":"Golden Wing","floor":3,"gold_loss":0},{"damage_healed":0,"gold_gain":0,"player_choice":"Entered Light","damage_taken":15,"max_hp_gain":0,"max_hp_loss":0,"event_name":"Shining Light","floor":4,"gold_loss":0,"cards_upgraded":["Defend_G","Strike_G"]},{"damage_healed":19,"gold_gain":0,"player_choice":"Healed","damage_taken":0,"max_hp_gain":0,"max_hp_loss":0,"event_name":"The Cleric","floor":11,"gold_loss":35},{"damage_healed":0,"gold_gain":0,"player_choice":"Copied","damage_taken":0,"max_hp_gain":0,"max_hp_loss":0,"event_name":"Duplicator","floor":20,"gold_loss":0,"cards_obtained":["Noxious Fumes"]},{"damage_healed":0,"gold_gain":0,"player_choice":"Opened","damage_taken":0,"relics_obtained":["Molten Egg 2"],"max_hp_gain":0,"max_hp_loss":0,"event_name":"The Mausoleum","floor":22,"gold_loss":0},{"damage_healed":0,"gold_gain":0,"player_choice":"Gave Potion","damage_taken":0,"relics_obtained":["Tiny Chest"],"max_hp_gain":0,"max_hp_loss":0,"event_name":"WeMeetAgain","floor":24,"gold_loss":0}],"is_beta":false,"boss_relics":[{"not_picked":["Busted Crown","Lizard Tail"],"picked":"Black Star"}],"items_purged_floors":[8,10],"is_endless":false,"potions_floor_spawned":[1,5,18,25,31],"killed_by":"Automaton","ascension_level":1}