{"gold_per_floor":[116,133,133,151,151,182,199,234,234,234,58,58,90,105,105,200,200,214,231,242,242,261,261,289,289,314,314,314,314,51,61,61,165,165,178,178,232,242,102,102,0,0,0,0,18,18,36,36,36,36],"floor_reached":51,"playtime":10445,"items_purged":["Strike_G","Strike_G"],"score":696,"play_id":"2d1606ef-9489-46ac-8a01-ce9ea4b03da8","local_time":"20190718165712","is_ascension_mode":true,"campfire_choices":[{"floor":12,"key":"REST"},{"floor":15,"key":"REST"},{"data":"Envenom","floor":23,"key":"SMITH"},{"floor":25,"key":"REST"},{"data":"Catalyst","floor":27,"key":"SMITH"},{"data":"Venomology","floor":29,"key":"SMITH"},{"floor":32,"key":"REST"},{"floor":42,"key":"REST"},{"data":"A Thousand Cuts","floor":44,"key":"SMITH"},{"floor":46,"key":"REST"},{"floor":49,"key":"REST"}],"neow_cost":"NONE","seed_source_timestamp":611105024688253,"circlet_count":0,"master_deck":["Strike_G","Strike_G","Defend_G","Defend_G","Defend_G","Defend_G","Defend_G","Survivor","Neutralize","Bouncing Flask","Crippling Poison","Dodge and Roll","Venomology+1","PiercingWail","Backflip","Footwork","Backflip","Deflect","Cloak And Dagger","Envenom+1","Dodge and Roll+1","Bouncing Flask","Sucker Punch","A Thousand Cuts+1","Catalyst+1","Deflect","Bouncing Flask+1","Burst","Flash of Steel","Backstab","Noxious Fumes+1","Crippling Poison","PiercingWail"],"relics":["Lizard Tail","Question Card","Mummified Hand","Bag of Marbles","Boot","Sundial","Bottled Tornado","Velvet Choker","MutagenicStrength","Pantograph","Bag of Preparation","Kunai","White Beast Statue","Torii","Red Mask","Darkstone Periapt"],"potions_floor_usage":[7,7,8,8,13,13,14,16,16,18,19,19,24,24,24,31,33,37,37,40,45,47,47,50],"damage_taken":[{"damage":5,"enemies":"Jaw Worm","floor":1,"turns":7},{"damage":0,"enemies":"2 Louse","floor":2,"turns":2},{"damage":2,"enemies":"Cultist","floor":4,"turns":4},{"damage":21,"enemies":"Lagavulin","floor":6,"turns":7},{"damage":7,"enemies":"Large Slime","floor":7,"turns":10},{"damage":22,"enemies":"3 Sentries","floor":8,"turns":9},{"damage":5,"enemies":"Lagavulin","floor":13,"turns":7},{"damage":0,"enemies":"Looter","floor":14,"turns":4},{"damage":7,"enemies":"The Guardian","floor":16,"turns":12},{"damage":8,"enemies":"3 Byrds","floor":18,"turns":5},{"damage":0,"enemies":"Chosen","floor":19,"turns":8},{"damage":27,"enemies":"3 Cultists","floor":20,"turns":8},{"damage":1,"enemies":"Centurion and Healer","floor":22,"turns":9},{"damage":25,"enemies":"Gremlin Leader","floor":24,"turns":10},{"damage":8,"enemies":"Chosen and Byrds","floor":31,"turns":6},{"damage":17,"enemies":"Automaton","floor":33,"turns":9},{"damage":0,"enemies":"3 Shapes","floor":35,"turns":5},{"damage":46,"enemies":"2 Orb Walkers","floor":37,"turns":7},{"damage":0,"enemies":"Orb Walker","floor":38,"turns":3},{"damage":2,"enemies":"Reptomancer","floor":40,"turns":4},{"damage":32,"enemies":"Jaw Worm Horde","floor":45,"turns":6},{"damage":2,"enemies":"4 Shapes","floor":47,"turns":7},{"damage":43,"enemies":"Donu and Deca","floor":50,"turns":9}],"seed_played":"-3709933892200759042","potions_obtained":[{"floor":1,"key":"Dexterity Potion"},{"floor":7,"key":"SkillPotion"},{"floor":8,"key":"GhostInAJar"},{"floor":13,"key":"Energy Potion"},{"floor":18,"key":"PowerPotion"},{"floor":31,"key":"AttackPotion"},{"floor":33,"key":"Ancient Potion"},{"floor":37,"key":"Explosive Potion"},{"floor":38,"key":"SmokeBomb"},{"floor":45,"key":"SkillPotion"},{"floor":47,"key":"AttackPotion"}],"is_trial":false,"path_per_floor":["M","M","?","M","T","E","M","E","T","?","$","R","E","M","R","B",null,"M","M","M","?","M","R","E","R","T","R","?","R","$","M","R","B",null,"M","?","?","M","$","E","?","R","T","R","M","R","M","?","R","B",null],"character_chosen":"THE_SILENT","items_purchased":["Backflip","Energy Potion","Deflect","Kunai","Noxious Fumes"],"campfire_rested":7,"item_purchase_floors":[11,11,30,30,39],"current_hp_per_floor":[65,65,53,51,51,30,23,1,1,1,1,22,17,17,38,31,70,62,62,35,35,34,34,9,30,30,30,30,30,30,22,43,51,70,70,70,24,24,24,22,22,43,43,43,11,32,44,44,65,27],"gold":36,"neow_bonus":"BOSS_RELIC","is_prod":false,"is_daily":false,"chose_seed":false,"campfire_upgraded":4,"win_rate":0,"timestamp":1563487032,"path_taken":["M","M","?","M","?","E","M","E","T","?","$","R","E","?","R","BOSS","M","M","M","?","M","R","E","R","T","R","?","R","$","M","R","BOSS","M","?","?","M","$","E","?","R","T","R","M","R","M","?","R","BOSS"],"build_version":"2019-07-17","purchased_purges":2,"victory":true,"max_hp_per_floor":[70,70,70,70,70,70,70,70,70,70,70,70,70,70,70,70,70,70,70,70,70,70,70,70,70,70,70,70,70,70,70,70,70,70,70,70,70,70,70,70,70,70,70,70,70,70,70,70,70,70],"card_choices":[{"not_picked":["Prepared","Sucker Punch"],"picked":"Bouncing Flask","floor":1},{"not_picked":["Deflect","Dodge and Roll"],"picked":"Crippling Poison","floor":2},{"not_picked":["Accuracy","Slice","Underhanded Strike"],"picked":"Dodge and Roll","floor":4},{"not_picked":["Deflect","PiercingWail","Poisoned Stab"],"picked":"Venomology","floor":6},{"not_picked":["Finisher","Dodge and Roll","Deadly Poison"],"picked":"PiercingWail","floor":7},{"not_picked":["Heel Hook","Distraction","Reflex"],"picked":"Backflip","floor":8},{"not_picked":["Escape Plan","Slice","Die Die Die"],"picked":"Deflect","floor":13},{"not_picked":["Sucker Punch","Eviscerate","Calculated Gamble"],"picked":"Cloak And Dagger","floor":14},{"not_picked":["Wraith Form v2","Die Die Die","Glass Knife"],"picked":"Envenom","floor":16},{"not_picked":["Slice","Poisoned Stab","Sucker Punch"],"picked":"Dodge and Roll+1","floor":18},{"not_picked":["Underhanded Strike+1","Cloak And Dagger","Slice+1"],"picked":"Bouncing Flask","floor":19},{"not_picked":["Blade Dance","Underhanded Strike+1","Distraction"],"picked":"Sucker Punch","floor":20},{"not_picked":["Choke+1","Outmaneuver+1","Backflip"],"picked":"A Thousand Cuts","floor":22},{"not_picked":["Deflect","Distraction","Deadly Poison"],"picked":"Catalyst","floor":24},{"not_picked":["Deflect","Flechettes","Bane"],"picked":"Bouncing Flask+1","floor":31},{"not_picked":["Unload","Phantasmal Killer","Die Die Die"],"picked":"Burst","floor":33},{"not_picked":["Sucker Punch","Accuracy+1","Blade Dance+1","Flying Knee"],"picked":"SKIP","floor":35},{"not_picked":["Impatience","Chrysalis","Discovery"],"picked":"Flash of Steel","floor":36},{"not_picked":["Bane+1","Choke","Deflect+1"],"picked":"Backstab","floor":38},{"not_picked":["Eviscerate+1","Backflip","Expertise+1"],"picked":"Crippling Poison","floor":45},{"not_picked":["Cloak And Dagger","Bane+1","Outmaneuver+1"],"picked":"PiercingWail","floor":47}],"player_experience":109131,"relics_obtained":[{"floor":5,"key":"Mummified Hand"},{"floor":6,"key":"Bag of Marbles"},{"floor":8,"key":"Boot"},{"floor":9,"key":"Sundial"},{"floor":13,"key":"Bottled Tornado"},{"floor":24,"key":"Pantograph"},{"floor":26,"key":"Bag of Preparation"},{"floor":37,"key":"Torii"},{"floor":43,"key":"Darkstone Periapt"}],"event_choices":[{"damage_healed":0,"gold_gain":0,"player_choice":"Success","damage_taken":12,"relics_obtained":["Question Card"],"max_hp_gain":0,"max_hp_loss":0,"event_name":"Scrap Ooze","floor":3,"gold_loss":0},{"damage_healed":0,"gold_gain":0,"cards_transformed":["Strike_G"],"player_choice":"Transformed","damage_taken":0,"max_hp_gain":0,"max_hp_loss":0,"event_name":"Transmorgrifier","floor":10,"gold_loss":0,"cards_obtained":["Footwork"]},{"damage_healed":0,"gold_gain":0,"player_choice":"Inject Mutagens","damage_taken":0,"relics_obtained":["MutagenicStrength"],"max_hp_gain":0,"max_hp_loss":0,"event_name":"Drug Dealer","floor":21,"gold_loss":0},{"damage_healed":0,"gold_gain":0,"player_choice":"Ignored","damage_taken":0,"max_hp_gain":0,"max_hp_loss":0,"event_name":"Ghosts","floor":28,"gold_loss":0},{"damage_healed":0,"gold_gain":0,"player_choice":"Memory 1","damage_taken":0,"max_hp_gain":0,"max_hp_loss":0,"event_name":"SensoryStone","floor":36,"gold_loss":0},{"damage_healed":0,"gold_gain":0,"player_choice":"Fight","damage_taken":0,"max_hp_gain":0,"max_hp_loss":0,"event_name":"Mysterious Sphere","floor":37,"gold_loss":0},{"damage_healed":0,"gold_gain":0,"player_choice":"Paid","damage_taken":0,"relics_obtained":["Red Mask"],"max_hp_gain":0,"max_hp_loss":0,"event_name":"Tomb of Lord Red Mask","floor":41,"gold_loss":102},{"damage_healed":0,"gold_gain":0,"player_choice":"Upgraded","damage_taken":0,"max_hp_gain":0,"max_hp_loss":0,"event_name":"Upgrade Shrine","floor":48,"gold_loss":0,"cards_upgraded":["Noxious Fumes"]}],"is_beta":false,"boss_relics":[{"not_picked":["Black Star","WristBlade"],"picked":"Velvet Choker"},{"not_picked":["Snecko Eye","Runic Dome"],"picked":"White Beast Statue"}],"items_purged_floors":[11,39],"is_endless":false,"potions_floor_spawned":[1,7,8,13,18,31,33,35,37,38,40,45,47],"ascension_level":1}