{"gold_per_floor":[99,99,99,69,69,69,69,30,30,30,0,0,0,0,0,0,0,0,0,0,0,0,0,0,0,0,0,0,0,0,0,0,0,0,0,0,0,0,0,0,0,0,0,0],"floor_reached":44,"playtime":2025,"items_purged":[],"score":453,"play_id":"d70c9433-8b85-47a9-927c-a0d63a752fd4","local_time":"20190712152200","is_ascension_mode":false,"campfire_choices":[{"data":"Loop","floor":6,"key":"SMITH"},{"floor":13,"key":"REST"},{"floor":15,"key":"REST"},{"floor":23,"key":"REST"},{"floor":32,"key":"REST"},{"floor":40,"key":"REST"}],"neow_cost":"NONE","seed_source_timestamp":95565569641064,"circlet_count":0,"master_deck":["Strike_B","Strike_B","Strike_B","Strike_B","Defend_B","Defend_B","Defend_B","Defend_B+1","Zap","Dualcast","Go for the Eyes+1","Coolheaded","Loop+1","Sweeping Beam","Steam","Steam","Loop+1","Loop","Coolheaded","Buffer","Genetic Algorithm","Leap+1","Sweeping Beam","Sunder","Sweeping Beam","Streamline+1","Sweeping Beam+1"],"relics":["Ectoplasm","Oddly Smooth Stone","Gremlin Horn","Busted Crown","MutagenicStrength","Boot","Pen Nib","Velvet Choker","Frozen Egg 2"],"potions_floor_usage":[16,20,20,20,27,31,33,33,39],"damage_taken":[{"damage":3,"enemies":"Small Slimes","floor":1,"turns":3},{"damage":0,"enemies":"2 Louse","floor":2,"turns":2},{"damage":0,"enemies":"Cultist","floor":3,"turns":3},{"damage":3,"enemies":"Looter","floor":4,"turns":3},{"damage":3,"enemies":"Red Slaver","floor":5,"turns":5},{"damage":28,"enemies":"Gremlin Gang","floor":7,"turns":4},{"damage":1,"enemies":"Looter","floor":11,"turns":4},{"damage":4,"enemies":"3 Louse","floor":14,"turns":5},{"damage":24,"enemies":"Hexaghost","floor":16,"turns":13},{"damage":10,"enemies":"Spheric Guardian","floor":18,"turns":8},{"damage":20,"enemies":"2 Thieves","floor":19,"turns":5},{"damage":19,"enemies":"Cultist and Chosen","floor":20,"turns":12},{"damage":7,"enemies":"Snake Plant","floor":24,"turns":9},{"damage":14,"enemies":"Book of Stabbing","floor":27,"turns":11},{"damage":8,"enemies":"Shelled Parasite and Fungi","floor":28,"turns":11},{"damage":0,"enemies":"Chosen and Byrds","floor":31,"turns":11},{"damage":49,"enemies":"Automaton","floor":33,"turns":15},{"damage":29,"enemies":"3 Shapes","floor":35,"turns":6},{"damage":16,"enemies":"3 Darklings","floor":36,"turns":8},{"damage":7,"enemies":"4 Shapes","floor":37,"turns":11},{"damage":0,"enemies":"Transient","floor":39,"turns":3},{"damage":21,"enemies":"Sphere and 2 Shapes","floor":41,"turns":7},{"damage":14,"enemies":"Spire Growth","floor":42,"turns":6},{"damage":10,"enemies":"Writhing Mass","floor":44,"turns":4}],"seed_played":"-7098050583703971587","potions_obtained":[{"floor":7,"key":"SteroidPotion"},{"floor":14,"key":"AttackPotion"},{"floor":16,"key":"Poison Potion"},{"floor":19,"key":"Weak Potion"},{"floor":24,"key":"Dexterity Potion"},{"floor":29,"key":"Explosive Potion"},{"floor":29,"key":"FairyPotion"},{"floor":29,"key":"LiquidBronze"},{"floor":31,"key":"AttackPotion"},{"floor":36,"key":"SmokeBomb"}],"is_trial":false,"path_per_floor":["M","M","M","M","M","R","M","$","T","?","M","?","R","M","R","B",null,"M","M","M","?","?","R","M","$","T","E","M","?","$","M","R","B",null,"M","M","M","?","M","R","M","M","T","M"],"character_chosen":"DEFECT","items_purchased":["Loop"],"campfire_rested":5,"item_purchase_floors":[8],"current_hp_per_floor":[72,72,72,69,66,66,38,38,38,23,22,4,26,22,44,20,75,65,45,26,26,26,48,41,41,41,27,19,19,19,19,41,7,75,46,30,23,23,23,45,24,10,10,0],"gold":0,"neow_bonus":"BOSS_RELIC","is_prod":false,"is_daily":false,"chose_seed":false,"campfire_upgraded":1,"win_rate":0.0,"timestamp":1562962920,"path_taken":["M","M","M","M","M","R","M","$","T","?","M","?","R","M","R","BOSS","M","M","M","?","?","R","M","$","T","E","M","?","$","M","R","BOSS","M","?","M","?","M","R","M","?","T","?"],"build_version":"2019-07-05","purchased_purges":0,"victory":false,"max_hp_per_floor":[75,75,75,75,75,75,75,75,75,75,75,75,75,75,75,75,75,75,75,75,75,75,75,75,75,75,75,75,75,75,75,75,75,75,75,75,75,75,75,75,75,75,75,75],"card_choices":[{"not_picked":["Streamline","Steam"],"picked":"Go for the Eyes","floor":1},{"not_picked":["Sweeping Beam","Storm"],"picked":"Coolheaded","floor":2},{"not_picked":["Ball Lightning","Barrage"],"picked":"Loop","floor":3},{"not_picked":["Reinforced Body","Static Discharge"],"picked":"Sweeping Beam","floor":4},{"not_picked":["Compile Driver","Heatsinks"],"picked":"Steam","floor":5},{"not_picked":["Stack","Barrage"],"picked":"Steam","floor":7},{"not_picked":["Scrape","Stack"],"picked":"Loop","floor":11},{"not_picked":["Machine Learning","BootSequence"],"picked":"Coolheaded","floor":14},{"not_picked":["Machine Learning","Thunder Strike"],"picked":"Buffer","floor":16},{"not_picked":["Stack"],"picked":"SKIP","floor":18},{"not_picked":[],"picked":"Genetic Algorithm","floor":19},{"not_picked":["Redo"],"picked":"SKIP","floor":20},{"not_picked":[],"picked":"Leap+1","floor":24},{"not_picked":["Gash+1"],"picked":"SKIP","floor":27},{"not_picked":[],"picked":"Sweeping Beam","floor":28},{"not_picked":[],"picked":"Sunder","floor":31},{"not_picked":["Barrage"],"picked":"SKIP","floor":35},{"not_picked":[],"picked":"Sweeping Beam","floor":36},{"not_picked":[],"picked":"Streamline+1","floor":37},{"not_picked":[],"picked":"Sweeping Beam+1","floor":41},{"not_picked":["Doom and Gloom+1"],"picked":"SKIP","floor":42}],"player_experience":81509,"relics_obtained":[{"floor":9,"key":"Oddly Smooth Stone"},{"floor":26,"key":"Boot"},{"floor":27,"key":"Pen Nib"},{"floor":43,"key":"Frozen Egg 2"}],"event_choices":[{"damage_healed":0,"gold_gain":0,"player_choice":"Entered Light","damage_taken":15,"max_hp_gain":0,"max_hp_loss":0,"event_name":"Shining Light","floor":10,"gold_loss":0,"cards_upgraded":["Go for the Eyes","Defend_B"]},{"damage_healed":0,"gold_gain":0,"player_choice":"Success","damage_taken":18,"relics_obtained":["Gremlin Horn"],"max_hp_gain":0,"max_hp_loss":0,"event_name":"Scrap Ooze","floor":12,"gold_loss":0},{"damage_healed":0,"gold_gain":0,"player_choice":"Inject Mutagens","damage_taken":0,"relics_obtained":["MutagenicStrength"],"max_hp_gain":0,"max_hp_loss":0,"event_name":"Drug Dealer","floor":21,"gold_loss":0},{"damage_healed":0,"gold_gain":0,"player_choice":"Ignored","damage_taken":0,"max_hp_gain":0,"max_hp_loss":0,"event_name":"Ghosts","floor":22,"gold_loss":0},{"damage_healed":0,"gold_gain":0,"player_choice":"Got Potions","damage_taken":0,"max_hp_gain":0,"max_hp_loss":0,"event_name":"Lab","floor":29,"gold_loss":0},{"damage_healed":0,"gold_gain":0,"player_choice":"Forge","damage_taken":0,"max_hp_gain":0,"max_hp_loss":0,"event_name":"Accursed Blacksmith","floor":38,"gold_loss":0,"cards_upgraded":["Loop"]}],"is_beta":false,"boss_relics":[{"not_picked":["Cursed Key","Inserter"],"picked":"Busted Crown"},{"not_picked":["Runic Dome","Empty Cage"],"picked":"Velvet Choker"}],"items_purged_floors":[],"is_endless":false,"potions_floor_spawned":[7,14,16,19,24,31,36,39],"killed_by":"Writhing Mass","ascension_level":0}