{"gold_per_floor":[10,29,29,29,47,70,70,140,140,140,156,179,179,198,198,318,318,343,120,120,45,144,144,158,158,158,44,64,108,108,131,131,262,262,286,186,207,222,240,240,240,573,573,623,20,34,34,60,60,60],"floor_reached":51,"playtime":5129,"items_purged":["Strike_R","Pain","Decay"],"score":687,"play_id":"c404c2dc-7b58-4974-87e6-7b69edd8238e","local_time":"20190711213135","is_ascension_mode":false,"campfire_choices":[{"data":"Flex","floor":7,"key":"SMITH"},{"data":"Rage","floor":10,"key":"SMITH"},{"data":"Rage","floor":13,"key":"SMITH"},{"data":"Rampage","floor":15,"key":"SMITH"},{"data":"Battle Trance","floor":23,"key":"SMITH"},{"data":"Pummel","floor":30,"key":"SMITH"},{"data":"Spot Weakness","floor":32,"key":"SMITH"},{"data":"Double Tap","floor":40,"key":"SMITH"},{"data":"Offering","floor":47,"key":"SMITH"},{"data":"Inflame","floor":49,"key":"SMITH"}],"neow_cost":"NO_GOLD","seed_source_timestamp":6570274854968,"circlet_count":0,"master_deck":["Strike_R+1","Strike_R","Strike_R+1","Defend_R","Defend_R","Defend_R","Bash","Flex+1","Inflame+1","Pommel Strike","Rage+1","Rampage+1","Rage+1","Battle Trance+1","Cleave+1","Shame","Spot Weakness+1","Pummel+1","Sword Boomerang+1","Pommel Strike+1","Double Tap+1","Parasite","Thunderclap+1","Pummel+1","Thunderclap+1","Offering+1","Rage+1"],"relics":["Burning Blood","Pantograph","Mummified Hand","Coffee Dripper","Centennial Puzzle","Bronze Scales","Blue Candle","Bag of Preparation","Calling Bell","PreservedInsect","Paper Frog","Charon\u0027s Ashes","Darkstone Periapt","Champion Belt","Molten Egg 2","Membership Card","Dream Catcher"],"potions_floor_usage":[8,16,16,33,44,50,50],"damage_taken":[{"damage":11,"enemies":"Jaw Worm","floor":1,"turns":3},{"damage":5,"enemies":"2 Louse","floor":2,"turns":3},{"damage":5,"enemies":"Small Slimes","floor":5,"turns":2},{"damage":9,"enemies":"Exordium Wildlife","floor":6,"turns":3},{"damage":10,"enemies":"Gremlin Nob","floor":8,"turns":3},{"damage":0,"enemies":"Large Slime","floor":11,"turns":4},{"damage":7,"enemies":"Blue Slaver","floor":12,"turns":2},{"damage":6,"enemies":"Exordium Wildlife","floor":14,"turns":3},{"damage":26,"enemies":"Hexaghost","floor":16,"turns":9},{"damage":7,"enemies":"Spheric Guardian","floor":18,"turns":4},{"damage":5,"enemies":"3 Byrds","floor":24,"turns":5},{"damage":6,"enemies":"Sentry and Sphere","floor":28,"turns":4},{"damage":17,"enemies":"Slavers","floor":29,"turns":3},{"damage":0,"enemies":"Centurion and Healer","floor":31,"turns":4},{"damage":32,"enemies":"Champ","floor":33,"turns":6},{"damage":28,"enemies":"Orb Walker","floor":35,"turns":4},{"damage":6,"enemies":"3 Darklings","floor":37,"turns":5},{"damage":0,"enemies":"Jaw Worm Horde","floor":38,"turns":1},{"damage":9,"enemies":"Sphere and 2 Shapes","floor":39,"turns":3},{"damage":17,"enemies":"2 Orb Walkers","floor":44,"turns":3},{"damage":2,"enemies":"3 Darklings","floor":46,"turns":3},{"damage":0,"enemies":"Reptomancer","floor":48,"turns":3},{"damage":28,"enemies":"Time Eater","floor":50,"turns":7}],"seed_played":"-4259590515086955120","potions_obtained":[{"floor":6,"key":"EssenceOfSteel"},{"floor":8,"key":"AttackPotion"},{"floor":11,"key":"EssenceOfSteel"},{"floor":12,"key":"Regen Potion"},{"floor":31,"key":"Strength Potion"},{"floor":37,"key":"Swift Potion"},{"floor":38,"key":"LiquidBronze"},{"floor":44,"key":"Block Potion"}],"is_trial":false,"path_per_floor":["M","M","?","?","M","M","R","?","T","R","M","M","R","M","R","B",null,"M","$","?","$","?","R","M","?","T","$","M","E","R","M","R","B",null,"M","$","M","M","M","R","?","?","T","?","$","M","R","E","R","B",null],"character_chosen":"IRONCLAD","items_purchased":["Centennial Puzzle","Battle Trance","Spot Weakness","Pummel","Molten Egg 2","Membership Card","Offering"],"campfire_rested":0,"item_purchase_floors":[19,19,27,27,45,45,45],"current_hp_per_floor":[75,76,56,40,41,38,38,34,34,34,40,39,39,39,39,59,80,79,79,79,79,79,79,80,80,80,80,80,69,69,75,75,54,80,58,58,58,64,61,61,61,61,61,50,50,54,54,60,60,54],"gold":60,"neow_bonus":"REMOVE_TWO","is_prod":false,"is_daily":false,"chose_seed":false,"campfire_upgraded":10,"win_rate":0,"timestamp":1562895095,"path_taken":["M","M","?","?","M","M","R","?","T","R","M","M","R","M","R","BOSS","M","$","?","$","?","R","M","?","T","$","M","E","R","M","R","BOSS","M","$","M","M","M","R","?","?","T","?","?","?","R","E","R","BOSS"],"build_version":"2019-07-05","purchased_purges":3,"victory":true,"max_hp_per_floor":[80,80,80,80,80,80,80,80,80,80,80,80,80,80,80,80,80,80,80,80,80,80,80,80,80,80,80,80,80,80,80,80,80,80,80,80,80,80,80,80,76,76,76,76,76,76,76,76,76,76],"card_choices":[{"not_picked":["Anger","Wild Strike"],"picked":"Flex","floor":1},{"not_picked":["Seeing Red","Iron Wave"],"picked":"Inflame","floor":2},{"not_picked":["Feel No Pain","Armaments"],"picked":"Pommel Strike","floor":5},{"not_picked":["Corruption","True Grit"],"picked":"Rage","floor":6},{"not_picked":["Wild Strike","Heavy Blade"],"picked":"Rampage","floor":11},{"not_picked":["Perfected Strike","Wild Strike"],"picked":"Rage","floor":12},{"not_picked":["Dark Embrace","Flame Barrier","Sever Soul"],"picked":"SKIP","floor":14},{"not_picked":["Armaments","Shockwave","Ghostly Armor"],"picked":"SKIP","floor":18},{"not_picked":["Shrug It Off","Headbutt"],"picked":"Cleave+1","floor":24},{"not_picked":["Body Slam","Berserk","Headbutt"],"picked":"SKIP","floor":28},{"not_picked":["Shrug It Off","Heavy Blade+1"],"picked":"Sword Boomerang+1","floor":29},{"not_picked":["Anger","Whirlwind"],"picked":"Pommel Strike+1","floor":31},{"not_picked":["Feed","Reaper"],"picked":"Double Tap","floor":33},{"not_picked":["Sword Boomerang+1","Headbutt+1"],"picked":"Thunderclap+1","floor":35},{"not_picked":["Rupture+1","Wild Strike","Corruption"],"picked":"SKIP","floor":37},{"not_picked":["Evolve+1","Juggernaut"],"picked":"Pummel+1","floor":38},{"not_picked":["Wild Strike","Flex"],"picked":"Thunderclap+1","floor":39},{"not_picked":["Cleave+1","Body Slam+1"],"picked":"Rage+1","floor":46},{"not_picked":["Clash+1","Body Slam+1","Clothesline+1"],"picked":"SKIP","floor":48}],"player_experience":131804,"relics_obtained":[{"floor":8,"key":"Pantograph"},{"floor":9,"key":"Mummified Hand"},{"floor":26,"key":"Blue Candle"},{"floor":29,"key":"Bag of Preparation"},{"floor":34,"key":"PreservedInsect"},{"floor":34,"key":"Paper Frog"},{"floor":34,"key":"Charon\u0027s Ashes"},{"floor":43,"key":"Darkstone Periapt"},{"floor":44,"key":"Champion Belt"},{"floor":48,"key":"Dream Catcher"}],"event_choices":[{"damage_healed":0,"gold_gain":0,"player_choice":"Take Damage","damage_taken":20,"relics_obtained":["Golden Idol"],"max_hp_gain":0,"max_hp_loss":0,"event_name":"Golden Idol","floor":3,"gold_loss":0},{"damage_healed":0,"gold_gain":0,"player_choice":"Entered Light","damage_taken":16,"max_hp_gain":0,"max_hp_loss":0,"event_name":"Shining Light","floor":4,"gold_loss":0,"cards_upgraded":["Strike_R","Strike_R"]},{"damage_healed":0,"gold_gain":0,"player_choice":"Searched \u00271\u0027 times","damage_taken":0,"max_hp_gain":0,"max_hp_loss":0,"event_name":"Dead Adventurer","floor":8,"gold_loss":0},{"damage_healed":0,"gold_gain":0,"player_choice":"Ignored","damage_taken":0,"max_hp_gain":0,"max_hp_loss":0,"event_name":"Vampires","floor":20,"gold_loss":0},{"damage_healed":0,"gold_gain":99,"player_choice":"Stole From Cult","damage_taken":0,"max_hp_gain":0,"max_hp_loss":0,"event_name":"Nest","floor":22,"gold_loss":0},{"damage_healed":0,"gold_gain":0,"player_choice":"Stole Relic","damage_taken":0,"relics_obtained":["Bronze Scales"],"max_hp_gain":0,"max_hp_loss":0,"event_name":"Addict","floor":25,"gold_loss":0,"cards_obtained":["Shame"]},{"damage_healed":0,"gold_gain":0,"player_choice":"Max HP","damage_taken":0,"max_hp_gain":0,"max_hp_loss":4,"event_name":"Winding Halls","floor":41,"gold_loss":0},{"damage_healed":0,"gold_gain":333,"player_choice":"Gave Idol","damage_taken":0,"max_hp_gain":0,"max_hp_loss":0,"event_name":"The Moai Head","floor":42,"relics_lost":["Golden Idol"],"gold_loss":0},{"damage_healed":0,"gold_gain":0,"player_choice":"Fight","damage_taken":0,"max_hp_gain":0,"max_hp_loss":0,"event_name":"Mysterious Sphere","floor":44,"gold_loss":0}],"is_beta":false,"boss_relics":[{"not_picked":["Runic Dome","Pandora\u0027s Box"],"picked":"Coffee Dripper"},{"not_picked":["Eternal Feather","Velvet Choker"],"picked":"Calling Bell"}],"items_purged_floors":[21,36,45],"is_endless":false,"potions_floor_spawned":[6,8,11,12,31,37,38,39,44,48],"ascension_level":0}