{"gold_per_floor":[12,12,12,12,12,12,27,43,43,68,68,16,41,41,41,41],"floor_reached":16,"playtime":218,"items_purged":[],"score":90,"play_id":"7afea8e5-0233-4dec-8c8d-1eb0389a414e","local_time":"20190730201437","is_ascension_mode":false,"campfire_choices":[{"data":"Strike_R","floor":6,"key":"SMITH"},{"data":"Rampage","floor":15,"key":"SMITH"}],"neow_cost":"NO_GOLD","seed_source_timestamp":1648500773190823,"circlet_count":0,"master_deck":["Strike_R+1","Strike_R+1","Strike_R","Strike_R","Strike_R+1","Defend_R","Defend_R","Defend_R","Defend_R","Bash+1","Rampage+1","Thunderclap"],"relics":["Burning Blood","Dead Branch","Golden Idol","Dodecahedron"],"potions_floor_usage":[10],"damage_taken":[{"damage":11,"enemies":"Jaw Worm","floor":1,"turns":3},{"damage":0,"enemies":"Small Slimes","floor":7,"turns":3},{"damage":6,"enemies":"Cultist","floor":8,"turns":3},{"damage":12,"enemies":"Exordium Wildlife","floor":10,"turns":2},{"damage":15,"enemies":"2 Fungi Beasts","floor":13,"turns":3},{"damage":56,"enemies":"Hexaghost","floor":16,"turns":8}],"seed_played":"-1883727139484994167","potions_obtained":[{"floor":8,"key":"Explosive Potion"},{"floor":13,"key":"LiquidBronze"}],"is_trial":false,"path_per_floor":["M","?","?","?","?","R","M","M","T","M","T","$","M","?","R","B"],"character_chosen":"IRONCLAD","items_purchased":["Thunderclap"],"campfire_rested":0,"item_purchase_floors":[12],"current_hp_per_floor":[75,75,59,59,59,59,65,65,65,59,59,59,50,55,55,0],"gold":41,"neow_bonus":"ONE_RARE_RELIC","is_prod":false,"is_daily":false,"chose_seed":false,"campfire_upgraded":2,"win_rate":0,"timestamp":1564532077,"path_taken":["M","?","?","?","?","R","M","M","T","?","?","$","M","?","R","BOSS"],"build_version":"2019-07-17","purchased_purges":0,"victory":false,"max_hp_per_floor":[80,80,80,80,80,80,80,80,80,80,80,80,80,85,85,85],"card_choices":[{"not_picked":["Headbutt","Disarm","Clash"],"picked":"SKIP","floor":1},{"not_picked":["Sword Boomerang","Shrug It Off","Headbutt"],"picked":"SKIP","floor":7},{"not_picked":["Ghostly Armor","Pommel Strike","Sword Boomerang"],"picked":"SKIP","floor":8},{"not_picked":["Sever Soul","Headbutt"],"picked":"Rampage","floor":10},{"not_picked":["Body Slam","Warcry","Clothesline"],"picked":"SKIP","floor":13}],"player_experience":238459,"relics_obtained":[{"floor":9,"key":"Dodecahedron"}],"event_choices":[{"damage_healed":0,"gold_gain":0,"player_choice":"Take Wound","damage_taken":0,"relics_obtained":["Golden Idol"],"max_hp_gain":0,"max_hp_loss":0,"event_name":"Golden Idol","floor":2,"gold_loss":0,"cards_obtained":["Injury"]},{"damage_healed":0,"gold_gain":0,"player_choice":"Entered Light","damage_taken":16,"max_hp_gain":0,"max_hp_loss":0,"event_name":"Shining Light","floor":3,"gold_loss":0,"cards_upgraded":["Strike_R","Bash"]},{"cards_removed":["Injury"],"damage_healed":0,"gold_gain":0,"player_choice":"Forget","damage_taken":0,"max_hp_gain":0,"max_hp_loss":0,"event_name":"Living Wall","floor":4,"gold_loss":0},{"damage_healed":0,"gold_gain":0,"player_choice":"Upgraded","damage_taken":0,"max_hp_gain":0,"max_hp_loss":0,"event_name":"Upgrade Shrine","floor":5,"gold_loss":0,"cards_upgraded":["Strike_R"]},{"damage_healed":0,"gold_gain":0,"player_choice":"Donut","damage_taken":0,"max_hp_gain":5,"max_hp_loss":0,"event_name":"Big Fish","floor":14,"gold_loss":0}],"is_beta":false,"boss_relics":[],"items_purged_floors":[],"is_endless":false,"potions_floor_spawned":[8,13],"killed_by":"Hexaghost","ascension_level":0}