{"gold_per_floor":[117,42,42,42,57,57,69,69,116,149,149,176,176,196,196,196],"floor_reached":16,"playtime":623,"items_purged":["Strike_R"],"score":189,"play_id":"7b2a8b2e-f618-4100-a0f1-185f685152fa","local_time":"20180808160739","is_ascension_mode":true,"campfire_choices":[{"data":"Evolve","floor":6.0,"key":"SMITH"},{"data":"Pommel Strike","floor":8.0,"key":"SMITH"},{"floor":15,"key":"REST"}],"neow_cost":"NONE","seed_source_timestamp":448858179303340,"circlet_count":0,"master_deck":["Strike_R","Strike_R","Strike_R","Defend_R","Defend_R","Defend_R","Bash+1","AscendersBane","Ghostly Armor","Evolve+1","Pommel Strike+1","Dropkick","Impervious"],"special_seed":0,"relics":["Burning Blood","Anchor","Potion Belt","Bronze Scales","FaceOfCleric"],"potions_floor_usage":[14,16],"damage_taken":[{"damage":8.0,"enemies":"Jaw Worm","floor":1.0,"turns":5.0},{"damage":10.0,"enemies":"Small Slimes","floor":5.0,"turns":3.0},{"damage":1.0,"enemies":"Cultist","floor":7.0,"turns":4.0},{"damage":12.0,"enemies":"Gremlin Nob","floor":10.0,"turns":4.0},{"damage":38,"enemies":"Lagavulin","floor":12,"turns":8},{"damage":0,"enemies":"2 Fungi Beasts","floor":14,"turns":2},{"damage":57,"enemies":"Hexaghost","floor":16,"turns":10}],"seed_played":"435746811575790184","potions_obtained":[{"floor":5.0,"key":"AttackPotion"},{"floor":7.0,"key":"Block Potion"},{"floor":12,"key":"AttackPotion"},{"floor":14,"key":"Block Potion"}],"is_trial":false,"path_per_floor":["M","$","?","?","M","R","M","R","T","E","?","E","?","M","R"],"character_chosen":"IRONCLAD","items_purchased":[],"campfire_rested":1,"item_purchase_floors":[],"current_hp_per_floor":[66,66,66,59,55,55,60,60,60,54,54,22,22,29,51,0],"gold":196,"neow_bonus":"UPGRADE_CARD","is_prod":false,"is_daily":false,"chose_seed":false,"campfire_upgraded":2,"win_rate":0,"timestamp":1533737259,"path_taken":["M","$","?","?","M","R","M","R","T","E","?","E","?","M","R","BOSS"],"build_version":"2018-08-02","purchased_purges":1,"victory":false,"max_hp_per_floor":[75,75,75,75,75,75,75,75,75,75,75,75,75,76,76,76],"card_choices":[{"not_picked":["Perfected Strike","Entrench"],"picked":"Ghostly Armor","floor":1.0},{"not_picked":["Armaments","Reckless Charge"],"picked":"Evolve","floor":5.0},{"not_picked":["Sword Boomerang","Armaments"],"picked":"Pommel Strike","floor":7.0},{"not_picked":["Clash","Twin Strike"],"picked":"Dropkick","floor":10.0},{"not_picked":["Rage","Pommel Strike"],"picked":"Impervious","floor":12},{"not_picked":["Entrench","Pommel Strike","Armaments"],"picked":"SKIP","floor":14}],"player_experience":597228,"relics_obtained":[{"floor":9.0,"key":"Anchor"},{"floor":10.0,"key":"Potion Belt"},{"floor":12,"key":"Bronze Scales"}],"event_choices":[{"event_name":"Living Wall","player_choice":"Forget","floor":3.0,"damage_taken":0.0},{"event_name":"Golden Wing","player_choice":"Card Removal","floor":4.0,"damage_taken":0.0},{"event_name":"Liars Game","player_choice":"disagreed","floor":11.0,"damage_taken":0.0},{"event_name":"FaceTrader","player_choice":"Trade","floor":13,"damage_taken":0}],"is_beta":false,"boss_relics":[],"items_purged_floors":[2],"is_endless":false,"potions_floor_spawned":[5,7,12,14],"killed_by":"Hexaghost","ascension_level":15}