{"gold_per_floor":[112,112,112,132,132,167,185,213,261,261,275,29,39,57,57,134,134,152,77,95,95,95],"floor_reached":22,"playtime":838,"items_purged":["Strike_R"],"score":398,"play_id":"d9ba7812-e25e-4741-bdbb-01fde28b0787","local_time":"20190213094915","is_ascension_mode":true,"campfire_choices":[{"data":"Disarm","floor":10.0,"key":"SMITH"},{"data":"Demon Form","floor":15.0,"key":"SMITH"}],"neow_cost":"NONE","seed_source_timestamp":783428986375517,"circlet_count":0,"master_deck":["AscendersBane","Strike_R","Strike_R","Strike_R","Defend_R","Defend_R+1","Defend_R","Bash+1","Shrug It Off","Disarm+1","Headbutt","Demon Form+1","Infernal Blade","Heavy Blade","Double Tap","Battle Trance","Iron Wave","Heavy Blade","Rampage"],"special_seed":0,"relics":["Burning Blood","NeowsBlessing","Shuriken","Boot","Strawberry","Blood Vial","Orrery"],"potions_floor_usage":[16,22,22],"damage_taken":[{"damage":0.0,"enemies":"Small Slimes","floor":1.0,"turns":1.0},{"damage":0.0,"enemies":"Jaw Worm","floor":4.0,"turns":1.0},{"damage":0.0,"enemies":"Gremlin Nob","floor":6.0,"turns":1.0},{"damage":5.0,"enemies":"Cultist","floor":7.0,"turns":4.0},{"damage":42.0,"enemies":"3 Sentries","floor":8.0,"turns":15.0},{"damage":3.0,"enemies":"Looter","floor":11.0,"turns":4.0},{"damage":6.0,"enemies":"Exordium Wildlife","floor":13.0,"turns":4.0},{"damage":7.0,"enemies":"Red Slaver","floor":14.0,"turns":4.0},{"damage":38,"enemies":"Slime Boss","floor":16,"turns":8},{"damage":29,"enemies":"Spheric Guardian","floor":18,"turns":6},{"damage":27,"enemies":"3 Byrds","floor":20,"turns":6},{"damage":19,"enemies":"Cultist and Chosen","floor":22,"turns":5}],"seed_played":"-5185740237999237746","potions_obtained":[{"floor":6.0,"key":"Fruit Juice"},{"floor":7.0,"key":"SpeedPotion"},{"floor":8.0,"key":"Strength Potion"},{"floor":13.0,"key":"Explosive Potion"},{"floor":16,"key":"Regen Potion"}],"is_trial":false,"path_per_floor":["M","?","?","M","?","E","M","E","T","R","M","$","M","M","R","B",null,"M","$","M","?","M"],"character_chosen":"IRONCLAD","items_purchased":["Demon Form","Blood Vial"],"campfire_rested":0,"item_purchase_floors":[12,12],"current_hp_per_floor":[74,51,44,50,50,61,62,26,33,33,36,36,38,39,39,9,68,47,47,28,3,0],"gold":95,"neow_bonus":"THREE_ENEMY_KILL","is_prod":false,"is_daily":false,"chose_seed":false,"campfire_upgraded":2,"win_rate":0,"timestamp":1550047755,"path_taken":["M","?","?","?","?","E","M","E","T","R","M","$","M","M","R","BOSS","M","$","?","?","M"],"build_version":"2019-01-23","purchased_purges":1,"victory":false,"max_hp_per_floor":[75,75,75,75,75,80,80,80,87,87,87,87,87,87,87,87,87,87,87,87,92,92],"card_choices":[{"not_picked":["Wild Strike","Evolve","Sever Soul"],"picked":"SKIP","floor":1.0},{"not_picked":["Carnage","Wild Strike","Clothesline"],"picked":"SKIP","floor":4.0},{"not_picked":["Anger","Pommel Strike"],"picked":"Shrug It Off","floor":6.0},{"not_picked":["Burning Pact","Dual Wield"],"picked":"Disarm","floor":7.0},{"not_picked":["Reaper","Wild Strike","Havoc"],"picked":"SKIP","floor":8.0},{"not_picked":["Sever Soul","Twin Strike"],"picked":"Headbutt","floor":11.0},{"not_picked":["Second Wind","Sever Soul"],"picked":"Infernal Blade","floor":13.0},{"not_picked":["Pummel","Armaments"],"picked":"Heavy Blade","floor":14.0},{"not_picked":["Demon Form","Dark Embrace"],"picked":"Double Tap","floor":16},{"not_picked":["Bloodletting","Clothesline"],"picked":"Battle Trance","floor":17},{"not_picked":["Perfected Strike","Pommel Strike"],"picked":"Iron Wave","floor":17},{"not_picked":["True Grit","Disarm"],"picked":"Heavy Blade","floor":17},{"not_picked":["Sword Boomerang","Wild Strike","Searing Blow"],"picked":"SKIP","floor":18},{"not_picked":["Power Through","Flex"],"picked":"Rampage","floor":20}],"player_experience":791841,"relics_obtained":[{"floor":6.0,"key":"Shuriken"},{"floor":8.0,"key":"Boot"},{"floor":9.0,"key":"Strawberry"}],"event_choices":[{"damage_healed":0.0,"max_hp_gain":0.0,"max_hp_loss":0.0,"gold_gain":0.0,"event_name":"Shining Light","player_choice":"Entered Light","floor":2.0,"gold_loss":0.0,"damage_taken":23.0,"cards_upgraded":["Defend_R","Bash"]},{"cards_removed":["Strike_R"],"damage_healed":0.0,"max_hp_gain":0.0,"max_hp_loss":0.0,"gold_gain":0.0,"event_name":"Golden Wing","player_choice":"Card Removal","floor":3.0,"gold_loss":0.0,"damage_taken":7.0},{"cards_removed":["Defend_R"],"damage_healed":0.0,"max_hp_gain":0.0,"max_hp_loss":0.0,"gold_gain":0.0,"event_name":"Purifier","player_choice":"Purged","floor":5.0,"gold_loss":0.0,"damage_taken":0.0},{"damage_healed":0,"gold_gain":0,"player_choice":"Shed Blood","damage_taken":30,"max_hp_gain":5,"max_hp_loss":0,"event_name":"Forgotten Altar","floor":21,"gold_loss":0}],"is_beta":false,"boss_relics":[{"not_picked":["Runic Pyramid","Calling Bell"],"picked":"Orrery"}],"items_purged_floors":[19],"is_endless":false,"potions_floor_spawned":[6,7,8,13,16,20],"killed_by":"Cultist and Chosen","ascension_level":16}