{"gold_per_floor":[119,130,144,69,144,144,158,158,158,189,189,41,41,41,41,166,166,180,198,46,66,66,66,66,66,66,66,66,79,79],"floor_reached":30,"playtime":1174,"items_purged":["Strike_R","Injury"],"score":328,"play_id":"b2d6a0bc-f945-449b-a6b6-341b06a0deff","local_time":"20190723190557","is_ascension_mode":true,"campfire_choices":[{"data":"Cleave","floor":6,"key":"SMITH"},{"data":"Warcry","floor":8,"key":"SMITH"},{"floor":13,"key":"REST"},{"data":"Anger","floor":15,"key":"SMITH"},{"floor":23,"key":"REST"},{"floor":25,"key":"REST"}],"neow_cost":"NONE","seed_source_timestamp":1096729101380999,"circlet_count":0,"master_deck":["Strike_R","Strike_R","Strike_R","Strike_R","Defend_R","Defend_R","Defend_R","Defend_R","Bash+1","Thunderclap","Cleave+1","Warcry+1","Anger+1","Offering","Blood for Blood+1","Warcry+1","Uppercut","Doubt","Reaper"],"relics":["Burning Blood","Happy Flower","Gremlin Horn","Golden Idol","Cursed Key","Dream Catcher","Anchor","Prayer Wheel"],"potions_floor_usage":[16,16,21,21,30],"damage_taken":[{"damage":11,"enemies":"Jaw Worm","floor":1,"turns":4},{"damage":13,"enemies":"2 Louse","floor":2,"turns":3},{"damage":1,"enemies":"Cultist","floor":3,"turns":3},{"damage":5,"enemies":"2 Fungi Beasts","floor":7,"turns":3},{"damage":39,"enemies":"Gremlin Nob","floor":10,"turns":5},{"damage":33,"enemies":"Hexaghost","floor":16,"turns":7},{"damage":41,"enemies":"Shell Parasite","floor":18,"turns":5},{"damage":18,"enemies":"2 Thieves","floor":19,"turns":2},{"damage":4,"enemies":"Centurion and Healer","floor":21,"turns":3},{"damage":55,"enemies":"Shelled Parasite and Fungi","floor":29,"turns":5},{"damage":44,"enemies":"Book of Stabbing","floor":30,"turns":4}],"seed_played":"1386445561838559382","potions_obtained":[{"floor":14,"key":"AttackPotion"},{"floor":14,"key":"Explosive Potion"},{"floor":16,"key":"Strength Potion"},{"floor":18,"key":"FairyPotion"},{"floor":29,"key":"AttackPotion"}],"is_trial":false,"path_per_floor":["M","M","M","$","?","R","M","R","T","E","?","$","R","?","R","B",null,"M","M","$","M","?","R","$","R","T","?","$","M","E"],"character_chosen":"IRONCLAD","items_purchased":["Fire Potion","Dream Catcher"],"campfire_rested":3,"item_purchase_floors":[12,20],"current_hp_per_floor":[67,60,65,65,54,54,55,55,55,22,22,22,46,46,46,19,65,30,18,18,20,20,44,44,68,68,68,68,19,0],"gold":79,"neow_bonus":"UPGRADE_CARD","is_prod":false,"is_daily":false,"chose_seed":false,"campfire_upgraded":3,"win_rate":0,"timestamp":1563933957,"path_taken":["M","M","M","$","?","R","M","R","T","E","?","$","R","?","R","BOSS","M","M","$","M","?","R","$","R","T","?","?","M","E"],"build_version":"2019-07-18","purchased_purges":2,"victory":false,"max_hp_per_floor":[80,80,80,80,80,80,80,80,80,80,80,80,80,80,80,80,80,80,80,80,80,80,80,80,80,80,80,80,80,80],"card_choices":[{"not_picked":["True Grit","Flex","Disarm"],"picked":"SKIP","floor":1},{"not_picked":["Feel No Pain","Intimidate"],"picked":"Thunderclap","floor":2},{"not_picked":["Warcry","Perfected Strike"],"picked":"Cleave","floor":3},{"not_picked":["Body Slam","Metallicize"],"picked":"Warcry","floor":7},{"not_picked":["Headbutt","Fire Breathing"],"picked":"Anger","floor":10},{"not_picked":["Double Tap","Brutality"],"picked":"Offering","floor":16},{"not_picked":["Sword Boomerang+1","Armaments"],"picked":"Blood for Blood+1","floor":18},{"not_picked":["Body Slam+1","Clash"],"picked":"Warcry+1","floor":19},{"not_picked":["Clothesline","Havoc","Clash"],"picked":"SKIP","floor":21},{"not_picked":["Twin Strike","Havoc"],"picked":"Uppercut","floor":23},{"not_picked":["Thunderclap","Battle Trance"],"picked":"Reaper","floor":29},{"not_picked":["Armaments","Iron Wave","Thunderclap"],"picked":"SKIP","floor":29}],"player_experience":148869,"relics_obtained":[{"floor":9,"key":"Happy Flower"},{"floor":10,"key":"Gremlin Horn"},{"floor":26,"key":"Prayer Wheel"}],"event_choices":[{"damage_healed":0,"gold_gain":75,"player_choice":"Gather Gold","damage_taken":11,"max_hp_gain":0,"max_hp_loss":0,"event_name":"World of Goop","floor":5,"gold_loss":0},{"damage_healed":0,"gold_gain":0,"player_choice":"Take Wound","damage_taken":0,"relics_obtained":["Golden Idol"],"max_hp_gain":0,"max_hp_loss":0,"event_name":"Golden Idol","floor":11,"gold_loss":0,"cards_obtained":["Injury"]},{"damage_healed":0,"gold_gain":0,"player_choice":"Got Potions","damage_taken":0,"max_hp_gain":0,"max_hp_loss":0,"event_name":"Lab","floor":14,"gold_loss":0},{"damage_healed":0,"gold_gain":0,"player_choice":"Opened","damage_taken":0,"relics_obtained":["Anchor"],"max_hp_gain":0,"max_hp_loss":0,"event_name":"The Mausoleum","floor":22,"gold_loss":0},{"damage_healed":0,"gold_gain":0,"player_choice":"Ignored","damage_taken":0,"max_hp_gain":0,"max_hp_loss":0,"event_name":"Ghosts","floor":27,"gold_loss":0}],"is_beta":true,"boss_relics":[{"not_picked":["Runic Dome","Black Blood"],"picked":"Cursed Key"}],"items_purged_floors":[4,12],"is_endless":false,"potions_floor_spawned":[16,18,29],"killed_by":"Book of Stabbing","ascension_level":9}