{"gold_per_floor":[117,117,130,141,141,141,23,23,23,38,38,59,72,86,86,184,184,203,221,237,11,11,11,11,11,11,32,46,64,64,64,64,64],"floor_reached":33,"playtime":2787,"items_purged":["Injury"],"score":458,"play_id":"9f984bfe-f44b-41e9-a4e6-36adc46de2e5","local_time":"20190730122657","is_ascension_mode":true,"campfire_choices":[{"data":"Dodge and Roll","floor":6.0,"key":"SMITH"},{"data":"Neutralize","floor":11.0,"key":"SMITH"},{"data":"Noxious Fumes","floor":15.0,"key":"SMITH"},{"floor":23,"key":"REST"},{"floor":25,"key":"REST"},{"floor":30,"key":"REST"},{"floor":32,"key":"REST"}],"neow_cost":"NONE","seed_source_timestamp":0,"circlet_count":0,"master_deck":["AscendersBane","Strike_G","Strike_G","Strike_G","Strike_G","Strike_G","Defend_G","Defend_G","Defend_G","Defend_G","Defend_G","Survivor","Neutralize+1","Cloak And Dagger","Cloak And Dagger","Dodge and Roll+1","Footwork","Neutralize+1","Dagger Throw","Leg Sweep","Noxious Fumes+1","Adrenaline","Caltrops","Riddle With Holes+1","Dodge and Roll","Masterful Stab"],"special_seed":0,"relics":["Ring of the Serpent","Golden Idol","ClockworkSouvenir","Nloth\u0027s Gift","Smiling Mask"],"potions_floor_usage":[19,27,33,33],"damage_taken":[{"damage":3.0,"enemies":"Small Slimes","floor":1.0,"turns":4.0},{"damage":2.0,"enemies":"Jaw Worm","floor":3.0,"turns":5.0},{"damage":0.0,"enemies":"2 Louse","floor":4.0,"turns":3.0},{"damage":0.0,"enemies":"Lots of Slimes","floor":10.0,"turns":5.0},{"damage":5.0,"enemies":"3 Louse","floor":12.0,"turns":4.0},{"damage":3.0,"enemies":"Exordium Thugs","floor":13.0,"turns":8.0},{"damage":7.0,"enemies":"Lots of Slimes","floor":14.0,"turns":7.0},{"damage":23.0,"enemies":"Slime Boss","floor":16.0,"turns":14.0},{"damage":6,"enemies":"Spheric Guardian","floor":18,"turns":8},{"damage":26,"enemies":"Chosen","floor":19,"turns":7},{"damage":11,"enemies":"Snake Plant","floor":20,"turns":6},{"damage":15,"enemies":"Shelled Parasite and Fungi","floor":27,"turns":9},{"damage":11,"enemies":"Chosen and Byrds","floor":28,"turns":9},{"damage":0,"enemies":"Centurion and Healer","floor":29,"turns":9},{"damage":73,"enemies":"Automaton","floor":33,"turns":14}],"seed_played":"-2422917800714987299","potions_obtained":[{"floor":1.0,"key":"SteroidPotion"},{"floor":12.0,"key":"PowerPotion"},{"floor":16.0,"key":"Poison Potion"},{"floor":18,"key":"LiquidBronze"},{"floor":20,"key":"EssenceOfSteel"},{"floor":28,"key":"Ancient Potion"}],"is_trial":false,"path_per_floor":["M","?","M","M","?","R","$","?","T","M","R","M","M","M","R","B",null,"M","M","M","$","?","R","$","R","T","M","M","M","R","$","R","B"],"character_chosen":"THE_SILENT","items_purchased":["Footwork","ClockworkSouvenir"],"campfire_rested":4,"item_purchase_floors":[7,21],"current_hp_per_floor":[62,62,60,60,60,60,60,60,60,60,60,55,52,45,45,22,60,54,28,17,17,17,38,38,59,59,44,33,33,54,54,72,0],"gold":64,"neow_bonus":"TEN_PERCENT_HP_BONUS","is_prod":false,"is_daily":false,"chose_seed":false,"campfire_upgraded":3,"win_rate":0,"timestamp":1564482417,"path_taken":["M","?","M","M","?","R","$","?","T","?","R","M","M","M","R","BOSS","M","M","M","$","?","R","?","R","T","M","M","M","R","$","R","BOSS"],"build_version":"2019-07-17","purchased_purges":1,"victory":false,"max_hp_per_floor":[72,72,72,72,72,72,72,72,72,72,72,72,72,72,72,72,72,72,72,72,72,72,72,72,72,72,72,72,72,72,72,72,72],"card_choices":[{"not_picked":["Concentrate","Dagger Spray"],"picked":"Cloak And Dagger","floor":1.0},{"not_picked":["Calculated Gamble","Outmaneuver"],"picked":"Cloak And Dagger","floor":3.0},{"not_picked":["Acrobatics","Choke"],"picked":"Dodge and Roll","floor":4.0},{"not_picked":["Underhanded Strike","Outmaneuver","Slice"],"picked":"SKIP","floor":10.0},{"not_picked":["Acrobatics","Setup"],"picked":"Dagger Throw","floor":12.0},{"not_picked":["Bane","Blade Dance"],"picked":"Leg Sweep","floor":13.0},{"not_picked":["Riddle With Holes","Burst"],"picked":"Noxious Fumes","floor":14.0},{"not_picked":["Storm of Steel","Unload"],"picked":"Adrenaline","floor":16.0},{"not_picked":["Sucker Punch","Riddle With Holes"],"picked":"Caltrops","floor":18},{"not_picked":["Quick Slash","Dagger Throw","Sucker Punch"],"picked":"SKIP","floor":19},{"not_picked":["Sucker Punch","Cloak And Dagger"],"picked":"Riddle With Holes+1","floor":20},{"not_picked":["Terror","Deflect"],"picked":"Dodge and Roll","floor":27},{"not_picked":["Outmaneuver","Concentrate"],"picked":"Masterful Stab","floor":28},{"not_picked":["Blade Dance","Underhanded Strike","Outmaneuver"],"picked":"SKIP","floor":29}],"player_experience":912231,"relics_obtained":[{"floor":9.0,"key":"Calipers"},{"floor":26,"key":"Smiling Mask"}],"event_choices":[{"damage_healed":0.0,"max_hp_gain":0.0,"max_hp_loss":0.0,"gold_gain":0.0,"event_name":"Living Wall","player_choice":"Grow","floor":2.0,"gold_loss":0.0,"damage_taken":0.0,"cards_upgraded":["Neutralize"]},{"damage_healed":0.0,"max_hp_gain":0.0,"max_hp_loss":0.0,"gold_gain":0.0,"event_name":"Golden Idol","player_choice":"Take Wound","floor":5.0,"gold_loss":0.0,"damage_taken":0.0,"relics_obtained":["Golden Idol"],"cards_obtained":["Injury"]},{"damage_healed":0.0,"max_hp_gain":0.0,"max_hp_loss":0.0,"gold_gain":0.0,"event_name":"Match and Keep!","player_choice":"1 cards matched","floor":8.0,"gold_loss":0.0,"damage_taken":0.0,"cards_obtained":["Neutralize"]},{"damage_healed":0,"gold_gain":0,"player_choice":"Traded Relic","damage_taken":0,"relics_obtained":["Nloth\u0027s Gift"],"max_hp_gain":0,"max_hp_loss":0,"event_name":"N\u0027loth","floor":22,"relics_lost":["Calipers"],"gold_loss":0}],"is_beta":false,"boss_relics":[{"not_picked":["Ectoplasm","Busted Crown"],"picked":"Ring of the Serpent"}],"items_purged_floors":[7],"is_endless":false,"potions_floor_spawned":[1,12,16,18,20,28],"killed_by":"Automaton","ascension_level":18}