{"gold_per_floor":[16,16,26,26,45,76,76,76,76,76,92,24,24,42,42,116,116,130,149,199,218,235,235,235],"floor_reached":24,"playtime":820,"items_purged":[],"score":347,"play_id":"e98d5ab4-7502-472d-a99e-a886d4a41b00","local_time":"20190113223013","is_ascension_mode":true,"campfire_choices":[{"data":"1","floor":7.0,"key":"LIFT"},{"data":"Bash","floor":10,"key":"SMITH"},{"data":"2","floor":13,"key":"LIFT"},{"data":"3","floor":15,"key":"LIFT"},{"floor":23,"key":"REST"}],"neow_cost":"NO_GOLD","seed_source_timestamp":540271403807709,"circlet_count":0,"master_deck":["AscendersBane","Strike_R","Strike_R","Strike_R","Strike_R","Strike_R","Defend_R","Defend_R","Defend_R","Bash+1","Offering","Shrug It Off","Shrug It Off","Thunderclap","Metallicize","Iron Wave","Inflame","Twin Strike","Reaper","Heavy Blade","Heavy Blade","Shrug It Off","Seeing Red"],"special_seed":0,"relics":["Burning Blood","Letter Opener","Girya","Matryoshka","Orrery"],"potions_floor_usage":[14,24,24,24,24],"damage_taken":[{"damage":6.0,"enemies":"2 Louse","floor":1.0,"turns":4.0},{"damage":6.0,"enemies":"Jaw Worm","floor":3.0,"turns":4.0},{"damage":1.0,"enemies":"Small Slimes","floor":5.0,"turns":4.0},{"damage":42.0,"enemies":"3 Sentries","floor":6.0,"turns":9.0},{"damage":6,"enemies":"Blue Slaver","floor":11,"turns":4},{"damage":1,"enemies":"Gremlin Gang","floor":14,"turns":2},{"damage":28,"enemies":"Hexaghost","floor":16,"turns":9},{"damage":23,"enemies":"2 Thieves","floor":18,"turns":3},{"damage":32,"enemies":"3 Byrds","floor":19,"turns":6},{"damage":28,"enemies":"3 Cultists","floor":21,"turns":5},{"damage":36,"enemies":"Snake Plant","floor":22,"turns":5},{"damage":68,"enemies":"Gremlin Leader","floor":24,"turns":7}],"seed_played":"5986350361009318222","potions_obtained":[{"floor":6.0,"key":"Explosive Potion"},{"floor":11,"key":"SneckoOil"},{"floor":14,"key":"Ancient Potion"},{"floor":21,"key":"EntropicBrew"}],"is_trial":false,"path_per_floor":["M","?","M","T","M","E","R","?","T","R","M","$","R","M","R","B",null,"M","M","?","M","M","R","E"],"character_chosen":"IRONCLAD","items_purchased":["Inflame"],"campfire_rested":1,"item_purchase_floors":[12],"current_hp_per_floor":[68,61,61,61,66,30,30,30,30,30,30,30,30,35,35,13,60,43,34,34,43,13,35,0],"gold":235,"neow_bonus":"THREE_RARE_CARDS","is_prod":false,"is_daily":false,"chose_seed":false,"campfire_upgraded":1,"win_rate":0,"timestamp":1547415013,"path_taken":["M","?","M","?","M","E","R","?","T","R","M","?","R","M","R","BOSS","M","?","?","M","M","R","E"],"build_version":"2019-01-10","purchased_purges":0,"victory":false,"max_hp_per_floor":[75,75,75,75,75,75,75,75,75,75,75,75,75,75,75,75,75,75,75,75,75,75,75,75],"card_choices":[{"not_picked":["Brutality","Berserk"],"picked":"Offering","floor":0.0},{"not_picked":["True Grit","Carnage"],"picked":"Shrug It Off","floor":1.0},{"not_picked":["Burning Pact","Havoc"],"picked":"Shrug It Off","floor":3.0},{"not_picked":["Havoc","Shrug It Off"],"picked":"Thunderclap","floor":5.0},{"not_picked":["Sever Soul","Intimidate"],"picked":"Metallicize","floor":6.0},{"not_picked":["Intimidate","Clash"],"picked":"Iron Wave","floor":11},{"not_picked":["Reckless Charge","Warcry"],"picked":"Twin Strike","floor":14},{"not_picked":["Demon Form","Offering"],"picked":"Reaper","floor":16},{"not_picked":["Twin Strike","Anger"],"picked":"Heavy Blade","floor":17},{"not_picked":["Body Slam","Rupture"],"picked":"Heavy Blade","floor":17},{"not_picked":["Warcry","Havoc"],"picked":"Shrug It Off","floor":17},{"not_picked":["Reckless Charge+1","Warcry"],"picked":"Seeing Red","floor":18},{"not_picked":["True Grit","Infernal Blade","Bloodletting"],"picked":"SKIP","floor":19},{"not_picked":["Disarm","True Grit","Thunderclap"],"picked":"SKIP","floor":21},{"not_picked":["Wild Strike","Perfected Strike+1","Entrench"],"picked":"SKIP","floor":22}],"player_experience":733439,"relics_obtained":[{"floor":4.0,"key":"Letter Opener"},{"floor":6.0,"key":"Girya"},{"floor":9,"key":"Matryoshka"}],"event_choices":[{"cards_removed":["Defend_R"],"damage_healed":0.0,"max_hp_gain":0.0,"max_hp_loss":0.0,"gold_gain":0.0,"event_name":"Golden Wing","player_choice":"Card Removal","floor":2.0,"gold_loss":0.0,"damage_taken":7.0},{"damage_healed":0,"gold_gain":0,"player_choice":"Searched \u00270\u0027 times","damage_taken":0,"max_hp_gain":0,"max_hp_loss":0,"event_name":"Dead Adventurer","floor":8,"gold_loss":0},{"damage_healed":0,"gold_gain":50,"player_choice":"Stole From Cult","damage_taken":0,"max_hp_gain":0,"max_hp_loss":0,"event_name":"Nest","floor":20,"gold_loss":0}],"is_beta":false,"boss_relics":[{"not_picked":["Empty Cage","Runic Dome"],"picked":"Orrery"}],"items_purged_floors":[],"is_endless":false,"potions_floor_spawned":[6,11,14,21],"killed_by":"Gremlin Leader","ascension_level":15}