{"gold_per_floor":[109,129,79,95,109,109,127,52,77,103,3,3,15,15],"floor_reached":14,"playtime":352,"items_purged":["Defend_R","Defend_R"],"score":101,"play_id":"0ae051ba-6a65-4ea2-8b15-4ced99fb19d1","local_time":"20190701222159","is_ascension_mode":true,"campfire_choices":[{"data":"Burning Pact","floor":6,"key":"SMITH"},{"data":"Pummel","floor":12,"key":"SMITH"}],"neow_cost":"NONE","seed_source_timestamp":1573058484064607,"circlet_count":0,"master_deck":["Strike_R","Strike_R","Strike_R","Strike_R","Strike_R","Defend_R","Bash","Battle Trance","Burning Pact+1","Pummel+1"],"relics":["Burning Blood","NeowsBlessing","Happy Flower","Orichalcum"],"potions_floor_usage":[10,14,14],"damage_taken":[{"damage":0,"enemies":"Cultist","floor":1,"turns":1},{"damage":0,"enemies":"Small Slimes","floor":2,"turns":1},{"damage":0,"enemies":"Jaw Worm","floor":4,"turns":1},{"damage":31,"enemies":"3 Louse","floor":5,"turns":4},{"damage":22,"enemies":"Looter","floor":7,"turns":3},{"damage":28,"enemies":"Gremlin Nob","floor":10,"turns":4},{"damage":12,"enemies":"Red Slaver","floor":13,"turns":3},{"damage":13,"enemies":"Exordium Thugs","floor":14,"turns":2}],"seed_played":"8300752530193496036","potions_obtained":[{"floor":1,"key":"SteroidPotion"},{"floor":4,"key":"Ancient Potion"},{"floor":10,"key":"Swift Potion"},{"floor":13,"key":"Dexterity Potion"}],"is_trial":false,"path_per_floor":["M","M","?","M","M","R","M","$","T","E","$","R","M","M"],"character_chosen":"IRONCLAD","items_purchased":[],"campfire_rested":0,"item_purchase_floors":[],"current_hp_per_floor":[80,80,80,80,55,55,39,39,39,17,17,17,11,0],"gold":15,"neow_bonus":"THREE_ENEMY_KILL","is_prod":false,"is_daily":false,"chose_seed":false,"campfire_upgraded":2,"win_rate":0,"timestamp":1562034119,"path_taken":["M","?","?","M","M","R","M","?","T","E","$","R","M","M"],"build_version":"2019-07-01","purchased_purges":2,"victory":false,"max_hp_per_floor":[80,80,80,80,80,80,80,80,80,80,80,80,80,80],"card_choices":[{"not_picked":["Headbutt","Warcry"],"picked":"Battle Trance","floor":1},{"not_picked":["Heavy Blade","Perfected Strike","Blood for Blood"],"picked":"SKIP","floor":2},{"not_picked":["Clash","Wild Strike"],"picked":"Burning Pact","floor":4},{"not_picked":["Warcry","Pommel Strike","Feel No Pain"],"picked":"SKIP","floor":5},{"not_picked":["Bloodletting","Wild Strike","Shockwave"],"picked":"SKIP","floor":7},{"not_picked":["Ghostly Armor","Sword Boomerang"],"picked":"Pummel","floor":10},{"not_picked":["Dual Wield","Shrug It Off","Dropkick"],"picked":"SKIP","floor":13}],"player_experience":105157,"relics_obtained":[{"floor":9,"key":"Happy Flower"},{"floor":10,"key":"Orichalcum"}],"event_choices":[{"cards_removed":["Defend_R"],"damage_healed":0,"gold_gain":0,"player_choice":"Card Removal","damage_taken":0,"max_hp_gain":0,"max_hp_loss":0,"event_name":"The Cleric","floor":3,"gold_loss":50}],"is_beta":false,"boss_relics":[],"items_purged_floors":[8,11],"is_endless":false,"potions_floor_spawned":[1,4,10,13],"killed_by":"Exordium Thugs","ascension_level":2}