{"path_per_floor":["M","M","?","M","$","R","M","R","T","$","R","M","E","?","R","B",null,"M","?","$","M","M","E","R","M","T","R","?","$","E","M","R","B",null,"M","?","?","?","M","R","M","R","T","M","R","M","E","M","R","B"],"character_chosen":"IRONCLAD","items_purchased":["Inflame","Heavy Blade"],"gold_per_floor":[117,132,132,143,70,70,86,86,112,37,37,51,81,81,81,155,155,155,80,58,58,58,58,58,58,58,58,58,58,58,58,58,58,58,58,58,58,58,58,58,58,58,58,58,58,58,58,58,58,58],"floor_reached":51,"campfire_rested":3,"playtime":1859,"current_hp_per_floor":[72,67,67,68,68,68,45,45,45,45,45,35,8,13,38,37,73,68,68,68,84,44,26,52,43,43,43,43,43,27,34,61,13,72,66,54,96,96,98,98,83,83,83,95,95,87,72,66,66,12],"items_purged":["Strike_R"],"gold":58,"score":1242,"play_id":"4f15feb0-5e4e-4d20-b41e-227dd4dc92fd","local_time":"20180325182141","is_prod":false,"is_daily":false,"is_ascension_mode":true,"campfire_upgraded":6,"timestamp":1521994901,"path_taken":["M","M","?","M","$","R","M","R","T","$","R","M","E","?","R","BOSS","M","?","$","?","M","E","R","M","T","R","?","$","E","M","R","BOSS","M","?","?","?","M","R","M","R","T","M","R","M","E","M","R","BOSS"],"build_version":"2018-03-22v2","purchased_purges":1,"victory":true,"master_deck":["Strike_R","Strike_R","Defend_R","Defend_R","Defend_R","Defend_R","Bash+1","AscendersBane","Limit Break+1","Headbutt","Cleave","Inflame+1","Dropkick","Reaper","Heavy Blade+1","Seeing Red+1","Clothesline","Ghostly Armor","Feed","Madness+1","Limit Break+1","Double Tap+1","Twin Strike","Heavy Blade+1"],"max_hp_per_floor":[80,80,80,80,80,80,80,80,80,80,80,80,80,85,85,85,85,85,85,85,85,85,87,87,89,89,89,89,89,91,91,91,91,91,96,96,96,96,98,98,101,101,101,103,103,103,108,111,111,111],"relics":["Burning Blood","Oddly Smooth Stone","Centennial Puzzle","Ectoplasm","Singing Bowl","Ancient Tea Set","Bottled Tornado","Sozu","Shovel","Girya","Champion Belt","Old Coin"],"card_choices":[{"not_picked":["Hemokinesis","Clothesline"],"picked":"Headbutt","floor":1.0},{"not_picked":["Anger","Iron Wave"],"picked":"Cleave","floor":4.0},{"not_picked":["Sword Boomerang","Thunderclap"],"picked":"Dropkick","floor":12.0},{"not_picked":["Barricade","Dark Embrace"],"picked":"Reaper","floor":16.0},{"not_picked":["Wild Strike","Havoc"],"picked":"Seeing Red","floor":22.0},{"not_picked":["Juggernaut","Rampage"],"picked":"Ghostly Armor","floor":31.0},{"not_picked":["Demon Form","Fiend Fire"],"picked":"Feed","floor":33.0},{"not_picked":["Anger","Clash"],"picked":"Double Tap","floor":41.0},{"not_picked":["Evolve","Whirlwind"],"picked":"Twin Strike","floor":46.0},{"not_picked":["Cleave","Anger"],"picked":"Heavy Blade","floor":48.0}],"player_experience":456482,"potions_floor_usage":[],"damage_taken":[{"damage":6.0,"enemies":"Small Slimes","floor":1.0,"turns":5.0},{"damage":11.0,"enemies":"Cultist","floor":2.0,"turns":4.0},{"damage":5.0,"enemies":"2 Louse","floor":4.0,"turns":3.0},{"damage":29.0,"enemies":"Blue Slaver","floor":7.0,"turns":4.0},{"damage":16.0,"enemies":"Red Slaver","floor":12.0,"turns":4.0},{"damage":33.0,"enemies":"3 Sentries","floor":13.0,"turns":5.0},{"damage":7.0,"enemies":"Slime Boss","floor":16.0,"turns":4.0},{"damage":11.0,"enemies":"Spheric Guardian","floor":18.0,"turns":3.0},{"damage":14.0,"enemies":"Shell Parasite","floor":21.0,"turns":4.0},{"damage":46.0,"enemies":"Snake Plant","floor":22.0,"turns":5.0},{"damage":56.0,"enemies":"Slavers","floor":23.0,"turns":5.0},{"damage":33.0,"enemies":"Sentry and Sphere","floor":25.0,"turns":5.0},{"damage":39.0,"enemies":"Book of Stabbing","floor":30.0,"turns":5.0},{"damage":14.0,"enemies":"Snecko","floor":31.0,"turns":5.0},{"damage":54.0,"enemies":"Automaton","floor":33.0,"turns":8.0},{"damage":17.0,"enemies":"3 Shapes","floor":35.0,"turns":4.0},{"damage":10.0,"enemies":"Orb Walker","floor":39.0,"turns":3.0},{"damage":24.0,"enemies":"4 Shapes","floor":41.0,"turns":5.0},{"damage":32.0,"enemies":"3 Darklings","floor":44.0,"turns":4.0},{"damage":26.0,"enemies":"Maw","floor":46.0,"turns":6.0},{"damage":58.0,"enemies":"2 Orb Walkers","floor":47.0,"turns":5.0},{"damage":45.0,"enemies":"4 Shapes","floor":48.0,"turns":5.0},{"damage":67,"enemies":"Time Eater","floor":50,"turns":6}],"event_choices":[{"event_name":"Match and Keep!","player_choice":"0 cards matched","floor":3.0,"damage_taken":0.0},{"event_name":"Big Fish","player_choice":"Donut","floor":14.0,"damage_taken":0.0},{"event_name":"Beggar","player_choice":"Gave Gold","floor":19.0,"damage_taken":0.0},{"event_name":"Transmorgrifier","player_choice":"Transform","floor":28.0,"damage_taken":0.0},{"event_name":"Winding Halls","player_choice":"Embrace Madness","floor":36.0,"damage_taken":0.0},{"event_name":"Bonfire Elementals","player_choice":"UNCOMMON","floor":37.0,"damage_taken":0.0},{"event_name":"Duplicator","player_choice":"One dupe","floor":38.0,"damage_taken":0.0}],"boss_relics":[],"potions_floor_spawned":[1,4,12,22,25,30,39,46],"seed_played":"5035043858237048707","ascension_level":13,"is_trial":false}