{"gold_per_floor":[109,23,23,23,23,23,37,37,37,54,54,72,72,84,84,161,161,172,222,234,234,246,246,265,138,438,466,466],"floor_reached":28,"playtime":953,"items_purged":["Strike_G"],"score":481,"play_id":"70854a30-a1ed-4706-ab00-96a19922082c","local_time":"20190219124132","is_ascension_mode":true,"campfire_choices":[{"data":"Neutralize","floor":6.0,"key":"SMITH"},{"data":"Deadly Poison","floor":11.0,"key":"SMITH"},{"data":"Footwork","floor":15.0,"key":"SMITH"},{"data":"Acrobatics","floor":23.0,"key":"SMITH"}],"neow_cost":"NONE","seed_source_timestamp":1153972106165183,"circlet_count":0,"master_deck":["AscendersBane","Defend_G","Defend_G","Defend_G","Defend_G","Defend_G","Strike_G","Strike_G","Strike_G","Survivor","Neutralize+1","Deadly Poison","Footwork+1","Deadly Poison+1","Acrobatics+1","Backflip","Corpse Explosion","Dagger Spray","Deflect","Acrobatics"],"special_seed":0,"relics":["Ring of the Snake","Snake Skull","Pocketwatch","Coffee Dripper","Old Coin","Happy Flower"],"potions_floor_usage":[27],"damage_taken":[{"damage":0.0,"enemies":"2 Louse","floor":1.0,"turns":4.0},{"damage":3.0,"enemies":"Small Slimes","floor":7.0,"turns":5.0},{"damage":0.0,"enemies":"Cultist","floor":10.0,"turns":3.0},{"damage":5.0,"enemies":"Lots of Slimes","floor":12.0,"turns":6.0},{"damage":7.0,"enemies":"3 Louse","floor":14.0,"turns":4.0},{"damage":2.0,"enemies":"Hexaghost","floor":16.0,"turns":9.0},{"damage":1.0,"enemies":"Chosen","floor":18.0,"turns":4.0},{"damage":2.0,"enemies":"Shell Parasite","floor":20.0,"turns":4.0},{"damage":6.0,"enemies":"Snake Plant","floor":22.0,"turns":6.0},{"damage":26,"enemies":"Shelled Parasite and Fungi","floor":24,"turns":3},{"damage":16,"enemies":"Gremlin Leader","floor":27,"turns":7},{"damage":36,"enemies":"Cultist and Chosen","floor":28,"turns":3}],"seed_played":"-3293822749096016526","potions_obtained":[{"floor":10.0,"key":"GhostInAJar"},{"floor":24,"key":"SkillPotion"}],"is_trial":false,"path_per_floor":["M","$","?","?","?","R","M","?","T","M","R","M","$","M","R","B",null,"M","?","M","?","M","R","M","$","T","E","M"],"character_chosen":"THE_SILENT","items_purchased":["Footwork","Acrobatics"],"campfire_rested":0,"item_purchase_floors":[2,25],"current_hp_per_floor":[59,59,59,59,52,52,49,49,49,49,49,44,44,37,37,35,58,57,57,55,55,49,49,23,23,23,7,0],"gold":466,"neow_bonus":"RANDOM_COMMON_RELIC","is_prod":false,"is_daily":false,"chose_seed":false,"campfire_upgraded":4,"win_rate":0,"timestamp":1550576492,"path_taken":["M","$","?","?","?","R","M","?","T","M","R","M","$","M","R","BOSS","M","?","M","?","?","R","?","$","T","E","M"],"build_version":"2019-01-23","purchased_purges":1,"victory":false,"max_hp_per_floor":[66,66,66,66,66,66,66,66,66,66,66,66,66,66,66,66,66,66,66,66,66,66,66,66,66,66,66,66],"card_choices":[{"not_picked":["Dodge and Roll","Underhanded Strike"],"picked":"Deadly Poison","floor":1.0},{"not_picked":["Poisoned Stab","Bane"],"picked":"Deadly Poison","floor":7.0},{"not_picked":["Dagger Throw","Infinite Blades"],"picked":"Acrobatics","floor":10.0},{"not_picked":["Riddle With Holes","Skewer","All Out Attack"],"picked":"SKIP","floor":12.0},{"not_picked":["PiercingWail","Caltrops"],"picked":"Backflip","floor":14.0},{"not_picked":["Wraith Form v2","Die Die Die"],"picked":"Corpse Explosion","floor":16.0},{"not_picked":["All Out Attack","Concentrate","Deadly Poison"],"picked":"SKIP","floor":18.0},{"not_picked":["Cloak And Dagger","Dodge and Roll+1"],"picked":"Dagger Spray","floor":20.0},{"not_picked":["Flying Knee","Dagger Throw","Acrobatics"],"picked":"SKIP","floor":22.0},{"not_picked":["Underhanded Strike","Backflip"],"picked":"Deflect","floor":24},{"not_picked":["Choke","Blade Dance","Cloak And Dagger+1"],"picked":"SKIP","floor":27}],"player_experience":822959,"relics_obtained":[{"floor":9.0,"key":"Pocketwatch"},{"floor":26,"key":"Old Coin"},{"floor":27,"key":"Happy Flower"}],"event_choices":[{"damage_healed":0.0,"max_hp_gain":0.0,"max_hp_loss":0.0,"gold_gain":0.0,"event_name":"Scrap Ooze","player_choice":"Fled","floor":3.0,"gold_loss":0.0,"damage_taken":0.0},{"damage_healed":0.0,"max_hp_gain":0.0,"max_hp_loss":0.0,"gold_gain":0.0,"event_name":"The Cleric","player_choice":"Leave","floor":4.0,"gold_loss":0.0,"damage_taken":0.0},{"cards_removed":["Strike_G"],"damage_healed":0.0,"max_hp_gain":0.0,"max_hp_loss":0.0,"gold_gain":0.0,"event_name":"Golden Wing","player_choice":"Card Removal","floor":5.0,"gold_loss":0.0,"damage_taken":7.0},{"damage_healed":0.0,"max_hp_gain":0.0,"max_hp_loss":0.0,"gold_gain":0.0,"event_name":"Liars Game","player_choice":"Ignored","floor":8.0,"gold_loss":0.0,"damage_taken":0.0},{"damage_healed":0.0,"max_hp_gain":0.0,"max_hp_loss":0.0,"gold_gain":50.0,"event_name":"Nest","player_choice":"Stole From Cult","floor":19.0,"gold_loss":0.0,"damage_taken":0.0},{"damage_healed":0.0,"max_hp_gain":0.0,"max_hp_loss":0.0,"gold_gain":0.0,"event_name":"N\u0027loth","player_choice":"Ignored","floor":21.0,"gold_loss":0.0,"damage_taken":0.0}],"is_beta":false,"boss_relics":[{"not_picked":["Runic Dome","Pandora\u0027s Box"],"picked":"Coffee Dripper"}],"items_purged_floors":[25],"is_endless":false,"potions_floor_spawned":[10,24],"killed_by":"Cultist and Chosen","ascension_level":18}