{"gold_per_floor":[114,114,126,126,146,179,205,534,534,534,546,580,580,592,592,689,689,689,75,75,75,75,75,75,75,75,75,75,75,75,75,75,75,75,75,25,25,25,25,25,25,25,25,25,25,25,25,25,25,25],"floor_reached":51,"playtime":1740,"items_purged":["Strike_G"],"score":819,"play_id":"b9472b44-63e9-45da-987c-8a0b7805e855","local_time":"20190729185632","is_ascension_mode":true,"campfire_choices":[{"data":"Flechettes","floor":10,"key":"SMITH"},{"data":"Cloak And Dagger","floor":15,"key":"SMITH"},{"data":"Accuracy","floor":28,"key":"SMITH"},{"data":"A Thousand Cuts","floor":32,"key":"SMITH"},{"floor":40,"key":"RECALL"},{"data":"Burst","floor":44,"key":"SMITH"},{"data":"Blade Dance","floor":47,"key":"SMITH"},{"floor":49,"key":"REST"}],"neow_cost":"NONE","seed_source_timestamp":1555882672677297,"circlet_count":0,"master_deck":["Strike_G+1","Strike_G+1","Strike_G","Strike_G","Defend_G","Defend_G","Defend_G+1","Defend_G","Survivor","Neutralize","Blade Dance+1","Terror","Masterful Stab","Cloak And Dagger+1","Cloak And Dagger+1","Flechettes+1","Glass Knife","A Thousand Cuts+1","Blade Dance+1","Accuracy+1","Slice+1","Dagger Spray+1","Envenom+1","Blade Dance+1","Cloak And Dagger+1","Burst+1","Masterful Stab"],"relics":["Ring of the Snake","NeowsBlessing","Whetstone","Odd Mushroom","Old Coin","Shuriken","Mercury Hourglass","Ectoplasm","Ornamental Fan","Frozen Egg 2","Paper Crane","Bronze Scales","Ninja Scroll","War Paint","Sozu","Torii","Incense Burner","Kunai"],"potions_floor_usage":[8,8,16,16,23,33,33,41],"damage_taken":[{"damage":0,"enemies":"Cultist","floor":1,"turns":1},{"damage":0,"enemies":"2 Louse","floor":3,"turns":1},{"damage":0,"enemies":"Small Slimes","floor":5,"turns":1},{"damage":10,"enemies":"Gremlin Nob","floor":6,"turns":3},{"damage":12,"enemies":"The Mushroom Lair","floor":7,"turns":5},{"damage":20,"enemies":"Lagavulin","floor":8,"turns":5},{"damage":0,"enemies":"Red Slaver","floor":11,"turns":1},{"damage":19,"enemies":"3 Sentries","floor":12,"turns":5},{"damage":0,"enemies":"Looter","floor":14,"turns":1},{"damage":24,"enemies":"The Guardian","floor":16,"turns":9},{"damage":0,"enemies":"Shell Parasite","floor":18,"turns":2},{"damage":0,"enemies":"Chosen","floor":20,"turns":2},{"damage":0,"enemies":"Shelled Parasite and Fungi","floor":22,"turns":2},{"damage":27,"enemies":"Gremlin Leader","floor":23,"turns":4},{"damage":8,"enemies":"Cultist and Chosen","floor":24,"turns":3},{"damage":12,"enemies":"Snake Plant","floor":25,"turns":3},{"damage":0,"enemies":"Snecko","floor":31,"turns":2},{"damage":4,"enemies":"Automaton","floor":33,"turns":4},{"damage":0,"enemies":"Orb Walker","floor":35,"turns":1},{"damage":8,"enemies":"3 Shapes","floor":37,"turns":2},{"damage":11,"enemies":"Writhing Mass","floor":39,"turns":4},{"damage":16,"enemies":"Mind Bloom Boss Battle","floor":41,"turns":3},{"damage":0,"enemies":"Sphere and 2 Shapes","floor":42,"turns":3},{"damage":0,"enemies":"Spire Growth","floor":45,"turns":2},{"damage":8,"enemies":"Maw","floor":46,"turns":4},{"damage":1,"enemies":"Giant Head","floor":48,"turns":4},{"damage":8,"enemies":"Donu and Deca","floor":50,"turns":5}],"seed_played":"3517794052578615026","potions_obtained":[{"floor":1,"key":"GhostInAJar"},{"floor":3,"key":"EssenceOfSteel"},{"floor":7,"key":"Regen Potion"},{"floor":13,"key":"Regen Potion"},{"floor":13,"key":"Energy Potion"},{"floor":16,"key":"Regen Potion"},{"floor":22,"key":"AttackPotion"},{"floor":23,"key":"Explosive Potion"},{"floor":31,"key":"SpeedPotion"}],"is_trial":false,"path_per_floor":["M","?","M","?","M","E","?","E","T","R","M","E","?","M","R","B",null,"M","$","M","?","M","E","M","M","T","$","R","T","?","M","R","B",null,"M","$","M","$","M","R","?","M","T","R","M","M","R","E","R","B",null],"character_chosen":"THE_SILENT","items_purchased":["Accuracy","Ornamental Fan","Frozen Egg 2","Blade Dance"],"campfire_rested":1,"item_purchase_floors":[19,19,19,36],"current_hp_per_floor":[70,70,70,70,70,60,48,42,42,42,42,23,23,23,23,14,70,70,70,70,70,70,43,35,23,23,23,23,23,23,23,23,31,70,70,70,62,62,51,51,35,35,35,35,35,27,27,26,47,39],"gold":25,"neow_bonus":"THREE_ENEMY_KILL","is_prod":false,"is_daily":false,"chose_seed":false,"campfire_upgraded":6,"win_rate":0,"timestamp":1564440992,"path_taken":["M","?","?","?","M","E","?","E","T","R","M","E","?","M","R","BOSS","M","?","M","?","M","E","M","M","T","$","R","?","?","M","R","BOSS","M","$","M","?","M","R","?","M","T","R","M","M","R","E","R","BOSS"],"build_version":"2019-07-17","purchased_purges":1,"victory":true,"max_hp_per_floor":[70,70,70,70,70,70,70,70,70,70,70,70,70,70,70,70,70,70,70,70,70,70,70,70,70,70,70,70,70,70,70,70,70,70,70,70,70,70,70,70,70,70,70,70,70,70,70,70,70,70],"card_choices":[{"not_picked":["Escape Plan","Dagger Throw"],"picked":"Blade Dance","floor":1},{"not_picked":["Outmaneuver","Quick Slash"],"picked":"Terror","floor":3},{"not_picked":["Underhanded Strike","Poisoned Stab"],"picked":"Masterful Stab","floor":5},{"not_picked":["Night Terror","Quick Slash"],"picked":"Cloak And Dagger","floor":6},{"not_picked":["Acrobatics","Dagger Spray"],"picked":"Cloak And Dagger","floor":7},{"not_picked":["Deflect","PiercingWail"],"picked":"Flechettes","floor":8},{"not_picked":["Calculated Gamble","Quick Slash"],"picked":"Glass Knife","floor":11},{"not_picked":["Riddle With Holes","Predator","Crippling Poison"],"picked":"SKIP","floor":12},{"not_picked":["Catalyst","Poisoned Stab","Deadly Poison"],"picked":"SKIP","floor":14},{"not_picked":["Unload","Die Die Die"],"picked":"A Thousand Cuts","floor":16},{"not_picked":["Choke","Tactician"],"picked":"Blade Dance+1","floor":18},{"not_picked":["Blur+1","Dodge and Roll+1"],"picked":"Slice+1","floor":20},{"not_picked":["Backflip","Slice","Well Laid Plans+1"],"picked":"SKIP","floor":22},{"not_picked":["Distraction","Flying Knee","Dagger Spray"],"picked":"SKIP","floor":23},{"not_picked":["Crippling Poison","Unload","Dagger Spray"],"picked":"SKIP","floor":24},{"not_picked":["All Out Attack","Dodge and Roll"],"picked":"Dagger Spray+1","floor":25},{"not_picked":["PiercingWail","Deadly Poison","Endless Agony"],"picked":"SKIP","floor":31},{"not_picked":["Grand Finale","Night Terror"],"picked":"Envenom+1","floor":33},{"not_picked":["Acrobatics","Flying Knee","Well Laid Plans+1"],"picked":"SKIP","floor":35},{"not_picked":["Blur+1","Distraction+1"],"picked":"Cloak And Dagger+1","floor":37},{"not_picked":["Dodge and Roll","Terror","PiercingWail"],"picked":"SKIP","floor":39},{"not_picked":["Distraction+1","Blade Dance+1"],"picked":"Burst","floor":41},{"not_picked":["Deflect+1","Distraction","Bane+1"],"picked":"SKIP","floor":42},{"not_picked":["Heel Hook+1","Calculated Gamble","Underhanded Strike+1"],"picked":"SKIP","floor":45},{"not_picked":["Cloak And Dagger","PiercingWail+1","Deflect+1"],"picked":"SKIP","floor":46},{"not_picked":["Crippling Poison+1","Grand Finale"],"picked":"Masterful Stab","floor":48}],"player_experience":212738,"relics_obtained":[{"floor":6,"key":"Whetstone"},{"floor":7,"key":"Odd Mushroom"},{"floor":8,"key":"Old Coin"},{"floor":9,"key":"Shuriken"},{"floor":12,"key":"Mercury Hourglass"},{"floor":23,"key":"Bronze Scales"},{"floor":26,"key":"Ninja Scroll"},{"floor":29,"key":"War Paint"},{"floor":41,"key":"Torii"},{"floor":43,"key":"Incense Burner"},{"floor":48,"key":"Kunai"}],"event_choices":[{"damage_healed":0,"gold_gain":0,"player_choice":"Upgraded","damage_taken":0,"max_hp_gain":0,"max_hp_loss":0,"event_name":"Upgrade Shrine","floor":2,"gold_loss":0,"cards_upgraded":["Blade Dance"]},{"cards_removed":["Defend_G"],"damage_healed":0,"gold_gain":0,"player_choice":"Forget","damage_taken":0,"max_hp_gain":0,"max_hp_loss":0,"event_name":"Living Wall","floor":4,"gold_loss":0},{"damage_healed":0,"gold_gain":0,"player_choice":"Fought Mushrooms","damage_taken":0,"max_hp_gain":0,"max_hp_loss":0,"event_name":"Mushrooms","floor":7,"gold_loss":0},{"damage_healed":0,"gold_gain":0,"player_choice":"Got Potions","damage_taken":0,"max_hp_gain":0,"max_hp_loss":0,"event_name":"Lab","floor":13,"gold_loss":0},{"damage_healed":0,"gold_gain":0,"player_choice":"Stole Relic","damage_taken":0,"relics_obtained":["Paper Crane"],"max_hp_gain":0,"max_hp_loss":0,"event_name":"Addict","floor":21,"gold_loss":0,"cards_obtained":["Shame"]},{"cards_removed":["Shame"],"damage_healed":0,"gold_gain":0,"player_choice":"Removed Curses","damage_taken":0,"max_hp_gain":0,"max_hp_loss":0,"event_name":"Fountain of Cleansing","floor":30,"gold_loss":0},{"damage_healed":0,"gold_gain":0,"player_choice":"Fight","damage_taken":0,"max_hp_gain":0,"max_hp_loss":0,"event_name":"MindBloom","floor":41,"gold_loss":0}],"is_beta":false,"boss_relics":[{"not_picked":["Orrery","Calling Bell"],"picked":"Ectoplasm"},{"not_picked":["Cursed Key","Runic Dome"],"picked":"Sozu"}],"items_purged_floors":[19],"is_endless":false,"potions_floor_spawned":[1,3,7,14,16,22,23,31,35,39,45,46],"ascension_level":3}