{"gold_per_floor":[110,120,120,130,27,27,27,45,119,119,132,207,207,237,237,237],"floor_reached":16,"playtime":647,"items_purged":[],"score":190,"play_id":"67794d7a-9148-4dde-8b31-60ea6f8293c2","local_time":"20190222134011","is_ascension_mode":true,"campfire_choices":[{"data":"Wraith Form v2","floor":6.0,"key":"SMITH"},{"data":"Neutralize","floor":10.0,"key":"SMITH"},{"floor":15.0,"key":"REST"}],"neow_cost":"NONE","seed_source_timestamp":1320896524412016,"circlet_count":0,"master_deck":["AscendersBane","Survivor","Neutralize+1","After Image","Deadly Poison","Concentrate","All Out Attack+1","Riddle With Holes","Leg Sweep","Wraith Form v2+1","Bullet Time","Terror+1","Night Terror","Infinite Blades","Flying Knee","Deflect","Panacea","Dagger Spray","Corpse Explosion"],"special_seed":0,"relics":["Pandora\u0027s Box","Ancient Tea Set"],"potions_floor_usage":[16,16],"damage_taken":[{"damage":1.0,"enemies":"Cultist","floor":1.0,"turns":4.0},{"damage":4.0,"enemies":"Small Slimes","floor":2.0,"turns":4.0},{"damage":2.0,"enemies":"2 Louse","floor":4.0,"turns":3.0},{"damage":8.0,"enemies":"Large Slime","floor":8.0,"turns":5.0},{"damage":2.0,"enemies":"Blue Slaver","floor":11.0,"turns":4.0},{"damage":1.0,"enemies":"Lagavulin","floor":14.0,"turns":6.0},{"damage":43,"enemies":"Slime Boss","floor":16,"turns":9}],"seed_played":"-5009086953420554379","potions_obtained":[{"floor":8.0,"key":"Energy Potion"},{"floor":11.0,"key":"Strength Potion"},{"floor":14.0,"key":"SneckoOil"}],"is_trial":false,"path_per_floor":["M","M","?","M","$","R","$","M","T","R","M","?","?","E","R","B"],"character_chosen":"THE_SILENT","items_purchased":["Panacea"],"campfire_rested":1,"item_purchase_floors":[5],"current_hp_per_floor":[58,54,34,32,32,32,32,24,24,24,22,11,11,10,29,0],"gold":237,"neow_bonus":"BOSS_RELIC","is_prod":false,"is_daily":false,"chose_seed":false,"campfire_upgraded":2,"win_rate":0,"timestamp":1550839211,"path_taken":["M","?","?","M","$","R","$","M","T","R","M","?","?","E","R","BOSS"],"build_version":"2019-01-23","purchased_purges":0,"victory":false,"max_hp_per_floor":[66,66,66,66,66,66,66,66,66,66,66,66,66,66,66,66],"card_choices":[{"not_picked":["Poisoned Stab","Heel Hook"],"picked":"Infinite Blades","floor":1.0},{"not_picked":["Prepared","Eviscerate"],"picked":"Flying Knee","floor":2.0},{"not_picked":["Masterful Stab","Infinite Blades"],"picked":"Deflect","floor":4.0},{"not_picked":["Deadly Poison","Poisoned Stab","Prepared"],"picked":"SKIP","floor":8.0},{"not_picked":["Accuracy","PiercingWail"],"picked":"Dagger Spray","floor":11.0},{"not_picked":["Dagger Spray","PiercingWail"],"picked":"Corpse Explosion","floor":14.0}],"player_experience":860273,"relics_obtained":[{"floor":14.0,"key":"Ancient Tea Set"}],"event_choices":[{"damage_healed":0.0,"max_hp_gain":0.0,"max_hp_loss":0.0,"gold_gain":0.0,"event_name":"Shining Light","player_choice":"Entered Light","floor":3.0,"gold_loss":0.0,"damage_taken":20.0,"cards_upgraded":["Terror","All Out Attack"]},{"damage_healed":0.0,"max_hp_gain":0.0,"max_hp_loss":0.0,"gold_gain":75.0,"event_name":"World of Goop","player_choice":"Gather Gold","floor":12.0,"gold_loss":0.0,"damage_taken":11.0},{"damage_healed":0.0,"max_hp_gain":0.0,"max_hp_loss":0.0,"gold_gain":0.0,"event_name":"Liars Game","player_choice":"Ignored","floor":13.0,"gold_loss":0.0,"damage_taken":0.0}],"is_beta":false,"boss_relics":[],"items_purged_floors":[],"is_endless":false,"potions_floor_spawned":[8,11,14],"killed_by":"Slime Boss","ascension_level":18}