{"path_per_floor":["M","M","M","M","M","R","M","E","T","R","M","?","R","M","R","B",null,"M","?","?","?","?","R","?","R","T","M","R","T","$","M","R","B",null,"M","M","$","?","?","$","M","R","T","E","R","$","M","M","R"],"character_chosen":"DEFECT","items_purchased":["Coolheaded","Question Card","Torii"],"gold_per_floor":[119,131,145,155,169,169,179,204,204,204,219,219,219,233,233,332,332,351,451,451,451,451,451,451,451,505,520,520,543,414,430,430,527,527,547,557,296,296,296,0,13,13,13,46,46,46,62,75,75,75],"floor_reached":50,"campfire_rested":5,"playtime":2261,"current_hp_per_floor":[64,60,53,42,22,22,15,7,7,29,29,22,22,22,22,4,57,48,48,48,48,34,34,39,39,39,44,44,44,44,19,46,6,69,61,17,17,17,17,17,15,42,42,10,37,37,37,36,63,0],"items_purged":["Axe Kick"],"gold":75,"score":709,"play_id":"eea4552e-3757-4e2c-9ac5-db396a97dc4b","local_time":"20180519002144","is_prod":false,"is_daily":false,"chose_seed":false,"is_ascension_mode":true,"campfire_upgraded":6,"timestamp":1526682104,"campfire_choices":[{"data":"Zap","floor":6.0,"key":"SMITH"},{"floor":10.0,"key":"REST"},{"data":"Dualcast","floor":13.0,"key":"SMITH"},{"data":"Fission","floor":15.0,"key":"SMITH"},{"data":"Electrodynamics","floor":23.0,"key":"SMITH"},{"data":"Hologram","floor":25.0,"key":"SMITH"},{"data":"Skim","floor":28.0,"key":"SMITH"},{"floor":32.0,"key":"REST"},{"floor":42.0,"key":"REST"},{"floor":45,"key":"REST"},{"floor":49,"key":"REST"}],"path_taken":["M","M","M","M","M","R","M","E","T","R","M","?","R","?","R","BOSS","M","?","?","?","?","R","?","R","T","M","R","?","?","M","R","BOSS","M","M","$","?","?","$","M","R","T","E","R","$","M","M","R","BOSS"],"build_version":"2018-05-17","seed_source_timestamp":60662938132055,"purchased_purges":3,"victory":false,"master_deck":["Zap+1","Dualcast+1","Fission+1","Genetic Algorithm","Cold Snap","Skim+1","Barrage","Sweeping Beam","Hologram+1","Electrodynamics+1","Steam","Barrage","Steam","Ball Lightning","Skim","Glacier","Coolheaded","Go for the Eyes","Capacitor+1","Auto Shields+1","Chill+1","Coolheaded","Coolheaded+1"],"max_hp_per_floor":[75,75,75,75,75,75,75,75,75,75,75,75,75,75,75,75,75,75,75,75,75,80,80,80,80,80,90,90,90,90,90,90,90,90,90,90,90,90,90,90,90,90,90,90,90,90,90,90,90,90],"relics":["Cracked Core","Centennial Puzzle","Mercury Hourglass","Pandora\u0027s Box","Bag of Preparation","Oddly Smooth Stone","Sozu","Question Card","Torii","Symbiotic Virus","Omamori"],"card_choices":[{"not_picked":["Consume","Stack","Axe Kick"],"picked":"SKIP","floor":1.0},{"not_picked":["Steam Power","Reprogram"],"picked":"Genetic Algorithm","floor":2.0},{"not_picked":["Skim","Sweeping Beam"],"picked":"Cold Snap","floor":3.0},{"not_picked":["Turbo","Scrape","Leap"],"picked":"SKIP","floor":4.0},{"not_picked":["Axe Kick","Buffer"],"picked":"Skim","floor":5.0},{"not_picked":["Chaos","Sweeping Beam"],"picked":"Barrage","floor":7.0},{"not_picked":["Ball Lightning","Reinforced Body"],"picked":"Sweeping Beam","floor":8.0},{"not_picked":["Sweeping Beam","Reinforced Body"],"picked":"Hologram","floor":11.0},{"not_picked":["Sunder","Heatsinks","Sweeping Beam"],"picked":"SKIP","floor":14.0},{"not_picked":["Rainbow","Echo Form"],"picked":"Electrodynamics","floor":16.0},{"not_picked":["Leap","Beam Cell+1","Chaos"],"picked":"SKIP","floor":18.0},{"not_picked":["Coolheaded","Axe Kick"],"picked":"Glacier","floor":27.0},{"not_picked":["Go for the Eyes","Leap+1","Axe Kick"],"picked":"SKIP","floor":31.0},{"not_picked":["Leap+1","Axe Kick"],"picked":"Go for the Eyes","floor":31.0},{"not_picked":["Axe Kick","Barrage+1"],"picked":"Capacitor+1","floor":35.0},{"not_picked":["Turbo","Lockon"],"picked":"Auto Shields+1","floor":36.0},{"not_picked":["Capacitor+1","Rainbow","Sunder"],"picked":"Chill+1","floor":41.0},{"not_picked":["Stack+1","Beam Cell","Rip and Tear","Auto Shields"],"picked":"SKIP","floor":44},{"not_picked":["Cold Snap","Capacitor+1","Leap"],"picked":"Coolheaded","floor":47},{"not_picked":["Skim+1","Scrape+1","Capacitor+1"],"picked":"Coolheaded+1","floor":48}],"player_experience":689721,"potions_floor_usage":[],"damage_taken":[{"damage":4.0,"enemies":"Jaw Worm","floor":1.0,"turns":3.0},{"damage":4.0,"enemies":"Small Slimes","floor":2.0,"turns":4.0},{"damage":7.0,"enemies":"2 Louse","floor":3.0,"turns":3.0},{"damage":11.0,"enemies":"Red Slaver","floor":4.0,"turns":4.0},{"damage":20.0,"enemies":"Exordium Thugs","floor":5.0,"turns":6.0},{"damage":7.0,"enemies":"Exordium Wildlife","floor":7.0,"turns":5.0},{"damage":8.0,"enemies":"3 Sentries","floor":8.0,"turns":8.0},{"damage":0.0,"enemies":"Gremlin Gang","floor":11.0,"turns":3.0},{"damage":0.0,"enemies":"3 Louse","floor":14.0,"turns":2.0},{"damage":34.0,"enemies":"Slime Boss","floor":16.0,"turns":10.0},{"damage":9.0,"enemies":"3 Byrds","floor":18.0,"turns":3.0},{"damage":5.0,"enemies":"2 Thieves","floor":27.0,"turns":2.0},{"damage":25.0,"enemies":"Snake Plant","floor":31.0,"turns":5.0},{"damage":40.0,"enemies":"Collector","floor":33.0,"turns":12.0},{"damage":8.0,"enemies":"3 Shapes","floor":35.0,"turns":3.0},{"damage":44.0,"enemies":"3 Darklings","floor":36.0,"turns":5.0},{"damage":2.0,"enemies":"Maw","floor":41.0,"turns":7.0},{"damage":32,"enemies":"Giant Head","floor":44,"turns":10},{"damage":0,"enemies":"Spire Growth","floor":47,"turns":4},{"damage":1,"enemies":"Flame Bruiser 2 Orb","floor":48,"turns":7},{"damage":63,"enemies":"Time Eater","floor":50,"turns":6}],"relics_obtained":[{"floor":8.0,"key":"Centennial Puzzle"},{"floor":9.0,"key":"Mercury Hourglass"},{"floor":26.0,"key":"Bag of Preparation"},{"floor":29.0,"key":"Oddly Smooth Stone"},{"floor":43.0,"key":"Symbiotic Virus"},{"floor":44,"key":"Omamori"}],"event_choices":[{"event_name":"Golden Wing","player_choice":"Card Removal","floor":12.0,"damage_taken":0.0},{"event_name":"Golden Shrine","player_choice":"Pray","floor":19.0,"damage_taken":0.0},{"event_name":"The Lab","player_choice":"Got Potions","floor":20.0,"damage_taken":0.0},{"event_name":"Ghosts","player_choice":"Ignored","floor":21.0,"damage_taken":0.0},{"event_name":"Forgotten Altar","player_choice":"Shed Blood","floor":22.0,"damage_taken":0.0},{"event_name":"Bonfire Elementals","player_choice":"COMMON","floor":24.0,"damage_taken":0.0},{"event_name":"Tomb of Lord Red Mask","player_choice":"Ignored","floor":38.0,"damage_taken":0.0},{"event_name":"The Woman in Blue","player_choice":"Bought 0 Potions","floor":39.0,"damage_taken":0.0}],"boss_relics":[],"potions_floor_spawned":[1,4,7,8,27,41,47,48],"seed_played":"5611897656660823843","killed_by":"Time Eater","ascension_level":9,"potions_obtained":[{"floor":1.0,"key":"Block Potion"},{"floor":4.0,"key":"FairyPotion"},{"floor":7.0,"key":"GamblersBrew"},{"floor":8.0,"key":"FairyPotion"},{"floor":20.0,"key":"Fruit Juice"},{"floor":20.0,"key":"Fruit Juice"},{"floor":27.0,"key":"FearPotion"}],"is_trial":false}