{"gold_per_floor":[112,123,134,150,41,71,71,71,71,90,65,65,65,84,84,84],"floor_reached":16,"playtime":378,"items_purged":["Strike_R"],"score":102,"play_id":"48a12b50-f062-41b2-91f4-fd5a99c57cd4","local_time":"20181206203142","is_ascension_mode":false,"campfire_choices":[{"floor":7,"key":"RECALL"},{"data":"Carnage","floor":15,"key":"SMITH"}],"neow_cost":"NONE","seed_source_timestamp":0,"circlet_count":0,"master_deck":["Strike_R","Strike_R","Strike_R","Strike_R","Defend_R","Defend_R","Defend_R","Defend_R","Bash","Intimidate","Cleave","Carnage+1","Pommel Strike","Burning Pact","Dropkick","Flex+1"],"special_seed":0,"relics":["Burning Blood","Blood Vial","Toxic Egg 2","Shuriken"],"potions_floor_usage":[6],"damage_taken":[{"damage":10.0,"enemies":"Cultist","floor":1.0,"turns":4.0},{"damage":0.0,"enemies":"Small Slimes","floor":2.0,"turns":2.0},{"damage":8.0,"enemies":"Jaw Worm","floor":3.0,"turns":2.0},{"damage":10.0,"enemies":"3 Louse","floor":4.0,"turns":2.0},{"damage":48,"enemies":"3 Sentries","floor":6,"turns":8},{"damage":19,"enemies":"Blue Slaver","floor":10,"turns":4},{"damage":1,"enemies":"2 Fungi Beasts","floor":14,"turns":3},{"damage":35,"enemies":"Slime Boss","floor":16,"turns":3}],"seed_played":"-6266459300700322095","potions_obtained":[{"floor":1.0,"key":"Weak Potion"},{"floor":4.0,"key":"SteroidPotion"}],"is_trial":false,"path_per_floor":["M","M","M","M","$","E","R","?","T","M","$","T","$","M","R","B"],"character_chosen":"IRONCLAD","items_purchased":["Burning Pact","Flex+1"],"campfire_rested":0,"item_purchase_floors":[5,11],"current_hp_per_floor":[76,80,78,74,74,32,32,32,32,21,21,21,21,28,28,0],"gold":84,"neow_bonus":"THREE_CARDS","is_prod":false,"is_daily":false,"chose_seed":false,"campfire_upgraded":1,"win_rate":0,"timestamp":1544149902,"path_taken":["M","?","M","M","$","E","R","?","T","?","$","?","$","M","R","BOSS"],"build_version":"2018-12-06","purchased_purges":1,"victory":false,"max_hp_per_floor":[80,80,80,80,80,80,80,80,80,80,80,80,80,80,80,80],"card_choices":[{"not_picked":["Clash","Iron Wave"],"picked":"Intimidate","floor":0.0},{"not_picked":["Reckless Charge","Twin Strike"],"picked":"Cleave","floor":1.0},{"not_picked":["Iron Wave","Pummel","Havoc"],"picked":"SKIP","floor":2.0},{"not_picked":["Shrug It Off","Flex"],"picked":"Carnage","floor":3.0},{"not_picked":["Ghostly Armor","Sword Boomerang"],"picked":"Pommel Strike","floor":4.0},{"not_picked":["Headbutt","Pommel Strike"],"picked":"Dropkick","floor":6},{"not_picked":["Anger","Rampage","Sentinel+1"],"picked":"SKIP","floor":10},{"not_picked":["Clash","Wild Strike","Iron Wave"],"picked":"SKIP","floor":14}],"player_experience":716557,"relics_obtained":[{"floor":6,"key":"Blood Vial"},{"floor":12,"key":"Shuriken"}],"event_choices":[{"damage_healed":0,"gold_gain":0,"player_choice":"Gave Potion","damage_taken":0,"relics_obtained":["Toxic Egg 2"],"max_hp_gain":0,"max_hp_loss":0,"event_name":"WeMeetAgain","floor":8,"gold_loss":0}],"is_beta":false,"boss_relics":[],"items_purged_floors":[5],"is_endless":false,"potions_floor_spawned":[1,4],"killed_by":"Slime Boss","ascension_level":0}