{"path_per_floor":["M","?","?","?","M","R","M","E","T","R","?","M","$","E","R"],"character_chosen":"DEFECT","items_purchased":["Coolheaded"],"gold_per_floor":[10,10,10,10,28,28,52,87,87,87,87,103,55,96,96,96],"floor_reached":16,"campfire_rested":0,"playtime":449,"current_hp_per_floor":[61,43,28,53,53,53,53,35,35,35,23,23,23,23,23,0],"items_purged":[],"gold":96,"score":186,"play_id":"3859e172-a84c-4cff-b191-2633362bbad9","local_time":"20180517122741","is_prod":false,"is_daily":false,"chose_seed":false,"is_ascension_mode":true,"campfire_upgraded":3,"timestamp":1526552861,"campfire_choices":[{"data":"Zap","floor":6,"key":"SMITH"},{"data":"Dualcast","floor":10,"key":"SMITH"},{"data":"Coolheaded","floor":15,"key":"SMITH"}],"path_taken":["M","?","?","?","M","R","M","E","T","R","?","?","?","E","R","BOSS"],"build_version":"2018-05-16","seed_source_timestamp":283345413860434,"purchased_purges":0,"victory":false,"master_deck":["Strike_B","Strike_B+1","Strike_B+1","Defend_B","Defend_B","Defend_B","Zap+1","Dualcast+1","BootSequence","FTL","Go for the Eyes","Steam","Coolheaded+1"],"max_hp_per_floor":[75,75,75,75,75,75,75,75,75,75,75,75,75,75,75,75],"relics":["Cracked Core","Golden Idol","Darkstone Periapt","Happy Flower","Potion Belt","Bottled Lightning"],"card_choices":[{"not_picked":["Beam Cell","Capacitor"],"picked":"BootSequence","floor":1},{"not_picked":["Tempest","Scrape"],"picked":"FTL","floor":5},{"not_picked":["Beam Cell","Auto Shields"],"picked":"Go for the Eyes","floor":7},{"not_picked":["Gash","Streamline","BootSequence"],"picked":"SKIP","floor":8},{"not_picked":["Stack","Scrape"],"picked":"Steam","floor":12},{"not_picked":["Go for the Eyes","Machine Learning","Skim"],"picked":"SKIP","floor":14}],"player_experience":674753,"potions_floor_usage":[14,14],"damage_taken":[{"damage":7,"enemies":"Jaw Worm","floor":1,"turns":3},{"damage":0,"enemies":"Small Slimes","floor":5,"turns":3},{"damage":0,"enemies":"2 Louse","floor":7,"turns":2},{"damage":18,"enemies":"Gremlin Nob","floor":8,"turns":4},{"damage":0,"enemies":"2 Fungi Beasts","floor":12,"turns":2},{"damage":0,"enemies":"3 Sentries","floor":14,"turns":6},{"damage":35,"enemies":"Slime Boss","floor":16,"turns":8}],"relics_obtained":[{"floor":8,"key":"Darkstone Periapt"},{"floor":9,"key":"Happy Flower"},{"floor":14,"key":"Bottled Lightning"}],"event_choices":[{"event_name":"Golden Idol","player_choice":"Take Damage","floor":2,"damage_taken":0},{"event_name":"Shining Light","player_choice":"Entered Light","floor":3,"damage_taken":0},{"event_name":"Big Fish","player_choice":"Banana","floor":4,"damage_taken":0},{"event_name":"Scrap Ooze","player_choice":"success","floor":11,"damage_taken":12}],"boss_relics":[],"potions_floor_spawned":[5,7],"seed_played":"1413608879281120113","killed_by":"Slime Boss","ascension_level":8,"potions_obtained":[{"floor":5,"key":"SkillPotion"},{"floor":7,"key":"GamblersBrew"}],"is_trial":false}