{"path_per_floor":["M","M","?","?","M","R","?","E","T","R","M","E","?","M","R","B",null,"M","$","M","?","M","R","M","R","T","E","R","?"],"character_chosen":"IRONCLAD","items_purchased":["Toxic Egg 2"],"gold_per_floor":[118,135,135,135,149,149,149,184,184,184,199,225,325,344,344,443,443,460,147,163,163,173,173,189,189,219,245,245,245],"floor_reached":30,"campfire_rested":5,"playtime":1201,"current_hp_per_floor":[66,72,72,72,72,72,72,38,38,61,62,40,40,26,49,45,69,72,72,46,46,30,53,38,61,61,34,57,43],"items_purged":["Strike_R"],"gold":245,"score":400,"play_id":"aec34714-eefa-47d8-92ca-f21f0883cbcc","local_time":"20180312010335","is_prod":false,"is_daily":false,"is_ascension_mode":true,"campfire_upgraded":1,"timestamp":1520813015,"path_taken":["M","M","?","?","?","R","?","E","T","R","M","E","?","M","R","BOSS","M","$","M","?","M","R","M","R","T","E","R","?","E"],"build_version":"2018-03-09","purchased_purges":2,"victory":false,"master_deck":["Strike_R","Strike_R","Strike_R","Defend_R","Defend_R","Defend_R","Bash","Spot Weakness","Limit Break+1","Ghostly Armor","Heavy Blade","Headbutt","Brutality","Whirlwind+1","True Grit+1","Heavy Blade+1","Inflame"],"max_hp_per_floor":[80,80,77,77,77,77,77,77,77,77,77,77,77,77,77,77,77,77,77,77,77,77,77,77,77,77,77,77,82],"relics":["Burning Blood","Omamori","Juzu Bracelet","Vajra","Velvet Choker","Toxic Egg 2","Tiny Chest","Centennial Puzzle"],"card_choices":[{"not_picked":["Rage","Warcry"],"picked":"Spot Weakness"},{"not_picked":["Body Slam","Rage"],"picked":"Ghostly Armor"},{"not_picked":["Body Slam","Sword Boomerang"],"picked":"Heavy Blade"},{"not_picked":["Burning Pact","Ghostly Armor"],"picked":"Headbutt"},{"not_picked":["Barricade","Limit Break"],"picked":"Brutality"},{"not_picked":["Cleave","Body Slam"],"picked":"Whirlwind"},{"not_picked":["Sword Boomerang","Iron Wave"],"picked":"True Grit"},{"not_picked":["Perfected Strike","Headbutt"],"picked":"Heavy Blade"},{"not_picked":["Pommel Strike","Shockwave"],"picked":"Inflame"}],"player_experience":385616,"potions_floor_usage":[30],"damage_taken":[{"damage":12.0,"enemies":"Jaw Worm","floor":1.0,"turns":3.0},{"damage":0.0,"enemies":"Small Slimes","floor":2.0,"turns":3.0},{"damage":6.0,"enemies":"Cultist","floor":5.0,"turns":4.0},{"damage":40.0,"enemies":"Lagavulin","floor":8.0,"turns":6.0},{"damage":5.0,"enemies":"2 Fungi Beasts","floor":11.0,"turns":4.0},{"damage":28.0,"enemies":"Gremlin Nob","floor":12.0,"turns":4.0},{"damage":20.0,"enemies":"Lots of Slimes","floor":14.0,"turns":4.0},{"damage":10.0,"enemies":"Slime Boss","floor":16.0,"turns":6.0},{"damage":3.0,"enemies":"Spheric Guardian","floor":18.0,"turns":3.0},{"damage":32.0,"enemies":"Chosen","floor":20.0,"turns":5.0},{"damage":28.0,"enemies":"Snake Plant","floor":22.0,"turns":5.0},{"damage":33.0,"enemies":"Centurion and Healer","floor":24.0,"turns":5.0},{"damage":33.0,"enemies":"Gremlin Leader","floor":27.0,"turns":5.0},{"damage":41,"enemies":"Slavers","floor":30,"turns":3}],"event_choices":[{"event_name":"Living Wall","player_choice":"Forget","floor":3.0,"damage_taken":0.0},{"event_name":"Transmorgrifier","player_choice":"Transform","floor":4.0,"damage_taken":0.0},{"event_name":"The Woman in Blue","player_choice":"Bought 0 Potions","floor":7.0,"damage_taken":0.0},{"event_name":"Golden Shrine","player_choice":"Pray","floor":13.0,"damage_taken":0.0},{"event_name":"Purifier","player_choice":"One Purge","floor":21.0,"damage_taken":0.0},{"event_name":"Forgotten Altar","player_choice":"Shed Blood","floor":29.0,"damage_taken":0.0}],"boss_relics":[],"potions_floor_spawned":[1,2,12,16,18,20],"seed_played":"-1921938199555029170","killed_by":"Slavers","ascension_level":11,"is_trial":false}