{"gold_per_floor":[113,113,113,134,158,158,196,32,32,53,53,74,74,88,88,181,181,199,212,212,212,232,132,132,157,157,157,191,191,191,66,66,162,162,187,201,201,220,12,12,234,178,178,178,178,196,196,220,220,220],"floor_reached":50,"playtime":1804,"items_purged":["Strike_R","Strike_R","Defend_R","Strike_R"],"score":880,"play_id":"8c4e5327-1402-4e32-9d95-bbaa4713a1fb","local_time":"20190308133018","is_ascension_mode":true,"campfire_choices":[{"data":"Bash","floor":6.0,"key":"SMITH"},{"data":"Double Tap","floor":11.0,"key":"SMITH"},{"data":"Inflame","floor":13.0,"key":"SMITH"},{"data":"Spot Weakness","floor":15.0,"key":"SMITH"},{"floor":24.0,"key":"REST"},{"floor":27.0,"key":"REST"},{"data":"Whirlwind","floor":32.0,"key":"SMITH"},{"data":"True Grit","floor":40.0,"key":"SMITH"},{"data":"Heavy Blade","floor":44.0,"key":"SMITH"},{"data":"Battle Trance","floor":47.0,"key":"SMITH"},{"data":"Defend_R","floor":49.0,"key":"SMITH"}],"neow_cost":"NONE","seed_source_timestamp":212743559788911,"circlet_count":0,"master_deck":["AscendersBane","Strike_R","Strike_R","Defend_R+1","Defend_R","Defend_R","Bash+1","Inflame+1","Spot Weakness+1","Battle Trance+1","Double Tap+1","Whirlwind+1","Armaments+1","Headbutt","Thunderclap+1","True Grit+1","Heavy Blade+1"],"special_seed":0,"relics":["Black Blood","Ancient Tea Set","Golden Idol","Pocketwatch","Art of War","Pantograph","Velvet Choker","MutagenicStrength","Happy Flower","Red Mask","Bag of Marbles"],"potions_floor_usage":[50],"damage_taken":[{"damage":11.0,"enemies":"Jaw Worm","floor":1.0,"turns":6.0},{"damage":15.0,"enemies":"Small Slimes","floor":4.0,"turns":3.0},{"damage":1.0,"enemies":"Cultist","floor":5.0,"turns":3.0},{"damage":8.0,"enemies":"Gremlin Nob","floor":7.0,"turns":3.0},{"damage":9.0,"enemies":"3 Louse","floor":10.0,"turns":5.0},{"damage":8.0,"enemies":"2 Fungi Beasts","floor":12.0,"turns":3.0},{"damage":13.0,"enemies":"Exordium Wildlife","floor":14.0,"turns":3.0},{"damage":7.0,"enemies":"The Guardian","floor":16.0,"turns":9.0},{"damage":24.0,"enemies":"Spheric Guardian","floor":18.0,"turns":4.0},{"damage":29.0,"enemies":"Shell Parasite","floor":19.0,"turns":4.0},{"damage":13.0,"enemies":"Centurion and Healer","floor":22.0,"turns":3.0},{"damage":30.0,"enemies":"Snake Plant","floor":25.0,"turns":4.0},{"damage":10.0,"enemies":"Masked Bandits","floor":28.0,"turns":3.0},{"damage":52.0,"enemies":"Champ","floor":33.0,"turns":11.0},{"damage":6.0,"enemies":"3 Darklings","floor":35.0,"turns":2.0},{"damage":8.0,"enemies":"Orb Walker","floor":36.0,"turns":2.0},{"damage":22.0,"enemies":"Maw","floor":38.0,"turns":6.0},{"damage":0.0,"enemies":"Transient","floor":46.0,"turns":6.0},{"damage":8.0,"enemies":"3 Darklings","floor":48.0,"turns":3.0},{"damage":68,"enemies":"Donu and Deca","floor":50,"turns":4}],"seed_played":"-7877706458174610853","potions_obtained":[{"floor":1.0,"key":"Energy Potion"},{"floor":7.0,"key":"Ancient Potion"},{"floor":14.0,"key":"Energy Potion"},{"floor":33.0,"key":"FearPotion"},{"floor":35.0,"key":"Ancient Potion"}],"is_trial":false,"path_per_floor":["M","?","T","M","M","R","E","$","T","M","R","M","R","M","R","B",null,"M","M","$","?","M","$","R","M","T","R","?","?","?","$","R","B",null,"M","M","?","M","$","R","?","$","T","R","?","M","R","M","R","B"],"character_chosen":"IRONCLAD","items_purchased":["Battle Trance","True Grit","Heavy Blade"],"campfire_rested":2,"item_purchase_floors":[8,39,42],"current_hp_per_floor":[63,63,63,54,59,59,57,57,57,54,54,52,52,45,45,67,68,50,27,27,27,20,20,40,16,16,36,32,32,32,32,32,11,54,58,60,60,48,48,48,48,48,48,48,48,58,58,60,60,0],"gold":220,"neow_bonus":"RANDOM_COMMON_RELIC","is_prod":false,"is_daily":false,"chose_seed":false,"campfire_upgraded":9,"win_rate":0,"timestamp":1552048218,"path_taken":["M","?","?","M","M","R","E","$","T","M","R","M","R","M","R","BOSS","M","M","$","?","M","$","R","M","T","R","?","?","?","$","R","BOSS","M","M","?","M","$","R","?","$","T","R","?","?","R","M","R","BOSS"],"build_version":"2019-01-23","purchased_purges":4,"victory":false,"max_hp_per_floor":[75,68,68,68,68,68,68,68,68,68,68,68,68,68,68,68,68,68,68,68,68,68,68,68,68,68,68,68,68,68,68,68,68,68,68,68,68,68,68,68,68,68,68,68,68,68,68,68,68,68],"card_choices":[{"not_picked":["Sever Soul","Wild Strike","Flex"],"picked":"SKIP","floor":1.0},{"not_picked":["Clash","Bloodletting","Wild Strike"],"picked":"SKIP","floor":4.0},{"not_picked":["Twin Strike","Armaments"],"picked":"Inflame","floor":5.0},{"not_picked":["Intimidate","Blood for Blood"],"picked":"Spot Weakness","floor":7.0},{"not_picked":["Corruption","Double Tap","Armaments"],"picked":"SKIP","floor":10.0},{"not_picked":["Corruption","Armaments"],"picked":"Double Tap","floor":10.0},{"not_picked":["Battle Trance","Uppercut","Armaments"],"picked":"SKIP","floor":12.0},{"not_picked":["Body Slam","Clothesline","Uppercut"],"picked":"SKIP","floor":14.0},{"not_picked":["Armaments","Battle Trance"],"picked":"Whirlwind","floor":18.0},{"not_picked":["Sever Soul","Warcry+1"],"picked":"Armaments+1","floor":19.0},{"not_picked":["Spot Weakness","Cleave"],"picked":"Headbutt","floor":22.0},{"not_picked":["Rampage","Pummel","Armaments+1"],"picked":"SKIP","floor":25.0},{"not_picked":["Body Slam","Havoc+1"],"picked":"Thunderclap+1","floor":35.0},{"not_picked":["Sever Soul","Armaments","Sword Boomerang"],"picked":"SKIP","floor":36.0},{"not_picked":["Twin Strike","Evolve+1","Body Slam"],"picked":"SKIP","floor":38.0},{"not_picked":["Thunderclap+1","Hemokinesis","Flex"],"picked":"SKIP","floor":46.0},{"not_picked":["Inflame","Thunderclap+1","Hemokinesis+1"],"picked":"SKIP","floor":48.0}],"player_experience":952433,"relics_obtained":[{"floor":3.0,"key":"Pocketwatch"},{"floor":7.0,"key":"Art of War"},{"floor":9.0,"key":"Pantograph"},{"floor":26.0,"key":"Happy Flower"},{"floor":28.0,"key":"Red Mask"},{"floor":43.0,"key":"Bag of Marbles"}],"event_choices":[{"damage_healed":0.0,"max_hp_gain":0.0,"max_hp_loss":7.0,"gold_gain":0.0,"event_name":"Golden Idol","player_choice":"Lose Max HP","floor":2.0,"gold_loss":0.0,"damage_taken":0.0,"relics_obtained":["Golden Idol"]},{"damage_healed":0.0,"max_hp_gain":0.0,"max_hp_loss":0.0,"gold_gain":0.0,"event_name":"Drug Dealer","player_choice":"Inject Mutagens","floor":21.0,"gold_loss":0.0,"damage_taken":0.0,"relics_obtained":["MutagenicStrength"]},{"damage_healed":0.0,"max_hp_gain":0.0,"max_hp_loss":0.0,"gold_gain":0.0,"event_name":"Masked Bandits","player_choice":"Fought Bandits","floor":28.0,"gold_loss":0.0,"damage_taken":0.0},{"damage_healed":0.0,"max_hp_gain":0.0,"max_hp_loss":0.0,"gold_gain":0.0,"event_name":"Cursed Tome","player_choice":"Ignored","floor":29.0,"gold_loss":0.0,"damage_taken":0.0},{"damage_healed":0.0,"max_hp_gain":0.0,"max_hp_loss":0.0,"gold_gain":0.0,"event_name":"Match and Keep!","player_choice":"0 cards matched","floor":30.0,"gold_loss":0.0,"damage_taken":0.0,"cards_obtained":[]},{"damage_healed":0.0,"max_hp_gain":0.0,"max_hp_loss":0.0,"gold_gain":0.0,"event_name":"Mysterious Sphere","player_choice":"Ignored","floor":37.0,"gold_loss":0.0,"damage_taken":0.0},{"damage_healed":0.0,"max_hp_gain":0.0,"max_hp_loss":0.0,"gold_gain":222.0,"event_name":"Tomb of Lord Red Mask","player_choice":"Wore Mask","floor":41.0,"gold_loss":0.0,"damage_taken":0.0},{"damage_healed":0.0,"max_hp_gain":0.0,"max_hp_loss":0.0,"gold_gain":0.0,"event_name":"SensoryStone","player_choice":"Memory 1","floor":45.0,"gold_loss":0.0,"damage_taken":0.0}],"is_beta":false,"boss_relics":[{"not_picked":["Tiny House","White Beast Statue"],"picked":"Velvet Choker"},{"not_picked":["Pandora\u0027s Box","Astrolabe"],"picked":"Black Blood"}],"items_purged_floors":[8,23,31,39],"is_endless":false,"potions_floor_spawned":[1,7,14,18,33,35],"killed_by":"Donu and Deca","ascension_level":20}