{"gold_per_floor":[109,121,121,46,46,46,65,28,82,82,82,82,107,127,127,221,221,240,261,280,50,50,50,63,63],"floor_reached":25,"playtime":961,"items_purged":["Strike_G"],"score":367,"play_id":"201d5886-a052-415f-adb5-a15569dfd784","local_time":"20190221112640","is_ascension_mode":true,"campfire_choices":[{"data":"Neutralize","floor":6.0,"key":"SMITH"},{"data":"Deadly Poison","floor":12.0,"key":"SMITH"},{"data":"Acrobatics","floor":15.0,"key":"SMITH"},{"data":"Burst","floor":23,"key":"SMITH"}],"neow_cost":"TEN_PERCENT_HP_LOSS","seed_source_timestamp":1260509683357397,"circlet_count":0,"master_deck":["AscendersBane","Defend_G","Defend_G","Defend_G","Survivor","Neutralize+1","Deadly Poison+1","Dash","Deflect","Flechettes","Catalyst","Acrobatics+1","Burst+1","Deadly Poison+1","Backstab+1","Crippling Poison+1","Caltrops","Flying Knee","Hologram+1"],"special_seed":0,"relics":["Ring of the Snake","Golden Idol","Orichalcum","Question Card","Vajra","Astrolabe","PrismaticShard"],"potions_floor_usage":[24],"damage_taken":[{"damage":7.0,"enemies":"Small Slimes","floor":1.0,"turns":5.0},{"damage":2.0,"enemies":"Jaw Worm","floor":2.0,"turns":5.0},{"damage":0.0,"enemies":"2 Louse","floor":7.0,"turns":3.0},{"damage":1.0,"enemies":"2 Fungi Beasts","floor":13.0,"turns":4.0},{"damage":1.0,"enemies":"Gremlin Gang","floor":14.0,"turns":3.0},{"damage":34.0,"enemies":"Slime Boss","floor":16.0,"turns":15.0},{"damage":7.0,"enemies":"2 Thieves","floor":18.0,"turns":4.0},{"damage":15.0,"enemies":"Shell Parasite","floor":19.0,"turns":5.0},{"damage":3.0,"enemies":"Centurion and Healer","floor":20.0,"turns":7.0},{"damage":0,"enemies":"Snake Plant","floor":24,"turns":3},{"damage":19,"enemies":"Shelled Parasite and Fungi","floor":25,"turns":1}],"seed_played":"669050052836793328","potions_obtained":[{"floor":7.0,"key":"GhostInAJar"},{"floor":13.0,"key":"GhostInAJar"},{"floor":18.0,"key":"SpeedPotion"},{"floor":19.0,"key":"PowerPotion"}],"is_trial":false,"path_per_floor":["M","M","?","$","?","R","M","$","T","T","?","R","M","M","R","B",null,"M","M","M","$","?","R","M","M"],"character_chosen":"THE_SILENT","items_purchased":["Flechettes","PrismaticShard"],"campfire_rested":0,"item_purchase_floors":[8,21],"current_hp_per_floor":[52,50,50,50,43,43,43,43,43,43,43,43,42,41,41,7,42,35,20,17,17,17,17,17,0],"gold":63,"neow_bonus":"REMOVE_TWO","is_prod":false,"is_daily":false,"chose_seed":false,"campfire_upgraded":4,"win_rate":0,"timestamp":1550744800,"path_taken":["M","M","?","$","?","R","M","?","T","?","?","R","M","M","R","BOSS","M","M","M","$","?","R","?","M"],"build_version":"2019-01-23","purchased_purges":1,"victory":false,"max_hp_per_floor":[60,60,54,54,54,54,54,54,54,54,54,54,54,54,54,54,54,54,54,54,54,54,54,54,54],"card_choices":[{"not_picked":["Endless Agony","Accuracy"],"picked":"Deadly Poison","floor":1.0},{"not_picked":["Masterful Stab","Cloak And Dagger"],"picked":"Dash","floor":2.0},{"not_picked":["Slice","Prepared"],"picked":"Deflect","floor":7.0},{"not_picked":["Dagger Spray","Dash","PiercingWail"],"picked":"Catalyst","floor":13.0},{"not_picked":["Backflip","PiercingWail","Prepared"],"picked":"Acrobatics","floor":14.0},{"not_picked":["Tools of the Trade","Storm of Steel","A Thousand Cuts"],"picked":"Burst","floor":16.0},{"not_picked":["Quick Slash","Infinite Blades","Deadly Poison"],"picked":"Caltrops","floor":18.0},{"not_picked":["Prepared","Dodge and Roll","Slice+1"],"picked":"Flying Knee","floor":19.0},{"not_picked":["Prepared","Sucker Punch","Blade Dance","Glass Knife"],"picked":"SKIP","floor":20.0},{"not_picked":["Static Discharge","Eviscerate","Infernal Blade"],"picked":"Hologram+1","floor":24}],"player_experience":842960,"relics_obtained":[{"floor":9.0,"key":"Orichalcum"},{"floor":10.0,"key":"Question Card"}],"event_choices":[{"damage_healed":0.0,"max_hp_gain":0.0,"max_hp_loss":6.0,"gold_gain":0.0,"event_name":"Golden Idol","player_choice":"Lose Max HP","floor":3.0,"gold_loss":0.0,"damage_taken":0.0,"relics_obtained":["Golden Idol"]},{"cards_removed":["Strike_G"],"damage_healed":0.0,"max_hp_gain":0.0,"max_hp_loss":0.0,"gold_gain":0.0,"event_name":"Golden Wing","player_choice":"Card Removal","floor":5.0,"gold_loss":0.0,"damage_taken":7.0},{"damage_healed":0.0,"max_hp_gain":0.0,"max_hp_loss":0.0,"gold_gain":0.0,"event_name":"Dead Adventurer","player_choice":"Searched \u00271\u0027 times","floor":11.0,"gold_loss":0.0,"damage_taken":0.0,"relics_obtained":["Vajra"]},{"damage_healed":0.0,"max_hp_gain":0.0,"max_hp_loss":0.0,"gold_gain":0.0,"event_name":"Dead Adventurer","player_choice":"Searched \u00271\u0027 times","floor":11.0,"gold_loss":0.0,"damage_taken":0.0,"relics_obtained":["Vajra"]},{"damage_healed":0,"gold_gain":0,"player_choice":"Ignored","damage_taken":0,"max_hp_gain":0,"max_hp_loss":0,"event_name":"Transmorgrifier","floor":22,"gold_loss":0}],"is_beta":false,"boss_relics":[{"not_picked":["Runic Dome","Black Star"],"picked":"Astrolabe"}],"items_purged_floors":[4],"is_endless":false,"potions_floor_spawned":[7,13,18,19],"killed_by":"Shelled Parasite and Fungi","ascension_level":18}