{"gold_per_floor":[115,133,133,145,156,156,170,170,215,234,262,278,298,147,147,242,242,256,290,301,312,322,322,357,357,357,369,204,204,224,224,224,327,327,346,346,568,341,360,360,162,197,248,261,289,289,289,301,301,402,452,462,480,480,105,120,120,145,145,199,242,313,313,313,328,340,475,487,524,536,566,106,131,131,175,175,216,14,48,48,64,99,99,223,223,239,461,42,63,63,104,104,54,85,105,145,168,168,203,203,327,327,346,346,371,447,272,272,292,335,382,394,447,759,771,796,808,939,951,979,1007,1019,1045,1057,1069,1114,139,170,170,185,185,2,33,33,134,134,145,145,145,161,111,142,142,175,203,216,244,244,289,302,302,403,403],"floor_reached":153,"playtime":5411,"items_purged":["Carnage+1","Hemokinesis","Shrug It Off","Disarm","Corruption+1","Heavy Blade+1","Normality"],"score":5826,"play_id":"8badb2a9-cdf2-417f-878f-7a93bc45ae7f","local_time":"20180719203136","daily_mods":["Draft","Heirloom","Vintage"],"is_ascension_mode":true,"campfire_choices":[{"data":"Bloodletting","floor":6.0,"key":"SMITH"},{"data":"Carnage","floor":8.0,"key":"SMITH"},{"data":"Heavy Blade","floor":15.0,"key":"SMITH"},{"data":"Double Tap","floor":23.0,"key":"SMITH"},{"data":"Searing Blow","floor":25.0,"key":"SMITH"},{"data":"Trip","floor":29.0,"key":"SMITH"},{"data":"Searing Blow+1","floor":32.0,"key":"SMITH"},{"data":"Searing Blow+2","floor":40.0,"key":"SMITH"},{"data":"Corruption","floor":47.0,"key":"SMITH"},{"data":"Searing Blow+3","floor":49.0,"key":"SMITH"},{"data":"Searing Blow+4","floor":57.0,"key":"SMITH"},{"data":"Searing Blow+5","floor":59.0,"key":"SMITH"},{"data":"Searing Blow+6","floor":66.0,"key":"SMITH"},{"data":"Searing Blow+8","floor":74.0,"key":"SMITH"},{"data":"Offering","floor":76.0,"key":"SMITH"},{"data":"Searing Blow+8","floor":83.0,"key":"SMITH"},{"data":"Searing Blow+9","floor":92.0,"key":"SMITH"},{"data":"Searing Blow+9","floor":100.0,"key":"SMITH"},{"data":"Searing Blow+10","floor":108.0,"key":"SMITH"},{"data":"Searing Blow+11","floor":112.0,"key":"SMITH"},{"data":"Searing Blow+12","floor":117.0,"key":"SMITH"},{"data":"Heavy Blade+1","floor":125,"key":"PURGE"},{"data":"Warcry","floor":129,"key":"SMITH"},{"data":"Searing Blow+13","floor":131,"key":"SMITH"},{"data":"Searing Blow+10","floor":134,"key":"SMITH"},{"data":"Headbutt","floor":143,"key":"PURGE"},{"data":"Searing Blow+11","floor":151,"key":"SMITH"}],"neow_cost":"","seed_source_timestamp":0,"circlet_count":8,"master_deck":["Bloodletting+1","Pommel Strike+1","Thunderclap+1","Warcry+1","Burning Pact+1","Seeing Red+1","Searing Blow+14","Trip+1","Metallicize+1","Barricade+1","True Grit+1","Metallicize+1","Inflame+1","Ghostly Armor+1","Impervious","Impervious+1","Demon Form+1","Spot Weakness+1","Offering+1","RitualDagger+1","Searing Blow+12","Impervious+1","Offering+1","Body Slam+1","Exhume+1","Impervious+1","Entrench+1","Battle Trance+1","Limit Break+1","Offering+1","Injury","Normality","Limit Break+1"],"special_seed":0,"relics":["Burning Blood","Gambling Chip","Singing Bowl","Art of War","Orichalcum","Regal Pillow","Oddly Smooth Stone","Vajra","Happy Flower","Magic Flower","Dodecahedron","Prayer Wheel","Dream Catcher","Ornamental Fan","Coffee Dripper","Pantograph","Red Mask","Mango","Molten Egg 2","Pen Nib","Frozen Egg 2","Paper Frog","Boot","Ancient Tea Set","Self Forming Clay","Orrery","Shovel","CultistMask","Red Skull","Shuriken","Tiny Chest","War Paint","Anchor","Bronze Scales","Mummified Hand","Blood Vial","Mercury Hourglass","Tiny House","Bag of Marbles","Bottled Tornado","Bloody Idol","Membership Card","Bag of Preparation","Omamori","Bottled Flame","Juzu Bracelet","Strawberry","MawBank","Whetstone","Meat on the Bone","Centennial Puzzle","DollysMirror","Turnip","Darkstone Periapt","Toxic Egg 2","Question Card","Kunai","Smiling Mask","Medical Kit","Blue Candle","Gremlin Horn","Letter Opener","Incense Burner","Thread and Needle","Lantern","Odd Mushroom","The Courier","TheAbacus","StoneCalendar","Old Coin","Peace Pipe","Torii","Ginger","Unceasing Top","Sling","Calipers","Sundial","Ice Cream","Champion Belt","Bird Faced Urn","Circlet"],"potions_floor_usage":[],"damage_taken":[{"damage":3.0,"enemies":"Small Slimes","floor":1.0,"turns":2.0},{"damage":6.0,"enemies":"Cultist","floor":2.0,"turns":2.0},{"damage":6.0,"enemies":"Jaw Worm","floor":4.0,"turns":2.0},{"damage":8.0,"enemies":"3 Louse","floor":5.0,"turns":2.0},{"damage":6.0,"enemies":"Looter","floor":7.0,"turns":2.0},{"damage":5.0,"enemies":"Exordium Thugs","floor":10.0,"turns":2.0},{"damage":12.0,"enemies":"Gremlin Nob","floor":11.0,"turns":3.0},{"damage":9.0,"enemies":"Gremlin Gang","floor":12.0,"turns":2.0},{"damage":3.0,"enemies":"3 Louse","floor":13.0,"turns":3.0},{"damage":36.0,"enemies":"Hexaghost","floor":16.0,"turns":6.0},{"damage":3.0,"enemies":"Shell Parasite","floor":18.0,"turns":1.0},{"damage":3.0,"floor":19.0,"turns":2.0},{"damage":0.0,"enemies":"Chosen","floor":20.0,"turns":2.0},{"damage":6.0,"enemies":"Slaver and Parasite","floor":21.0,"turns":3.0},{"damage":6.0,"enemies":"Centurion and Healer","floor":22.0,"turns":3.0},{"damage":8.0,"enemies":"Gremlin Leader","floor":24.0,"turns":4.0},{"damage":6.0,"enemies":"Snake Plant","floor":27.0,"turns":1.0},{"damage":3.0,"enemies":"Cultist and Chosen","floor":30.0,"turns":2.0},{"damage":48.0,"enemies":"Champ","floor":33.0,"turns":7.0},{"damage":18.0,"enemies":"3 Shapes","floor":35.0,"turns":3.0},{"damage":2.0,"enemies":"Flame Bruiser 1 Orb","floor":39.0,"turns":2.0},{"damage":17.0,"enemies":"2 Orb Walkers","floor":42.0,"turns":4.0},{"damage":6.0,"enemies":"4 Shapes","floor":44.0,"turns":4.0},{"damage":3.0,"enemies":"Giant Head","floor":45.0,"turns":7.0},{"damage":0.0,"enemies":"Spire Growth","floor":48.0,"turns":3.0},{"damage":32.0,"enemies":"Awakened One","floor":50.0,"turns":9.0},{"damage":0.0,"enemies":"Small Slimes","floor":52.0,"turns":1.0},{"damage":3.0,"enemies":"Jaw Worm","floor":53.0,"turns":1.0},{"damage":0.0,"enemies":"2 Louse","floor":56.0,"turns":2.0},{"damage":0.0,"enemies":"Blue Slaver","floor":58.0,"turns":1.0},{"damage":0.0,"enemies":"Gremlin Nob","floor":61.0,"turns":1.0},{"damage":0.0,"enemies":"Lagavulin Event","floor":62.0,"turns":1.0},{"damage":3.0,"enemies":"Gremlin Gang","floor":65.0,"turns":2.0},{"damage":3.0,"enemies":"The Guardian","floor":67.0,"turns":2.0},{"damage":5.0,"enemies":"3 Byrds","floor":69.0,"turns":2.0},{"damage":10.0,"enemies":"2 Thieves","floor":71.0,"turns":2.0},{"damage":5.0,"enemies":"Chosen and Byrds","floor":73.0,"turns":3.0},{"damage":5.0,"enemies":"Slavers","floor":75.0,"turns":1.0},{"damage":0.0,"enemies":"Book of Stabbing","floor":77.0,"turns":1.0},{"damage":22.0,"enemies":"Slavers","floor":79.0,"turns":4.0},{"damage":5.0,"enemies":"3 Cultists","floor":81.0,"turns":2.0},{"damage":7.0,"enemies":"Book of Stabbing","floor":82.0,"turns":2.0},{"damage":8.0,"enemies":"Automaton","floor":84.0,"turns":5.0},{"damage":0.0,"enemies":"3 Shapes","floor":86.0,"turns":1.0},{"damage":0.0,"enemies":"Orb Walker","floor":89.0,"turns":1.0},{"damage":10.0,"enemies":"Giant Head","floor":91.0,"turns":1.0},{"damage":10.0,"enemies":"Nemesis","floor":94.0,"turns":3.0},{"damage":0.0,"enemies":"4 Shapes","floor":95.0,"turns":2.0},{"damage":0.0,"enemies":"2 Orb Walkers","floor":96.0,"turns":1.0},{"damage":5.0,"enemies":"Spire Growth","floor":97.0,"turns":1.0},{"damage":10.0,"enemies":"Giant Head","floor":99.0,"turns":1.0},{"damage":18.0,"enemies":"Donu and Deca","floor":101.0,"turns":2.0},{"damage":0.0,"enemies":"Small Slimes","floor":103.0,"turns":1.0},{"damage":8.0,"floor":105.0,"turns":2.0},{"damage":0.0,"enemies":"Lagavulin Event","floor":106.0,"turns":1.0},{"damage":5.0,"enemies":"Cultist","floor":109.0,"turns":1.0},{"damage":0.0,"enemies":"Lagavulin","floor":110.0,"turns":1.0},{"damage":1.0,"enemies":"Gremlin Nob","floor":111.0,"turns":1.0},{"damage":10.0,"enemies":"3 Sentries","floor":113.0,"turns":1.0},{"damage":0.0,"enemies":"2 Louse","floor":116.0,"turns":1.0},{"damage":0.0,"enemies":"Hexaghost","floor":118.0,"turns":1.0},{"damage":0,"enemies":"2 Thieves","floor":120,"turns":1},{"damage":0,"enemies":"Shell Parasite","floor":121,"turns":1},{"damage":0,"enemies":"Snecko","floor":123,"turns":1},{"damage":0,"enemies":"Gremlin Leader","floor":126,"turns":1},{"damage":10,"enemies":"Slavers","floor":128,"turns":1},{"damage":0,"enemies":"Slaver and Parasite","floor":130,"turns":1},{"damage":0,"enemies":"Book of Stabbing","floor":133,"turns":1},{"damage":5,"enemies":"Automaton","floor":135,"turns":3},{"damage":0,"enemies":"Orb Walker","floor":137,"turns":1},{"damage":1,"floor":139,"turns":1},{"damage":0,"enemies":"3 Darklings","floor":140,"turns":1},{"damage":5,"enemies":"2 Orb Walkers","floor":142,"turns":1},{"damage":5,"enemies":"Nemesis","floor":144,"turns":1},{"damage":0,"enemies":"2 Orb Walkers","floor":145,"turns":1},{"damage":1,"enemies":"Flame Bruiser 2 Orb","floor":146,"turns":1},{"damage":10,"enemies":"Giant Head","floor":147,"turns":1},{"damage":0,"floor":149,"turns":1},{"damage":5,"enemies":"4 Shapes","floor":150,"turns":1},{"damage":2,"enemies":"Awakened One","floor":152,"turns":6}],"seed_played":"569975083315816929","potions_obtained":[{"floor":1.0,"key":"FearPotion"},{"floor":7.0,"key":"Strength Potion"},{"floor":10.0,"key":"SkillPotion"},{"floor":16.0,"key":"Regen Potion"}],"is_trial":true,"path_per_floor":["M","M","?","M","M","R","M","R","T","M","E","M","M","$","R","B",null,"M","?","M","M","M","R","E","R","T","M","$","R","M","?","R","B",null,"M","?","?","$","M","R","$","E","T","M","E","?","R","M","R","B",null,"M","M","?","$","M","R","M","R","T","E","?","?","?","M","R","B",null,"M","?","M","$","M","R","E","R","E","$","E","?","M","E","R","B",null,"M","?","$","M","?","E","R","$","E","M","E","M","?","E","R","B",null,"M","?","?","?","$","R","M","E","E","R","E","?","?","M","R","B",null,"M","M","?","M","?","R","E","$","E","R","M","R","$","E","R","B",null,"M","?","?","M","$","E","R","E","E","M","E","?","?","M","R","B"],"character_chosen":"IRONCLAD","items_purchased":["Dream Catcher","Trip","Metallicize+1","Inflame+1","Red Skull","Tiny Chest","Ghostly Armor","Membership Card","Bag of Preparation","DollysMirror","Turnip","Toxic Egg 2","Medical Kit","Blue Candle","TheAbacus","Sling","Calipers","Sundial","Ice Cream","Bird Faced Urn"],"campfire_rested":0,"item_purchase_floors":[14,28,28,38,38,41,41,55,55,72,72,78,88,88,107,127,127,127,127,132],"current_hp_per_floor":[80,80,80,80,78,78,78,78,78,79,73,73,79,79,79,52,80,80,82,96,96,96,96,98,98,98,98,98,98,98,98,98,59,98,89,89,89,89,96,96,96,88,88,91,99,99,99,100,100,77,105,105,105,79,79,91,91,103,103,103,107,116,93,93,102,102,116,116,116,110,112,112,116,116,118,118,120,120,109,109,116,123,123,124,124,124,124,124,124,124,123,123,123,123,124,126,126,126,127,127,119,128,128,128,130,130,130,130,130,130,132,132,133,121,121,133,133,134,134,134,134,134,134,134,134,136,136,138,138,138,138,138,140,140,142,142,142,144,152,152,152,154,154,156,158,158,158,158,160,160,160,172,172],"gold":403,"neow_bonus":"","is_prod":false,"is_daily":false,"chose_seed":false,"campfire_upgraded":25,"win_rate":0,"timestamp":1532025096,"path_taken":["M","M","?","M","M","R","M","R","T","M","E","M","M","$","R","BOSS","M","?","M","M","?","R","E","R","T","M","$","R","M","?","R","BOSS","M","?","?","$","?","R","?","E","T","M","E","?","R","M","R","BOSS","M","M","?","$","M","R","M","R","T","E","?","?","?","M","R","BOSS","M","?","M","$","M","R","E","R","E","?","E","?","M","E","R","BOSS","M","?","$","M","?","E","R","$","E","M","E","M","?","E","R","BOSS","M","?","?","?","$","R","M","E","E","R","E","?","?","M","R","BOSS","M","M","?","M","?","R","E","$","E","R","M","R","$","E","R","BOSS","M","?","?","M","$","E","R","E","E","M","E","?","?","M","R","BOSS"],"build_version":"2018-07-18","purchased_purges":7,"victory":false,"max_hp_per_floor":[80,80,80,80,80,80,80,80,80,80,80,80,80,80,80,80,80,80,82,96,96,96,96,98,98,98,98,98,98,98,98,98,98,98,98,98,98,98,98,98,98,98,98,98,100,100,100,100,100,100,105,105,105,105,105,105,105,105,105,105,107,116,116,116,116,116,116,116,116,116,116,116,116,116,118,118,120,120,122,122,122,124,124,124,124,124,124,124,124,124,124,124,124,124,124,126,126,126,128,128,128,128,128,128,130,130,130,130,130,130,132,132,134,134,134,134,134,134,134,134,134,134,134,134,134,136,136,138,138,138,138,138,140,140,142,142,142,144,152,152,152,154,154,156,158,158,158,158,160,160,160,172,172],"card_choices":[{"not_picked":["Searing Blow","Clothesline"],"picked":"Shrug It Off","floor":0.0},{"not_picked":["Armaments","Havoc"],"picked":"Iron Wave","floor":0.0},{"not_picked":["Hemokinesis","Seeing Red"],"picked":"Bloodletting","floor":0.0},{"not_picked":["Havoc","Evolve"],"picked":"Pommel Strike","floor":0.0},{"not_picked":["Anger","Sword Boomerang"],"picked":"Thunderclap","floor":0.0},{"not_picked":["Thunderclap","Flex"],"picked":"Cleave","floor":0.0},{"not_picked":["Sever Soul","Armaments"],"picked":"Hemokinesis","floor":0.0},{"not_picked":["Thunderclap","Hemokinesis"],"picked":"Warcry","floor":0.0},{"not_picked":["Dropkick","Ghostly Armor"],"picked":"Heavy Blade","floor":0.0},{"not_picked":["Infernal Blade","Whirlwind"],"picked":"Headbutt","floor":0.0},{"not_picked":["Havoc","Cleave"],"picked":"Corruption","floor":0.0},{"not_picked":["Rage","Wild Strike"],"picked":"Carnage","floor":0.0},{"not_picked":["Sword Boomerang","Sever Soul"],"picked":"Burning Pact","floor":0.0},{"not_picked":["Heavy Blade","Corruption"],"picked":"Seeing Red","floor":0.0},{"not_picked":["Cleave","Thunderclap"],"picked":"Disarm","floor":0.0},{"not_picked":["Blood for Blood","Disarm"],"picked":"Searing Blow","floor":11.0},{"not_picked":["Feed","Berserk"],"picked":"Double Tap","floor":16.0},{"not_picked":["Flex","Whirlwind","Twin Strike"],"picked":"Singing Bowl","floor":19.0},{"not_picked":["Wild Strike+1","Sentinel","Clothesline+1"],"picked":"Singing Bowl","floor":24.0},{"not_picked":["Juggernaut+1","Immolate+1"],"picked":"Barricade+1","floor":33.0},{"not_picked":["Carnage+1","Anger+1"],"picked":"True Grit+1","floor":34.0},{"not_picked":["Cleave+1","Wild Strike+1"],"picked":"Metallicize+1","floor":34.0},{"not_picked":["Cleave+1","Thunderclap+1"],"picked":"Heavy Blade+1","floor":34.0},{"not_picked":["Clash+1","Anger+1"],"picked":"Impervious","floor":42.0},{"not_picked":["Searing Blow+1","Disarm","Havoc+1"],"picked":"Singing Bowl","floor":45.0},{"not_picked":["Impervious","Exhume"],"picked":"Demon Form+1","floor":50.0},{"not_picked":["Havoc","Thunderclap+1"],"picked":"Spot Weakness+1","floor":51.0},{"not_picked":["Searing Blow+1","Fire Breathing+1","Armaments"],"picked":"Singing Bowl","floor":61.0},{"not_picked":["Disarm","Carnage+1","Second Wind"],"picked":"Singing Bowl","floor":62.0},{"not_picked":["Immolate+1","Bludgeon+1"],"picked":"Offering","floor":67.0},{"not_picked":["Rupture+1","Evolve+1","Infernal Blade+1"],"picked":"Singing Bowl","floor":75.0},{"not_picked":["Cleave+1","Hemokinesis+1","Disarm"],"picked":"Singing Bowl","floor":77.0},{"not_picked":["Anger+1","Thunderclap+1","Heavy Blade+1"],"picked":"Singing Bowl","floor":79.0},{"not_picked":["Iron Wave+1","Spot Weakness+1","Cleave+1","Disarm+1"],"picked":"Singing Bowl","floor":82.0},{"not_picked":["Dark Embrace+1","Berserk+1","Barricade+1"],"picked":"Impervious+1","floor":84.0},{"not_picked":["Ghostly Armor+1","Headbutt+1","Feel No Pain+1"],"picked":"Body Slam+1","floor":91.0},{"not_picked":["Havoc+1","Burning Pact+1","Perfected Strike+1"],"picked":"Exhume+1","floor":94.0},{"not_picked":["Havoc+1","Armaments+1","Anger+1","Thunderclap+1"],"picked":"Singing Bowl","floor":96.0},{"not_picked":["Sever Soul+1","Clothesline+1","Shockwave+1","Body Slam+1"],"picked":"Singing Bowl","floor":99.0},{"not_picked":["Exhume+1","Barricade+1","Berserk+1"],"picked":"Impervious+1","floor":101.0},{"not_picked":["Clash+1","Clothesline+1","Evolve+1","Perfected Strike+1"],"picked":"Singing Bowl","floor":105.0},{"not_picked":["True Grit+1","Burning Pact+1","Warcry+1"],"picked":"Entrench+1","floor":106.0},{"not_picked":["Sword Boomerang+1","Warcry+1","Carnage+1"],"picked":"Battle Trance+1","floor":110.0},{"not_picked":["Burning Pact+1","Heavy Blade+1","Battle Trance+1","Double Tap+1"],"picked":"Singing Bowl","floor":111.0},{"not_picked":["Dual Wield+1","Perfected Strike+1","Searing Blow+1","Clothesline+1"],"picked":"Singing Bowl","floor":113.0},{"not_picked":["Fiend Fire+1","Brutality+1","Juggernaut+1"],"picked":"Limit Break+1","floor":118.0},{"not_picked":["Flame Barrier+1","Wild Strike+1","Rupture+1","Havoc+1"],"picked":"Singing Bowl","floor":126},{"not_picked":["Carnage+1","Sentinel+1","Burning Pact+1","Flex+1"],"picked":"Singing Bowl","floor":128},{"not_picked":["Hemokinesis+1","Heavy Blade+1","Seeing Red+1","Clothesline+1"],"picked":"Singing Bowl","floor":133},{"not_picked":["Demon Form+1","Immolate+1","Feed+1","Fiend Fire+1"],"picked":"Singing Bowl","floor":135},{"not_picked":["Deep Breath+1","Metamorphosis+1","Discovery+1","Dark Shackles+1"],"picked":"Singing Bowl","floor":138},{"not_picked":["Clothesline+1","Pommel Strike+1","Twin Strike+1","Battle Trance+1"],"picked":"Singing Bowl","floor":139},{"not_picked":["Iron Wave+1","Havoc+1","Metallicize+1","True Grit+1"],"picked":"Singing Bowl","floor":142},{"not_picked":["Heavy Blade+1","Demon Form+1","Corruption+1","Carnage+1"],"picked":"Singing Bowl","floor":144},{"not_picked":["Sword Boomerang+1","Thunderclap+1","Havoc+1","Cleave+1"],"picked":"Singing Bowl","floor":145},{"not_picked":["Intimidate+1","Heavy Blade+1","Sentinel+1"],"picked":"Offering+1","floor":147},{"not_picked":["Reckless Charge+1","Clash+1","Metallicize+1","Blood for Blood+1"],"picked":"Singing Bowl","floor":149},{"not_picked":["Juggernaut+1","Demon Form+1","Offering+1"],"picked":"Limit Break+1","floor":152}],"player_experience":731369,"relics_obtained":[{"floor":1.0,"key":"Singing Bowl"},{"floor":2.0,"key":"Art of War"},{"floor":4.0,"key":"Orichalcum"},{"floor":5.0,"key":"Regal Pillow"},{"floor":7.0,"key":"Oddly Smooth Stone"},{"floor":9.0,"key":"Vajra"},{"floor":10.0,"key":"Happy Flower"},{"floor":11.0,"key":"Magic Flower"},{"floor":12.0,"key":"Dodecahedron"},{"floor":13.0,"key":"Prayer Wheel"},{"floor":16.0,"key":"Ornamental Fan"},{"floor":18.0,"key":"Pantograph"},{"floor":19.0,"key":"Red Mask"},{"floor":20.0,"key":"Mango"},{"floor":21.0,"key":"Molten Egg 2"},{"floor":22.0,"key":"Pen Nib"},{"floor":24.0,"key":"Frozen Egg 2"},{"floor":26.0,"key":"Paper Frog"},{"floor":27.0,"key":"Boot"},{"floor":30.0,"key":"Ancient Tea Set"},{"floor":33.0,"key":"Self Forming Clay"},{"floor":35.0,"key":"Shovel"},{"floor":39.0,"key":"Shuriken"},{"floor":42.0,"key":"War Paint"},{"floor":43.0,"key":"Anchor"},{"floor":44.0,"key":"Bronze Scales"},{"floor":45.0,"key":"Mummified Hand"},{"floor":48.0,"key":"Blood Vial"},{"floor":50.0,"key":"Mercury Hourglass"},{"floor":52.0,"key":"Bag of Marbles"},{"floor":53.0,"key":"Bottled Tornado"},{"floor":56.0,"key":"Omamori"},{"floor":58.0,"key":"Bottled Flame"},{"floor":60.0,"key":"Juzu Bracelet"},{"floor":62.0,"key":"Strawberry"},{"floor":65.0,"key":"MawBank"},{"floor":67.0,"key":"Whetstone"},{"floor":69.0,"key":"Meat on the Bone"},{"floor":71.0,"key":"Centennial Puzzle"},{"floor":73.0,"key":"Darkstone Periapt"},{"floor":81.0,"key":"Question Card"},{"floor":84.0,"key":"Kunai"},{"floor":86.0,"key":"Smiling Mask"},{"floor":89.0,"key":"Gremlin Horn"},{"floor":95.0,"key":"Letter Opener"},{"floor":97.0,"key":"Incense Burner"},{"floor":101.0,"key":"Thread and Needle"},{"floor":103.0,"key":"Lantern"},{"floor":105.0,"key":"Odd Mushroom"},{"floor":109.0,"key":"StoneCalendar"},{"floor":118.0,"key":"Peace Pipe"},{"floor":120,"key":"Torii"},{"floor":121,"key":"Ginger"},{"floor":123,"key":"Unceasing Top"},{"floor":130,"key":"Champion Belt"},{"floor":135,"key":"Circlet"},{"floor":137,"key":"Circlet"},{"floor":139,"key":"Circlet"},{"floor":140,"key":"Circlet"},{"floor":146,"key":"Circlet"},{"floor":149,"key":"Circlet"},{"floor":150,"key":"Circlet"},{"floor":152,"key":"Circlet"}],"event_choices":[{"event_name":"The Woman in Blue","player_choice":"Bought 0 Potions","floor":3.0,"damage_taken":0.0},{"event_name":"Ghosts","player_choice":"Ignored","floor":31.0,"damage_taken":0.0},{"event_name":"FaceTrader","player_choice":"Trade","floor":36.0,"damage_taken":0.0},{"event_name":"Tomb of Lord Red Mask","player_choice":"Wore Mask","floor":37.0,"damage_taken":0.0},{"event_name":"Duplicator","player_choice":"One dupe","floor":46.0,"damage_taken":0.0},{"event_name":"Golden Idol","player_choice":"Take Damage","floor":54.0,"damage_taken":0.0},{"event_name":"Dead Adventurer","player_choice":"Searched \u00272\u0027 times","floor":62.0,"damage_taken":0.0},{"event_name":"Shining Light","player_choice":"Entered Light","floor":63.0,"damage_taken":0.0},{"event_name":"Living Wall","player_choice":"Forget","floor":64.0,"damage_taken":0.0},{"event_name":"Nest","player_choice":"Joined the Cult","floor":70.0,"damage_taken":0.0},{"event_name":"Beggar","player_choice":"Ignored","floor":80.0,"damage_taken":0.0},{"event_name":"Tomb of Lord Red Mask","player_choice":"Wore Mask","floor":87.0,"damage_taken":0.0},{"event_name":"Duplicator","player_choice":"One dupe","floor":90.0,"damage_taken":0.0},{"event_name":"Winding Halls","player_choice":"Writhe","floor":98.0,"damage_taken":0.0},{"event_name":"Bonfire Elementals","player_choice":"COMMON","floor":104.0,"damage_taken":0.0},{"event_name":"Mushrooms","player_choice":"Fought Mushrooms","floor":105.0,"damage_taken":0.0},{"event_name":"Dead Adventurer","player_choice":"Searched \u00272\u0027 times","floor":106.0,"damage_taken":0.0},{"event_name":"Scrap Ooze","player_choice":"success","floor":114.0,"damage_taken":12.0},{"event_name":"Shining Light","player_choice":"Ignored","floor":115.0,"damage_taken":0.0},{"event_name":"Forgotten Altar","player_choice":"Gave Idol","floor":122,"damage_taken":0},{"event_name":"The Library","player_choice":"Heal","floor":124,"damage_taken":0},{"event_name":"SensoryStone","player_choice":"Memory 1","floor":138,"damage_taken":0},{"event_name":"MindBloom","player_choice":"Fight","floor":139,"damage_taken":0},{"event_name":"Falling","player_choice":"Removed Skill","floor":148,"damage_taken":0},{"event_name":"Mysterious Sphere","player_choice":"Fight","floor":149,"damage_taken":0}],"is_beta":true,"boss_relics":[{"not_picked":["Busted Crown","Snecko Eye"],"picked":"Coffee Dripper"},{"not_picked":["Runic Dome","Runic Pyramid"],"picked":"Orrery"},{"not_picked":["White Beast Statue","Cursed Key"],"picked":"Tiny House"},{"not_picked":["GraspOfShadows"],"picked":"VoidEssence"},{"not_picked":["VoidEssence"],"picked":"TwistingMind"},{"not_picked":["TwistingMind"],"picked":"MetallicRebirth"},{"not_picked":["GraspOfShadows"],"picked":"MetallicRebirth"},{"not_picked":["MetallicRebirth"],"picked":"Accursed"},{"not_picked":["Accursed"],"picked":"Scatterbrain"}],"items_purged_floors":[55,72,88,93,107,127,141],"is_endless":true,"potions_floor_spawned":[1,7,10,16,18,19,20,21,24,39,44,52,56,61,62,67,69,71,77,79,84,94,96,97,99,101,103,106,106,110,111,118,120,126,133,139,140,142,145,146,149,152],"ascension_level":1}