{"gold_per_floor":[113,113,132,132,132,132,166,183,183,215,215,230,155,155,155,259,259,274,238,238,238,95,95,129,129,129,129,129,139,169,189,189,294,294,312,312,55,74,92,118,118,218,218,218,249,268,278,296,296,296],"floor_reached":51,"playtime":5208,"items_purged":["Strike_R","Bash"],"score":1030,"play_id":"48c6be86-6b6e-4618-8e28-db1b6b3e9d19","local_time":"20190723114601","is_ascension_mode":true,"campfire_choices":[{"data":"Shrug It Off","floor":6,"key":"SMITH"},{"data":"Demon Form","floor":11,"key":"SMITH"},{"floor":15,"key":"REST"},{"data":"Offering","floor":23,"key":"SMITH"},{"data":"Spot Weakness","floor":25,"key":"SMITH"},{"data":"Metallicize","floor":27,"key":"SMITH"},{"data":"1","floor":32,"key":"LIFT"},{"data":"2","floor":41,"key":"LIFT"},{"data":"3","floor":44,"key":"LIFT"},{"data":"Heavy Blade","floor":49,"key":"SMITH"}],"neow_cost":"NONE","seed_source_timestamp":1066233814474999,"circlet_count":0,"master_deck":["Strike_R+1","Strike_R+1","Strike_R+1","Strike_R+1","Defend_R+1","Defend_R+1","Defend_R+1","Defend_R+1","Bash","Shrug It Off+1","Perfected Strike","Power Through","Offering+1","Sword Boomerang+1","Second Wind","Demon Form+1","Spot Weakness+1","Ghostly Armor","Twin Strike","Juggernaut","Metallicize+1","Ghostly","Ghostly","Ghostly","Ghostly","Ghostly","Headbutt","Seeing Red","Entrench+1","Disarm+1","Good Instincts","Blood for Blood+1","Heavy Blade+1","Flame Barrier","Parasite"],"special_seed":0,"relics":["Burning Blood","Pen Nib","Bottled Lightning","Centennial Puzzle","Art of War","Busted Crown","Vajra","Red Skull","Question Card","Girya","Runic Dome","Blood Vial","Peace Pipe","Pocketwatch","Paper Frog","Singing Bowl"],"potions_floor_usage":[7,16,24,33,39,45],"damage_taken":[{"damage":12.0,"enemies":"Small Slimes","floor":1.0,"turns":4.0},{"damage":0,"enemies":"Cultist","floor":3,"turns":2},{"damage":20,"enemies":"Gremlin Nob","floor":7,"turns":4},{"damage":0,"enemies":"2 Louse","floor":8,"turns":3},{"damage":41,"enemies":"Lagavulin","floor":10,"turns":4},{"damage":9,"enemies":"Blue Slaver","floor":12,"turns":2},{"damage":24,"enemies":"The Guardian","floor":16,"turns":8},{"damage":26,"enemies":"2 Thieves","floor":18,"turns":4},{"damage":13,"enemies":"Gremlin Leader","floor":24,"turns":6},{"damage":0,"enemies":"Spheric Guardian","floor":29,"turns":5},{"damage":8,"enemies":"Book of Stabbing","floor":30,"turns":4},{"damage":1,"enemies":"Snecko","floor":31,"turns":4},{"damage":8,"enemies":"Collector","floor":33,"turns":6},{"damage":16,"enemies":"3 Shapes","floor":35,"turns":4},{"damage":6,"enemies":"3 Darklings","floor":38,"turns":5},{"damage":3,"enemies":"Jaw Worm Horde","floor":39,"turns":5},{"damage":5,"enemies":"Giant Head","floor":40,"turns":7},{"damage":6,"enemies":"Mind Bloom Boss Battle","floor":42,"turns":5},{"damage":3,"enemies":"Reptomancer","floor":45,"turns":4},{"damage":6,"enemies":"4 Shapes","floor":46,"turns":4},{"damage":1,"enemies":"3 Darklings","floor":47,"turns":4},{"damage":6,"enemies":"Writhing Mass","floor":48,"turns":4},{"damage":18,"enemies":"Awakened One","floor":50,"turns":8}],"seed_played":"6076923111844835149","potions_obtained":[{"floor":1.0,"key":"SteroidPotion"},{"floor":7,"key":"LiquidBronze"},{"floor":16,"key":"EssenceOfSteel"},{"floor":24,"key":"Ancient Potion"},{"floor":29,"key":"SkillPotion"},{"floor":38,"key":"SneckoOil"},{"floor":42,"key":"Poison Potion"},{"floor":45,"key":"AttackPotion"},{"floor":48,"key":"Fire Potion"}],"is_trial":false,"path_per_floor":["M","?","M","$","?","R","E","M","T","E","R","M","$","?","R","B",null,"M","$","?","?","$","R","E","R","T","R","?","M","E","M","R","B",null,"M","?","$","M","M","E","R","?","T","R","E","M","M","M","R","B",null],"character_chosen":"IRONCLAD","items_purchased":["Metallicize","Vajra","Blood Vial"],"campfire_rested":1,"item_purchase_floors":[19,22,37],"current_hp_per_floor":[66,66,72,72,72,72,58,64,64,29,29,26,26,14,38,20,65,45,45,45,40,40,40,33,33,33,33,33,39,37,40,40,38,40,30,30,30,32,37,40,40,40,40,40,42,44,46,48,48,36],"gold":296,"neow_bonus":"THREE_CARDS","is_prod":false,"is_daily":false,"chose_seed":false,"campfire_upgraded":6,"win_rate":0,"timestamp":1563907561,"path_taken":["M","?","?","$","?","R","E","M","T","E","R","M","$","?","R","BOSS","M","$","?","?","?","R","E","R","T","R","?","M","E","?","R","BOSS","M","?","$","M","M","E","R","?","T","R","E","?","M","M","R","BOSS"],"build_version":"2019-07-18","purchased_purges":2,"victory":true,"max_hp_per_floor":[80,80,80,80,80,80,80,80,80,80,80,80,80,80,80,80,80,80,80,80,40,40,40,40,40,40,40,40,40,40,40,40,40,40,40,40,40,40,40,40,40,40,40,40,42,44,46,48,48,48],"card_choices":[{"not_picked":["Body Slam","True Grit"],"picked":"Shrug It Off","floor":0.0},{"not_picked":["Shockwave","True Grit"],"picked":"Perfected Strike","floor":1.0},{"not_picked":["Sever Soul","Iron Wave"],"picked":"Second Wind","floor":3},{"not_picked":["Dual Wield","Battle Trance"],"picked":"Demon Form","floor":7},{"not_picked":["Havoc","Twin Strike"],"picked":"Spot Weakness","floor":8},{"not_picked":["Reckless Charge","Sword Boomerang"],"picked":"Ghostly Armor","floor":10},{"not_picked":["Rupture","True Grit"],"picked":"Twin Strike","floor":12},{"not_picked":["Immolate","Impervious"],"picked":"Juggernaut","floor":16},{"not_picked":["Perfected Strike"],"picked":"SKIP","floor":18},{"not_picked":["Entrench"],"picked":"SKIP","floor":24},{"not_picked":["Feel No Pain"],"picked":"Headbutt","floor":29},{"not_picked":["Cleave"],"picked":"Seeing Red","floor":30},{"not_picked":["Blood for Blood"],"picked":"Entrench+1","floor":31},{"not_picked":["Body Slam"],"picked":"Disarm+1","floor":35},{"not_picked":["PanicButton"],"picked":"Good Instincts","floor":36},{"not_picked":["Disarm"],"picked":"Blood for Blood+1","floor":38},{"not_picked":["Uppercut+1","Wild Strike"],"picked":"SKIP","floor":39},{"not_picked":["Burning Pact"],"picked":"Heavy Blade","floor":40},{"not_picked":["True Grit+1"],"picked":"Flame Barrier","floor":42},{"not_picked":["Armaments+1","Wild Strike+1"],"picked":"Singing Bowl","floor":45},{"not_picked":["Searing Blow","Perfected Strike+1"],"picked":"Singing Bowl","floor":46},{"not_picked":["Thunderclap+1","Clothesline+1"],"picked":"Singing Bowl","floor":47},{"not_picked":["Bloodletting+1","Power Through"],"picked":"Singing Bowl","floor":48}],"player_experience":127995,"relics_obtained":[{"floor":7,"key":"Pen Nib"},{"floor":9,"key":"Bottled Lightning"},{"floor":10,"key":"Centennial Puzzle"},{"floor":24,"key":"Red Skull"},{"floor":26,"key":"Question Card"},{"floor":30,"key":"Girya"},{"floor":40,"key":"Peace Pipe"},{"floor":42,"key":"Pocketwatch"},{"floor":43,"key":"Paper Frog"},{"floor":45,"key":"Singing Bowl"}],"event_choices":[{"damage_healed":0,"gold_gain":0,"player_choice":"4 cards matched","damage_taken":0,"max_hp_gain":0,"max_hp_loss":0,"event_name":"Match and Keep!","floor":2,"gold_loss":0,"cards_obtained":["Power Through","Offering","Sword Boomerang","Bash"]},{"damage_healed":0,"gold_gain":0,"player_choice":"Grow","damage_taken":0,"max_hp_gain":0,"max_hp_loss":0,"event_name":"Living Wall","floor":5,"gold_loss":0,"cards_upgraded":["Sword Boomerang"]},{"damage_healed":0,"gold_gain":0,"player_choice":"Success","damage_taken":12,"relics_obtained":["Art of War"],"max_hp_gain":0,"max_hp_loss":0,"event_name":"Scrap Ooze","floor":14,"gold_loss":0},{"damage_healed":0,"gold_gain":0,"player_choice":"Simplicity","damage_taken":0,"max_hp_gain":0,"max_hp_loss":0,"event_name":"Back to Basics","floor":20,"gold_loss":0,"cards_upgraded":["Strike_R","Strike_R","Strike_R","Strike_R","Defend_R","Defend_R","Defend_R","Defend_R"]},{"damage_healed":0,"gold_gain":0,"player_choice":"Became a Ghost","damage_taken":0,"max_hp_gain":0,"max_hp_loss":40,"event_name":"Ghosts","floor":21,"gold_loss":0,"cards_obtained":["Ghostly","Ghostly","Ghostly","Ghostly","Ghostly"]},{"damage_healed":0,"gold_gain":0,"player_choice":"Ignored","damage_taken":0,"max_hp_gain":0,"max_hp_loss":0,"event_name":"N\u0027loth","floor":28,"gold_loss":0},{"damage_healed":0,"gold_gain":0,"player_choice":"Memory 1","damage_taken":0,"max_hp_gain":0,"max_hp_loss":0,"event_name":"SensoryStone","floor":36,"gold_loss":0},{"damage_healed":0,"gold_gain":0,"player_choice":"Fight","damage_taken":0,"max_hp_gain":0,"max_hp_loss":0,"event_name":"MindBloom","floor":42,"gold_loss":0}],"is_beta":true,"boss_relics":[{"not_picked":["Ectoplasm","Runic Cube"],"picked":"Busted Crown"},{"not_picked":["Pandora\u0027s Box","Eternal Feather"],"picked":"Runic Dome"}],"items_purged_floors":[13,37],"is_endless":false,"potions_floor_spawned":[1,7,16,24,29,38,42,45,48],"ascension_level":7}