{"gold_per_floor":[115,115,17,27,27,27,62,72,72,72,72,72,101,118,118,195,195,207,8,8,8,20,20,20,20,20,39,39,57,57,57,57,136,136,148,159,173,123,133,133,2,0,23,23,23,123,142,152,152,152],"floor_reached":50,"playtime":2128,"items_purged":["Defend_B","Strike_B"],"score":898,"play_id":"9d8157d7-d6aa-497c-a385-89218ae79daf","local_time":"20190113181421","is_ascension_mode":true,"campfire_choices":[{"data":"Zap","floor":6.0,"key":"SMITH"},{"data":"Redo","floor":10.0,"key":"SMITH"},{"data":"Coolheaded","floor":12.0,"key":"SMITH"},{"data":"Defragment","floor":15.0,"key":"SMITH"},{"data":"Dualcast","floor":23.0,"key":"SMITH"},{"data":"Hologram","floor":30.0,"key":"SMITH"},{"data":"Double Energy","floor":32.0,"key":"SMITH"},{"data":"Coolheaded","floor":40,"key":"SMITH"},{"data":"Capacitor","floor":44,"key":"SMITH"},{"floor":49,"key":"REST"}],"neow_cost":"NONE","seed_source_timestamp":523562228215444,"circlet_count":0,"master_deck":["AscendersBane","Defend_B","Defend_B","Zap+1","Dualcast+1","Redo+1","Glacier","Compile Driver","Coolheaded+1","Coolheaded+1","Sweeping Beam","Defragment+1","Compile Driver","Electrodynamics","Capacitor+1","Defragment+1","Hologram+1","Double Energy+1","Tempest","Ball Lightning","Coolheaded+1","Self Repair","Blizzard+1"],"special_seed":0,"relics":["Cracked Core","NeowsBlessing","FossilizedHelix","Blue Candle","Odd Mushroom","Sozu","DollysMirror","Enchiridion","Pen Nib","Smiling Mask","Empty Cage","Red Mask","Anchor","Girya"],"potions_floor_usage":[47],"damage_taken":[{"damage":0.0,"enemies":"Jaw Worm","floor":1.0,"turns":1.0},{"damage":0.0,"enemies":"Cultist","floor":4.0,"turns":1.0},{"damage":0.0,"enemies":"Gremlin Nob","floor":7.0,"turns":1.0},{"damage":0.0,"enemies":"2 Louse","floor":8.0,"turns":2.0},{"damage":0.0,"enemies":"The Mushroom Lair","floor":13.0,"turns":4.0},{"damage":0.0,"enemies":"Looter","floor":14.0,"turns":4.0},{"damage":8.0,"enemies":"Slime Boss","floor":16.0,"turns":13.0},{"damage":0.0,"enemies":"3 Byrds","floor":18.0,"turns":3.0},{"damage":0.0,"enemies":"Shell Parasite","floor":22.0,"turns":5.0},{"damage":0.0,"enemies":"Centurion and Healer","floor":27.0,"turns":5.0},{"damage":0.0,"enemies":"3 Cultists","floor":29.0,"turns":4.0},{"damage":0.0,"enemies":"Automaton","floor":33.0,"turns":8.0},{"damage":8.0,"enemies":"Orb Walker","floor":35.0,"turns":5.0},{"damage":25,"enemies":"3 Darklings","floor":36,"turns":4},{"damage":0,"enemies":"Transient","floor":37,"turns":5},{"damage":0,"enemies":"Maw","floor":39,"turns":5},{"damage":0,"enemies":"Mind Bloom Boss Battle","floor":46,"turns":7},{"damage":0,"enemies":"Jaw Worm Horde","floor":47,"turns":4},{"damage":9,"enemies":"3 Darklings","floor":48,"turns":4},{"damage":60,"enemies":"Time Eater","floor":50,"turns":11}],"seed_played":"-3554161671746770834","potions_obtained":[{"floor":8.0,"key":"Weak Potion"},{"floor":14.0,"key":"SneckoOil"},{"floor":16.0,"key":"GamblersBrew"}],"is_trial":false,"path_per_floor":["M","?","$","M","$","R","E","M","T","R","$","R","?","M","R","B",null,"M","$","?","?","M","R","T","?","T","M","?","M","R","?","R","B",null,"M","M","M","$","M","R","$","?","T","R","?","?","M","M","R","B"],"character_chosen":"DEFECT","items_purchased":["Glacier","Compile Driver","DollysMirror","Self Repair"],"campfire_rested":1,"item_purchase_floors":[3,3,19,41],"current_hp_per_floor":[64,60,60,60,60,60,60,60,60,60,60,60,60,60,60,52,66,66,66,45,45,45,45,45,45,45,45,45,45,45,45,45,45,65,57,32,32,32,32,32,32,32,32,32,32,39,46,37,57,0],"gold":152,"neow_bonus":"THREE_ENEMY_KILL","is_prod":false,"is_daily":false,"chose_seed":false,"campfire_upgraded":9,"win_rate":0,"timestamp":1547399661,"path_taken":["M","?","?","M","$","R","E","M","T","R","$","R","?","M","R","BOSS","M","$","?","?","?","R","?","?","T","M","?","M","R","?","R","BOSS","M","M","M","$","M","R","$","?","T","R","?","?","?","M","R","BOSS"],"build_version":"2019-01-10","purchased_purges":2,"victory":false,"max_hp_per_floor":[71,71,71,71,71,71,71,71,71,71,71,71,71,71,71,71,71,71,71,71,71,71,71,71,71,71,71,71,71,71,71,71,71,71,71,71,71,71,71,71,71,71,71,71,67,67,67,67,67,67],"card_choices":[{"not_picked":["Rebound","Ball Lightning"],"picked":"Redo","floor":1.0},{"not_picked":["Recycle","Gash"],"picked":"Coolheaded","floor":4.0},{"not_picked":["Rip and Tear","Cold Snap"],"picked":"Coolheaded","floor":7.0},{"not_picked":["BootSequence","Coolheaded"],"picked":"Sweeping Beam","floor":8.0},{"not_picked":["Chaos","Doom and Gloom"],"picked":"Defragment","floor":13.0},{"not_picked":["Redo","Gash"],"picked":"Compile Driver","floor":14.0},{"not_picked":["Meteor Strike","Echo Form"],"picked":"Electrodynamics","floor":16.0},{"not_picked":["Rebound","Conserve Battery"],"picked":"Capacitor","floor":18.0},{"not_picked":["Loop","Force Field","Compile Driver"],"picked":"SKIP","floor":22.0},{"not_picked":["Tempest","FTL"],"picked":"Hologram","floor":27.0},{"not_picked":["Leap","Gash","Rip and Tear"],"picked":"SKIP","floor":29.0},{"not_picked":["Cold Snap","Force Field+1"],"picked":"Ball Lightning","floor":35.0},{"not_picked":["Compile Driver","Redo","Amplify"],"picked":"SKIP","floor":36},{"not_picked":["Reprogram","Leap","Steam"],"picked":"SKIP","floor":37},{"not_picked":["Melter+1","Reprogram"],"picked":"Coolheaded","floor":39},{"not_picked":["Ball Lightning","Cold Snap+1"],"picked":"Blizzard+1","floor":47},{"not_picked":["Redo","Hologram","Darkness+1"],"picked":"SKIP","floor":48}],"player_experience":726097,"relics_obtained":[{"floor":7.0,"key":"FossilizedHelix"},{"floor":9.0,"key":"Blue Candle"},{"floor":13.0,"key":"Odd Mushroom"},{"floor":20.0,"key":"Enchiridion"},{"floor":24.0,"key":"Pen Nib"},{"floor":26.0,"key":"Smiling Mask"},{"floor":43,"key":"Anchor"},{"floor":46,"key":"Girya"}],"event_choices":[{"damage_healed":0.0,"max_hp_gain":0.0,"max_hp_loss":0.0,"gold_gain":0.0,"event_name":"The Woman in Blue","player_choice":"Bought 0 Potions","floor":2.0,"gold_loss":0.0,"damage_taken":0.0},{"damage_healed":0.0,"max_hp_gain":0.0,"max_hp_loss":0.0,"gold_gain":0.0,"event_name":"Mushrooms","player_choice":"Fought Mushrooms","floor":13.0,"gold_loss":0.0,"damage_taken":0.0},{"damage_healed":0.0,"max_hp_gain":0.0,"max_hp_loss":0.0,"gold_gain":0.0,"event_name":"Cursed Tome","player_choice":"Obtained Book","floor":20.0,"gold_loss":0.0,"damage_taken":21.0},{"damage_healed":0.0,"max_hp_gain":0.0,"max_hp_loss":0.0,"gold_gain":0.0,"event_name":"Upgrade Shrine","player_choice":"Upgraded","floor":21.0,"gold_loss":0.0,"damage_taken":0.0,"cards_upgraded":["Coolheaded"]},{"damage_healed":0.0,"max_hp_gain":0.0,"max_hp_loss":0.0,"gold_gain":0.0,"event_name":"Beggar","player_choice":"Ignored","floor":25.0,"gold_loss":0.0,"damage_taken":0.0},{"damage_healed":0.0,"max_hp_gain":0.0,"max_hp_loss":0.0,"gold_gain":0.0,"cards_transformed":["Strike_B","Strike_B"],"event_name":"Drug Dealer","player_choice":"Became Test Subject","floor":28.0,"gold_loss":0.0,"damage_taken":0.0,"cards_obtained":["Double Energy","Tempest"]},{"damage_healed":0.0,"max_hp_gain":0.0,"max_hp_loss":0.0,"gold_gain":0.0,"event_name":"Vampires","player_choice":"Ignored","floor":31.0,"gold_loss":0.0,"damage_taken":0.0},{"damage_healed":0,"gold_gain":0,"player_choice":"Paid","damage_taken":0,"relics_obtained":["Red Mask"],"max_hp_gain":0,"max_hp_loss":0,"event_name":"Tomb of Lord Red Mask","floor":42,"gold_loss":2},{"damage_healed":0,"gold_gain":0,"player_choice":"Max HP","damage_taken":0,"max_hp_gain":0,"max_hp_loss":4,"event_name":"Winding Halls","floor":45,"gold_loss":0},{"damage_healed":0,"gold_gain":0,"player_choice":"Fight","damage_taken":0,"max_hp_gain":0,"max_hp_loss":0,"event_name":"MindBloom","floor":46,"gold_loss":0}],"is_beta":false,"boss_relics":[{"not_picked":["Orrery","Astrolabe"],"picked":"Sozu"},{"not_picked":["Coffee Dripper","Velvet Choker"],"picked":"Empty Cage"}],"items_purged_floors":[38,41],"is_endless":false,"potions_floor_spawned":[8,14,16,18,22,27,36,37,47,48],"killed_by":"Time Eater","ascension_level":15}