{"gold_per_floor":[109,109,109,109,130,130,145,145,169,194,194,194],"floor_reached":12,"playtime":288,"items_purged":[],"score":129,"play_id":"024a3994-c8b1-4925-905b-bc9238a5a4c3","local_time":"20190221121036","is_ascension_mode":true,"campfire_choices":[{"data":"Corruption","floor":6,"key":"SMITH"},{"data":"Dark Embrace","floor":8,"key":"SMITH"},{"data":"Bash","floor":11,"key":"SMITH"}],"neow_cost":"NONE","seed_source_timestamp":1263995044763840,"circlet_count":0,"master_deck":["AscendersBane","Strike_R","Strike_R","Strike_R","Strike_R","Strike_R","Defend_R","Defend_R","Defend_R","Defend_R","Bash+1","Dark Embrace+1","Corruption+1","Injury","Intimidate","Power Through","Iron Wave"],"relics":["Burning Blood","Golden Idol","Centennial Puzzle"],"potions_floor_usage":[],"damage_taken":[{"damage":7,"enemies":"Cultist","floor":1,"turns":4},{"damage":17,"enemies":"2 Louse","floor":5,"turns":4},{"damage":7,"enemies":"Small Slimes","floor":7,"turns":4},{"damage":47,"enemies":"Exordium Thugs","floor":10,"turns":7},{"damage":15,"enemies":"Gremlin Gang","floor":12,"turns":1}],"seed_played":"-9200834148764758510","potions_obtained":[{"floor":5,"key":"BloodPotion"}],"is_trial":false,"path_per_floor":["M","$","?","?","M","R","M","R","T","M","R","M"],"character_chosen":"IRONCLAD","items_purchased":[],"campfire_rested":0,"item_purchase_floors":[],"current_hp_per_floor":[67,67,67,67,56,56,55,55,55,14,14,0],"gold":194,"neow_bonus":"ONE_RANDOM_RARE_CARD","is_prod":false,"is_daily":false,"chose_seed":false,"campfire_upgraded":3,"win_rate":0,"timestamp":1550747436,"path_taken":["M","?","?","?","M","R","M","R","T","?","R","M"],"build_version":"2019-01-23","purchased_purges":0,"victory":false,"max_hp_per_floor":[75,75,75,75,75,75,75,75,75,75,75,75],"card_choices":[{"not_picked":["Clothesline","Iron Wave"],"picked":"Corruption","floor":1},{"not_picked":["Anger","Havoc"],"picked":"Intimidate","floor":5},{"not_picked":["Flex","Fire Breathing"],"picked":"Power Through","floor":7},{"not_picked":["Armaments","Cleave"],"picked":"Iron Wave","floor":10}],"player_experience":845245,"relics_obtained":[{"floor":9,"key":"Centennial Puzzle"}],"event_choices":[{"damage_healed":0,"gold_gain":0,"player_choice":"Ignored","damage_taken":0,"max_hp_gain":0,"max_hp_loss":0,"event_name":"Golden Wing","floor":3,"gold_loss":0},{"damage_healed":0,"gold_gain":0,"player_choice":"Take Wound","damage_taken":0,"relics_obtained":["Golden Idol"],"max_hp_gain":0,"max_hp_loss":0,"event_name":"Golden Idol","floor":4,"gold_loss":0,"cards_obtained":["Injury"]}],"is_beta":false,"boss_relics":[],"items_purged_floors":[],"is_endless":false,"potions_floor_spawned":[5],"killed_by":"Gremlin Gang","ascension_level":18}