{"gold_per_floor":[114,134,58,8,18,18,18,31,81,81,98,123,123,141,141,141],"floor_reached":16,"playtime":507,"items_purged":[],"score":158,"play_id":"14a2a78e-37c1-4edf-aab7-867a238bc832","local_time":"20180810101207","is_ascension_mode":true,"campfire_choices":[{"data":"Zap","floor":7.0,"key":"SMITH"},{"data":"Beam Cell","floor":10,"key":"SMITH"},{"data":"Dualcast","floor":13,"key":"SMITH"},{"data":"Coolheaded","floor":15,"key":"SMITH"}],"neow_cost":"TEN_PERCENT_HP_LOSS","seed_source_timestamp":520349885279600,"circlet_count":0,"master_deck":["Strike_B","Strike_B","Defend_B","Defend_B","Defend_B","Defend_B","Zap+1","Dualcast+1","AscendersBane","Ball Lightning","Beam Cell+1","Static Discharge","Melter","Chill","Steam","Heatsinks","Coolheaded+1"],"special_seed":0,"relics":["Cracked Core","Mango","Anchor","Potion Belt"],"potions_floor_usage":[12,14,16],"damage_taken":[{"damage":8.0,"enemies":"2 Louse","floor":1.0,"turns":2.0},{"damage":0.0,"enemies":"Small Slimes","floor":2.0,"turns":3.0},{"damage":1.0,"enemies":"Cultist","floor":5.0,"turns":3.0},{"damage":13,"enemies":"Lots of Slimes","floor":8,"turns":2},{"damage":0,"enemies":"Looter","floor":11,"turns":2},{"damage":25,"enemies":"Gremlin Nob","floor":12,"turns":4},{"damage":0,"enemies":"Large Slime","floor":14,"turns":4},{"damage":33,"enemies":"Slime Boss","floor":16,"turns":8}],"seed_played":"8448786002935020503","potions_obtained":[{"floor":5.0,"key":"GamblersBrew"},{"floor":11,"key":"PowerPotion"},{"floor":12,"key":"Fruit Juice"},{"floor":14,"key":"Weak Potion"}],"is_trial":false,"path_per_floor":["M","M","$","?","M","?","R","M","T","R","M","E","R","M","R"],"character_chosen":"DEFECT","items_purchased":["Static Discharge"],"campfire_rested":0,"item_purchase_floors":[3],"current_hp_per_floor":[74,74,74,74,73,66,66,53,53,53,53,28,28,33,33,0],"gold":141,"neow_bonus":"ONE_RARE_RELIC","is_prod":false,"is_daily":false,"chose_seed":false,"campfire_upgraded":4,"win_rate":0,"timestamp":1533888727,"path_taken":["M","M","$","?","?","?","R","M","T","R","M","E","R","M","R","BOSS"],"build_version":"2018-08-09","purchased_purges":0,"victory":false,"max_hp_per_floor":[82,82,82,82,82,82,82,82,82,82,82,82,82,87,87,87],"card_choices":[{"not_picked":["Redo","Genetic Algorithm"],"picked":"Ball Lightning","floor":1.0},{"not_picked":["Reinforced Body","Leap"],"picked":"Beam Cell","floor":2.0},{"not_picked":["Sunder","Aggregate"],"picked":"Melter","floor":5.0},{"not_picked":["Reprogram","Gash"],"picked":"Chill","floor":8},{"not_picked":["Leap","Redo"],"picked":"Steam","floor":11},{"not_picked":["Rainbow","Reinforced Body"],"picked":"Heatsinks","floor":12},{"not_picked":["Compile Driver","Skim"],"picked":"Coolheaded","floor":14}],"player_experience":611782,"relics_obtained":[{"floor":9,"key":"Anchor"},{"floor":12,"key":"Potion Belt"}],"event_choices":[{"event_name":"The Cleric","player_choice":"Card Removal","floor":4.0,"damage_taken":0.0},{"event_name":"Golden Wing","player_choice":"Card Removal","floor":6.0,"damage_taken":0.0}],"is_beta":false,"boss_relics":[],"items_purged_floors":[],"is_endless":false,"potions_floor_spawned":[5,11,12,14],"killed_by":"Slime Boss","ascension_level":11}