{"path_per_floor":["M","?","?","M","M","R","T","E","T","$","R","M","R","M","R","B",null,"M","$","?","?","M","R","$","E","T","R","?","M","R","M","R","B",null,"M","M","?"],"character_chosen":"THE_SILENT","items_purchased":["Blood Vial","Infinite Blades"],"gold_per_floor":[20,20,20,36,52,52,52,125,150,0,0,23,23,42,42,172,172,158,8,8,8,23,23,23,56,81,81,6,25,25,46,46,176,176,197,216,216],"floor_reached":38,"campfire_rested":2,"playtime":2090,"current_hp_per_floor":[63,46,46,46,46,46,53,22,22,22,22,24,24,26,26,20,63,60,60,60,60,62,62,62,40,40,40,40,20,42,42,64,14,59,61,25,25],"items_purged":["Strike_G"],"gold":216,"score":513,"play_id":"b13f5549-0bae-4955-9bd4-c54b1b3b63d7","is_prod":false,"is_daily":false,"is_ascension_mode":true,"campfire_upgraded":6,"path_taken":["M","?","?","M","M","R","?","E","T","?","R","M","R","M","R","BOSS","M","$","?","?","M","R","?","E","T","R","?","M","R","M","R","BOSS","M","?","?","?"],"build_version":"2018-02-15-PROD1","purchased_purges":1,"victory":false,"master_deck":["Defend_G","Defend_G","Defend_G","Defend_G","Strike_G","Strike_G","Strike_G","Survivor","Neutralize+1","Escape Plan","Cloak And Dagger+1","Cloak And Dagger+1","Accuracy+1","Acrobatics+1","Adrenaline","Dagger Throw","Cloak And Dagger+1","Infinite Blades","Deflect+1","Prepared+1","Burst","Infinite Blades","Blade Dance+1","Riddle With Holes"],"max_hp_per_floor":[70,70,70,70,70,70,77,77,77,77,77,77,77,77,77,77,77,77,77,74,74,74,74,74,74,74,74,74,74,74,74,74,74,74,74,74,74],"relics":["Ring of the Snake","Thread and Needle","Golden Idol","Strawberry","Tiny Chest","Orichalcum","Blood Vial","Orrery","Pen Nib","Snake Skull","White Beast Statue"],"card_choices":[{"not_picked":["Predator","Riddle With Holes"],"picked":"Escape Plan"},{"not_picked":["Sucker Punch","Crippling Poison"],"picked":"Cloak And Dagger"},{"not_picked":["Backflip","PiercingWail"],"picked":"Cloak And Dagger"},{"not_picked":["Poisoned Stab","Bane"],"picked":"Accuracy"},{"not_picked":["Grand Finale","Cloak And Dagger"],"picked":"Acrobatics"},{"not_picked":["Wraith Form","Phantasmal Killer"],"picked":"Adrenaline"},{"not_picked":["Quick Slash","Riddle With Holes"],"picked":"Dagger Throw"},{"not_picked":["Expertise","Masterful Stab"],"picked":"Cloak And Dagger"},{"not_picked":["Terror","All Out Attack"],"picked":"Deflect"},{"not_picked":["Flying Knee","PiercingWail"],"picked":"Prepared"},{"not_picked":["Doppelganger","Corpse Explosion"],"picked":"Burst"},{"not_picked":["Underhanded Strike","Deflect"],"picked":"Infinite Blades"},{"not_picked":["Slice","Prepared"],"picked":"Blade Dance"}],"player_experience":362421,"potions_floor_usage":[33,35,36],"damage_taken":[{"damage":0.0,"enemies":"Small Slimes","floor":1.0,"turns":5.0},{"damage":0.0,"enemies":"Jaw Worm","floor":4.0,"turns":7.0},{"damage":0.0,"enemies":"2 Louse","floor":5.0,"turns":3.0},{"damage":31.0,"enemies":"Gremlin Nob","floor":8.0,"turns":6.0},{"damage":0.0,"enemies":"Blue Slaver","floor":12.0,"turns":4.0},{"damage":0.0,"enemies":"Exordium Wildlife","floor":14.0,"turns":2.0},{"damage":8.0,"enemies":"The Guardian","floor":16.0,"turns":17.0},{"damage":5.0,"enemies":"2 Thieves","floor":18.0,"turns":4.0},{"damage":0.0,"enemies":"Shell Parasite","floor":22.0,"turns":6.0},{"damage":24.0,"enemies":"Gremlin Leader","floor":25.0,"turns":9.0},{"damage":22.0,"enemies":"Cultist and Chosen","floor":29.0,"turns":7.0},{"damage":2.0,"enemies":"Snecko","floor":31.0,"turns":5.0},{"damage":52,"enemies":"Champ","floor":33,"turns":10},{"damage":0,"enemies":"Orb Walker","floor":35,"turns":2},{"damage":38,"enemies":"3 Shapes","floor":36,"turns":4},{"damage":34,"enemies":"3 Darklings","floor":38,"turns":2}],"event_choices":[{"event_name":"Golden Idol","player_choice":"Take Damage","floor":2.0,"damage_taken":0.0},{"event_name":"The Cleric","player_choice":"Leave","floor":3.0,"damage_taken":0.0},{"event_name":"Fountain of Cleansing","player_choice":"Removed Curse","floor":20.0,"damage_taken":0.0},{"event_name":"The Lab","player_choice":"Got Potions","floor":21.0,"damage_taken":0.0},{"event_name":"Beggar","player_choice":"Gave Gold","floor":28.0,"damage_taken":0.0},{"event_name":"Transmorgrifier","player_choice":"Transform","floor":37,"damage_taken":0}],"boss_relics":[{"not_picked":["Philosopher\u0027s Stone","Question Card"],"picked":"White Beast Statue"}],"potions_floor_spawned":[1,4,8,16,18,22,33,35,36],"seed_played":"-211912291613574791","killed_by":"3 Darklings","ascension_level":10,"is_trial":false}