{"gold_per_floor":[117,117,117,97,118,118,143,143,143,162,185,43,116,141,141,141],"floor_reached":16,"playtime":427,"items_purged":[],"score":180,"play_id":"a2fe990b-4bd5-4ec9-9904-98f452842383","local_time":"20190228110029","is_ascension_mode":true,"campfire_choices":[{"data":"Bash","floor":6.0,"key":"SMITH"},{"data":"True Grit","floor":8.0,"key":"SMITH"},{"data":"Bludgeon","floor":15,"key":"SMITH"}],"neow_cost":"TEN_PERCENT_HP_LOSS","seed_source_timestamp":16631060774157,"circlet_count":0,"master_deck":["AscendersBane","Strike_R","Strike_R","Strike_R","Strike_R","Defend_R","Defend_R","Defend_R","Defend_R","Bash+1","Offering","Shrug It Off","True Grit+1","Bludgeon+1"],"special_seed":0,"relics":["Burning Blood","Golden Idol","Bottled Lightning","Tiny Chest","Pear","Odd Mushroom"],"potions_floor_usage":[],"damage_taken":[{"damage":10.0,"enemies":"Jaw Worm","floor":1.0,"turns":3.0},{"damage":5.0,"enemies":"2 Louse","floor":5.0,"turns":3.0},{"damage":6.0,"enemies":"Cultist","floor":7.0,"turns":4.0},{"damage":6.0,"enemies":"Gremlin Gang","floor":10.0,"turns":3.0},{"damage":14.0,"enemies":"Blue Slaver","floor":11.0,"turns":4.0},{"damage":31.0,"enemies":"The Mushroom Lair","floor":14.0,"turns":4.0},{"damage":40,"enemies":"The Guardian","floor":16,"turns":9}],"seed_played":"-2200142922854958544","potions_obtained":[{"floor":4.0,"key":"Explosive Potion"},{"floor":7.0,"key":"Ancient Potion"},{"floor":10.0,"key":"LiquidBronze"},{"floor":14.0,"key":"Regen Potion"}],"is_trial":false,"path_per_floor":["M","?","?","?","M","R","M","R","T","M","M","$","T","?","R","B"],"character_chosen":"IRONCLAD","items_purchased":["Tiny Chest"],"campfire_rested":0,"item_purchase_floors":[12],"current_hp_per_floor":[64,64,62,62,62,62,62,62,62,62,54,54,64,39,39,0],"gold":141,"neow_bonus":"THREE_RARE_CARDS","is_prod":false,"is_daily":false,"chose_seed":false,"campfire_upgraded":3,"win_rate":0,"timestamp":1551348029,"path_taken":["M","?","?","?","M","R","M","R","T","?","?","$","?","?","R","BOSS"],"build_version":"2019-01-23","purchased_purges":0,"victory":false,"max_hp_per_floor":[68,68,62,62,62,62,62,62,62,62,62,62,72,72,72,72],"card_choices":[{"not_picked":["Impervious","Juggernaut"],"picked":"Offering","floor":0.0},{"not_picked":["Perfected Strike","Pommel Strike"],"picked":"Shrug It Off","floor":1.0},{"not_picked":["Warcry","Flex","Clothesline"],"picked":"SKIP","floor":5.0},{"not_picked":["Anger","Hemokinesis"],"picked":"True Grit","floor":7.0},{"not_picked":["Pummel","Corruption","Entrench"],"picked":"SKIP","floor":10.0},{"not_picked":["Heavy Blade","Hemokinesis"],"picked":"Bludgeon","floor":11.0}],"player_experience":915507,"relics_obtained":[{"floor":9.0,"key":"Bottled Lightning"},{"floor":13.0,"key":"Pear"},{"floor":14.0,"key":"Odd Mushroom"}],"event_choices":[{"cards_removed":["Strike_R"],"damage_healed":0.0,"max_hp_gain":0.0,"max_hp_loss":0.0,"gold_gain":0.0,"event_name":"Living Wall","player_choice":"Forget","floor":2.0,"gold_loss":0.0,"damage_taken":0.0},{"damage_healed":0.0,"max_hp_gain":0.0,"max_hp_loss":6.0,"gold_gain":0.0,"event_name":"Golden Idol","player_choice":"Lose Max HP","floor":3.0,"gold_loss":0.0,"damage_taken":0.0,"relics_obtained":["Golden Idol"]},{"damage_healed":0.0,"max_hp_gain":0.0,"max_hp_loss":0.0,"gold_gain":0.0,"event_name":"The Woman in Blue","player_choice":"Bought 1 Potion","floor":4.0,"gold_loss":0.0,"damage_taken":0.0},{"damage_healed":0.0,"max_hp_gain":0.0,"max_hp_loss":0.0,"gold_gain":0.0,"event_name":"Mushrooms","player_choice":"Fought Mushrooms","floor":14.0,"gold_loss":0.0,"damage_taken":0.0}],"is_beta":false,"boss_relics":[],"items_purged_floors":[],"is_endless":false,"potions_floor_spawned":[7,10,14],"killed_by":"The Guardian","ascension_level":20}