{"gold_per_floor":[110,110,127,196,216,216,247,260,260,277,277,277,295,8,8,98,98,118,118,142,167,181,181,217,217,286,286,286,286,286],"floor_reached":30,"playtime":914,"items_purged":["Strike_R"],"score":438,"play_id":"8b224e0c-dd6c-404e-a254-8068b3310d97","local_time":"20180808113750","is_ascension_mode":true,"campfire_choices":[{"data":"Barricade","floor":6.0,"key":"SMITH"},{"data":"Pommel Strike","floor":11.0,"key":"SMITH"},{"data":"Seeing Red","floor":15.0,"key":"SMITH"},{"floor":23.0,"key":"REST"},{"floor":25.0,"key":"REST"},{"floor":27.0,"key":"REST"}],"neow_cost":"NONE","seed_source_timestamp":434006768243327,"circlet_count":0,"master_deck":["Strike_R","Strike_R","Defend_R","Defend_R","Defend_R","Defend_R","Bash","AscendersBane","Twin Strike","Cleave","Barricade+1","Pommel Strike+1","Offering","Seeing Red+1","Inflame","Immolate","Warcry+1","Flex+1","Entrench","Dark Shackles"],"special_seed":0,"relics":["Burning Blood","Bag of Marbles","Mercury Hourglass","Red Skull","Omamori","Golden Idol","Anchor","Black Star","Question Card","Orichalcum","Happy Flower","Kunai"],"potions_floor_usage":[],"damage_taken":[{"damage":7.0,"enemies":"Jaw Worm","floor":1.0,"turns":6.0},{"damage":1.0,"enemies":"Cultist","floor":3.0,"turns":3.0},{"damage":0.0,"enemies":"2 Louse","floor":5.0,"turns":2.0},{"damage":50.0,"enemies":"Lagavulin","floor":7.0,"turns":6.0},{"damage":3.0,"enemies":"Blue Slaver","floor":8.0,"turns":2.0},{"damage":0.0,"enemies":"Exordium Wildlife","floor":10.0,"turns":2.0},{"damage":4.0,"enemies":"Red Slaver","floor":13.0,"turns":2.0},{"damage":33.0,"enemies":"The Guardian","floor":16.0,"turns":9.0},{"damage":1.0,"enemies":"2 Thieves","floor":18.0,"turns":2.0},{"damage":5.0,"enemies":"3 Byrds","floor":20.0,"turns":3.0},{"damage":25.0,"enemies":"Sentry and Sphere","floor":21.0,"turns":4.0},{"damage":24.0,"enemies":"Centurion and Healer","floor":22.0,"turns":3.0},{"damage":39.0,"enemies":"Slavers","floor":24.0,"turns":3.0},{"damage":51,"enemies":"Book of Stabbing","floor":30,"turns":5}],"seed_played":"-9047805083160906528","potions_obtained":[{"floor":7.0,"key":"Energy Potion"},{"floor":8.0,"key":"Strength Potion"},{"floor":18.0,"key":"AttackPotion"},{"floor":20.0,"key":"GamblersBrew"}],"is_trial":false,"path_per_floor":["M","?","M","T","M","R","E","M","T","M","R","?","M","$","R","B",null,"M","T","M","M","M","R","E","R","T","R","?","?"],"character_chosen":"IRONCLAD","items_purchased":["Inflame","Anchor"],"campfire_rested":3,"item_purchase_floors":[14,14],"current_hp_per_floor":[67,67,72,72,75,75,31,34,34,40,40,40,42,42,42,15,60,65,65,66,47,29,51,18,40,40,62,62,48,0],"gold":286,"neow_bonus":"RANDOM_COMMON_RELIC","is_prod":false,"is_daily":false,"chose_seed":false,"campfire_upgraded":3,"win_rate":0,"timestamp":1533721070,"path_taken":["M","?","M","?","M","R","E","M","T","?","R","?","M","$","R","BOSS","M","?","?","M","M","R","E","R","T","R","?","?","E"],"build_version":"2018-08-02","purchased_purges":1,"victory":false,"max_hp_per_floor":[75,75,75,75,75,75,75,75,75,75,75,75,75,75,75,75,75,75,75,75,75,75,75,75,75,75,75,75,75,75],"card_choices":[{"not_picked":["Heavy Blade","Sword Boomerang"],"picked":"Twin Strike","floor":1.0},{"not_picked":["Second Wind","Intimidate"],"picked":"Cleave","floor":3.0},{"not_picked":["Perfected Strike","Pommel Strike"],"picked":"Barricade","floor":5.0},{"not_picked":["Wild Strike","Anger","Clothesline"],"picked":"SKIP","floor":7.0},{"not_picked":["Havoc","Anger"],"picked":"Pommel Strike","floor":8.0},{"not_picked":["Clothesline","Heavy Blade"],"picked":"Offering","floor":10.0},{"not_picked":["True Grit","Flex"],"picked":"Seeing Red","floor":13.0},{"not_picked":["Dark Embrace","Berserk"],"picked":"Immolate","floor":16.0},{"not_picked":["Bloodletting","Wild Strike","Armaments"],"picked":"SKIP","floor":18.0},{"not_picked":["Clash","Rampage","Headbutt"],"picked":"Warcry+1","floor":20.0},{"not_picked":["Blood for Blood","Berserk","Power Through","Wild Strike"],"picked":"SKIP","floor":21.0},{"not_picked":["Twin Strike","Feel No Pain","Carnage"],"picked":"Flex+1","floor":22.0},{"not_picked":["Uppercut","Thunderclap","Anger"],"picked":"Entrench","floor":24.0}],"player_experience":594954,"relics_obtained":[{"floor":4.0,"key":"Mercury Hourglass"},{"floor":7.0,"key":"Red Skull"},{"floor":9.0,"key":"Omamori"},{"floor":19.0,"key":"Question Card"},{"floor":24.0,"key":"Orichalcum"},{"floor":24.0,"key":"Happy Flower"},{"floor":26.0,"key":"Kunai"}],"event_choices":[{"event_name":"Purifier","player_choice":"One Purge","floor":2.0,"damage_taken":0.0},{"event_name":"Golden Idol","player_choice":"Take Wound","floor":12.0,"damage_taken":0.0},{"event_name":"Bonfire Elementals","player_choice":"BASIC","floor":28.0,"damage_taken":0.0},{"event_name":"Knowing Skull","player_choice":"CARD ","floor":29.0,"damage_taken":0.0}],"is_beta":false,"boss_relics":[{"not_picked":["Fusion Hammer","Velvet Choker"],"picked":"Black Star"}],"items_purged_floors":[14],"is_endless":false,"potions_floor_spawned":[7,8,18,20],"killed_by":"Book of Stabbing","ascension_level":15}