{"gold_per_floor":[119,130,130,146,71,71,105,122,201,201,181,181,192,202,202,277,277,264,279,279,290,290,290,310,310],"floor_reached":25,"playtime":852,"items_purged":["Strike_R"],"score":359,"play_id":"515fb777-11ad-40a9-8b52-764a84549ff6","local_time":"20180807001721","is_ascension_mode":true,"campfire_choices":[{"data":"Flex","floor":6.0,"key":"SMITH"},{"data":"Twin Strike","floor":10.0,"key":"SMITH"},{"data":"Heavy Blade","floor":15.0,"key":"SMITH"},{"data":"Inflame","floor":23,"key":"SMITH"}],"neow_cost":"NONE","seed_source_timestamp":379282796517707,"circlet_count":0,"master_deck":["Strike_R","Strike_R","Strike_R","Defend_R","Defend_R","Defend_R","Defend_R","Bash+1","AscendersBane","Flex+1","Twin Strike+1","Ghostly Armor","Thunderclap","Heavy Blade+1","Feed","Heavy Blade+1","Inflame+1","Iron Wave+1","Seeing Red"],"special_seed":0,"relics":["Burning Blood","Turnip","Self Forming Clay","Velvet Choker"],"potions_floor_usage":[21,25],"damage_taken":[{"damage":12.0,"enemies":"Jaw Worm","floor":1.0,"turns":3.0},{"damage":1.0,"enemies":"2 Louse","floor":2.0,"turns":3.0},{"damage":5.0,"enemies":"Small Slimes","floor":4.0,"turns":4.0},{"damage":36.0,"enemies":"Lagavulin","floor":7.0,"turns":6.0},{"damage":6.0,"enemies":"Blue Slaver","floor":8.0,"turns":3.0},{"damage":6.0,"enemies":"Looter","floor":13.0,"turns":3.0},{"damage":1.0,"enemies":"3 Louse","floor":14.0,"turns":3.0},{"damage":44.0,"enemies":"Slime Boss","floor":16.0,"turns":12.0},{"damage":21.0,"enemies":"2 Thieves","floor":18.0,"turns":4.0},{"damage":12.0,"enemies":"3 Byrds","floor":19.0,"turns":4.0},{"damage":22,"enemies":"Snake Plant","floor":21,"turns":5},{"damage":18,"enemies":"Snecko","floor":24,"turns":3},{"damage":22,"enemies":"Slavers","floor":25,"turns":3}],"seed_played":"4674622830595923767","potions_obtained":[{"floor":2.0,"key":"SpeedPotion"},{"floor":4.0,"key":"SkillPotion"},{"floor":11.0,"key":"Weak Potion"},{"floor":16.0,"key":"SpeedPotion"},{"floor":19.0,"key":"Weak Potion"}],"is_trial":false,"path_per_floor":["M","M","?","M","$","R","E","M","T","R","?","?","M","M","R","B",null,"M","M","?","M","?","R","M"],"character_chosen":"IRONCLAD","items_purchased":[],"campfire_rested":0,"item_purchase_floors":[],"current_hp_per_floor":[62,67,67,68,68,68,38,38,38,38,38,43,43,48,48,10,63,48,45,45,32,32,32,20,0],"gold":310,"neow_bonus":"UPGRADE_CARD","is_prod":false,"is_daily":false,"chose_seed":false,"campfire_upgraded":4,"win_rate":0,"timestamp":1533593841,"path_taken":["M","M","?","M","$","R","E","M","T","R","?","?","M","M","R","BOSS","M","M","?","M","?","R","M","E"],"build_version":"2018-08-01","purchased_purges":1,"victory":false,"max_hp_per_floor":[75,75,75,75,75,75,75,75,75,75,75,80,80,80,80,80,80,80,83,83,86,86,86,86,86],"card_choices":[{"not_picked":["Warcry","Burning Pact"],"picked":"Flex","floor":1.0},{"not_picked":["Clothesline","Evolve","Hemokinesis"],"picked":"SKIP","floor":2.0},{"not_picked":["Wild Strike","Clash"],"picked":"Twin Strike","floor":4.0},{"not_picked":["Intimidate","Wild Strike"],"picked":"Ghostly Armor","floor":7.0},{"not_picked":["Infernal Blade","Wild Strike"],"picked":"Thunderclap","floor":8.0},{"not_picked":["Armaments","Disarm","Havoc"],"picked":"SKIP","floor":13.0},{"not_picked":["Headbutt","Armaments"],"picked":"Heavy Blade","floor":14.0},{"not_picked":["Bludgeon","Immolate"],"picked":"Feed","floor":16.0},{"not_picked":["True Grit","Perfected Strike"],"picked":"Heavy Blade+1","floor":18.0},{"not_picked":["Seeing Red","Pommel Strike"],"picked":"Inflame","floor":19.0},{"not_picked":["Clothesline+1","Cleave"],"picked":"Iron Wave+1","floor":21},{"not_picked":["Twin Strike","Thunderclap"],"picked":"Seeing Red","floor":24}],"player_experience":759070,"relics_obtained":[{"floor":7.0,"key":"Turnip"},{"floor":9.0,"key":"Self Forming Clay"}],"event_choices":[{"event_name":"Living Wall","player_choice":"Forget","floor":3.0,"damage_taken":0.0},{"event_name":"The Woman in Blue","player_choice":"Bought 1 Potion","floor":11.0,"damage_taken":0.0},{"event_name":"Big Fish","player_choice":"Donut","floor":12.0,"damage_taken":0.0},{"event_name":"FaceTrader","player_choice":"Leave","floor":20,"damage_taken":0},{"event_name":"Ghosts","player_choice":"Ignored","floor":22,"damage_taken":0}],"is_beta":true,"boss_relics":[{"not_picked":["Busted Crown","Fusion Hammer"],"picked":"Velvet Choker"}],"items_purged_floors":[5],"is_endless":false,"potions_floor_spawned":[2,4,8,13,16,19],"killed_by":"Slavers","ascension_level":15}