{"gold_per_floor":[110,110,110,126,37,63,76,1,49,69,100,116,143,143,143,143],"floor_reached":16,"playtime":496,"items_purged":[],"score":290,"play_id":"7c49ed4a-1c8e-407b-8719-9f2e965612ab","local_time":"20190714224949","is_ascension_mode":true,"campfire_choices":[{"data":"Calculated Gamble","floor":15.0,"key":"SMITH"}],"neow_cost":"NONE","seed_source_timestamp":496816219866118,"circlet_count":0,"master_deck":["AscendersBane","Strike_G","Strike_G","Strike_G","Defend_G","Defend_G","Defend_G","Defend_G","Survivor","Neutralize","Quick Slash","Dagger Throw","Well Laid Plans","Grand Finale","Calculated Gamble+1","Prepared","Tactician"],"special_seed":0,"relics":["Ring of the Snake","NeowsBlessing","Pen Nib","Oddly Smooth Stone","Bird Faced Urn","Torii"],"potions_floor_usage":[16],"damage_taken":[{"damage":0.0,"enemies":"2 Louse","floor":1.0,"turns":1.0},{"damage":0.0,"enemies":"Cultist","floor":4.0,"turns":1.0},{"damage":0.0,"enemies":"Gremlin Nob","floor":6.0,"turns":1.0},{"damage":1.0,"enemies":"Small Slimes","floor":7.0,"turns":3.0},{"damage":0.0,"enemies":"Exordium Thugs","floor":10.0,"turns":4.0},{"damage":30.0,"enemies":"3 Sentries","floor":11.0,"turns":6.0},{"damage":0.0,"enemies":"Exordium Wildlife","floor":12.0,"turns":2.0},{"damage":8.0,"enemies":"Gremlin Nob","floor":13.0,"turns":3.0},{"damage":28,"enemies":"Hexaghost","floor":16,"turns":9}],"seed_played":"-8681143100823697399","potions_obtained":[{"floor":6.0,"key":"SkillPotion"},{"floor":7.0,"key":"SteroidPotion"},{"floor":10.0,"key":"Explosive Potion"},{"floor":11.0,"key":"Ancient Potion"}],"is_trial":false,"path_per_floor":["M","?","?","M","$","E","M","?","T","M","E","M","E","?","R","B"],"character_chosen":"THE_SILENT","items_purchased":["Well Laid Plans"],"campfire_rested":0,"item_purchase_floors":[5],"current_hp_per_floor":[59,59,59,59,59,59,58,58,58,58,28,30,24,24,24,0],"gold":143,"neow_bonus":"THREE_ENEMY_KILL","is_prod":false,"is_daily":false,"chose_seed":false,"campfire_upgraded":1,"win_rate":0,"timestamp":1563112189,"path_taken":["M","?","?","?","$","E","M","?","T","M","E","M","E","?","R","BOSS"],"build_version":"2019-07-05","purchased_purges":0,"victory":false,"max_hp_per_floor":[66,66,66,66,66,66,66,66,66,66,66,66,66,66,66,66],"card_choices":[{"not_picked":["Slice","Deadly Poison"],"picked":"Quick Slash","floor":1.0},{"not_picked":["Slice","Skewer"],"picked":"Dagger Throw","floor":4.0},{"not_picked":["Riddle With Holes","Outmaneuver"],"picked":"Grand Finale","floor":6.0},{"not_picked":["Masterful Stab","Dagger Throw","Well Laid Plans"],"picked":"SKIP","floor":7.0},{"not_picked":["Masterful Stab","Dagger Throw","Well Laid Plans"],"picked":"SKIP","floor":7.0},{"not_picked":["Dagger Spray","Slice","Grand Finale"],"picked":"SKIP","floor":10.0},{"not_picked":["Dagger Spray","Slice","Grand Finale"],"picked":"SKIP","floor":10.0},{"not_picked":["Bouncing Flask","Expertise"],"picked":"Calculated Gamble","floor":11.0},{"not_picked":["PiercingWail","Sucker Punch","Caltrops"],"picked":"SKIP","floor":12.0},{"not_picked":["Calculated Gamble","Riddle With Holes"],"picked":"Prepared","floor":13.0}],"player_experience":993302,"relics_obtained":[{"floor":6.0,"key":"Pen Nib"},{"floor":9.0,"key":"Oddly Smooth Stone"},{"floor":11.0,"key":"Bird Faced Urn"},{"floor":13.0,"key":"Torii"}],"event_choices":[{"damage_healed":0.0,"max_hp_gain":0.0,"max_hp_loss":0.0,"gold_gain":0.0,"event_name":"Liars Game","player_choice":"Ignored","floor":2.0,"gold_loss":0.0,"damage_taken":0.0},{"cards_removed":["Strike_G"],"damage_healed":0.0,"max_hp_gain":0.0,"max_hp_loss":0.0,"gold_gain":0.0,"event_name":"Bonfire Elementals","player_choice":"Offered Basic","floor":3.0,"gold_loss":0.0,"damage_taken":0.0},{"cards_removed":["Strike_G"],"damage_healed":0.0,"max_hp_gain":0.0,"max_hp_loss":0.0,"gold_gain":0.0,"event_name":"The Cleric","player_choice":"Card Removal","floor":8.0,"gold_loss":75.0,"damage_taken":0.0},{"damage_healed":0.0,"max_hp_gain":0.0,"max_hp_loss":0.0,"gold_gain":0.0,"cards_transformed":["Defend_G"],"event_name":"Transmorgrifier","player_choice":"Transformed","floor":14.0,"gold_loss":0.0,"damage_taken":0.0,"cards_obtained":["Tactician"]}],"is_beta":false,"boss_relics":[],"items_purged_floors":[],"is_endless":false,"potions_floor_spawned":[6,7,10,11,12],"killed_by":"Hexaghost","ascension_level":20}