{"gold_per_floor":[110,110,124,124,148,148,192,192,192,192,233,233,252,266,266,386,386,407,407,202,202,0,0,0,0,0,0,0,0,39,59,59,185,185,208,228,202,327,176,176,194,194,220,220,553,553,0,0,0,0],"floor_reached":50,"playtime":2275,"items_purged":[],"score":671,"play_id":"14e090ee-0225-42c9-9fce-f739bc14d22b","local_time":"20190721180549","is_ascension_mode":true,"campfire_choices":[{"data":"Blood for Blood","floor":6,"key":"SMITH"},{"data":"Barricade","floor":8,"key":"SMITH"},{"data":"Cleave","floor":10,"key":"SMITH"},{"floor":12,"key":"REST"},{"data":"Iron Wave","floor":15,"key":"SMITH"},{"data":"Demon Form","floor":23,"key":"SMITH"},{"data":"Feed","floor":25,"key":"SMITH"},{"data":"Carnage","floor":28,"key":"SMITH"},{"data":"Metallicize","floor":32,"key":"SMITH"},{"data":"Heavy Blade","floor":40,"key":"SMITH"},{"data":"Shrug It Off","floor":42,"key":"SMITH"},{"data":"Shrug It Off","floor":44,"key":"SMITH"},{"data":"Immolate","floor":49,"key":"SMITH"}],"neow_cost":"NONE","seed_source_timestamp":337757329286881,"circlet_count":0,"master_deck":["Defend_R","Defend_R","Defend_R","Defend_R","Bash","Cleave+1","Blood for Blood+1","Barricade+1","Anger","Feed+1","Iron Wave+1","Demon Form+1","Carnage+1","Reaper","Necronomicurse","Bite","Bite","Bite","Bite","Bite","Metallicize+1","Immolate+1","Shrug It Off+1","Heavy Blade+1","Fire Breathing+1","Shrug It Off+1"],"relics":["Burning Blood","NeowsBlessing","WingedGreaves","Kunai","White Beast Statue","MealTicket","Necronomicon","Gremlin Horn","Red Skull","Sozu","Torii","Strawberry","Bag of Marbles","Paper Frog","Red Mask"],"potions_floor_usage":[11,11,14,16,31,33,38,50],"damage_taken":[{"damage":0,"enemies":"Small Slimes","floor":1,"turns":1},{"damage":0,"enemies":"Cultist","floor":3,"turns":1},{"damage":0,"enemies":"2 Louse","floor":5,"turns":1},{"damage":24,"enemies":"Gremlin Nob","floor":7,"turns":4},{"damage":40,"enemies":"3 Sentries","floor":11,"turns":9},{"damage":12,"enemies":"Red Slaver","floor":13,"turns":3},{"damage":0,"enemies":"2 Fungi Beasts","floor":14,"turns":3},{"damage":45,"enemies":"The Guardian","floor":16,"turns":10},{"damage":23,"enemies":"3 Byrds","floor":18,"turns":5},{"damage":38,"enemies":"Slavers","floor":30,"turns":6},{"damage":0,"enemies":"Spheric Guardian","floor":31,"turns":3},{"damage":66,"enemies":"Collector","floor":33,"turns":8},{"damage":0,"enemies":"3 Shapes","floor":35,"turns":1},{"damage":35,"enemies":"Orb Walker","floor":36,"turns":3},{"damage":26,"enemies":"Mind Bloom Boss Battle","floor":38,"turns":8},{"damage":8,"enemies":"3 Darklings","floor":41,"turns":5},{"damage":96,"enemies":"Donu and Deca","floor":50,"turns":5}],"seed_played":"1918968593745862009","potions_obtained":[{"floor":3,"key":"Swift Potion"},{"floor":5,"key":"Regen Potion"},{"floor":11,"key":"Explosive Potion"},{"floor":14,"key":"FearPotion"},{"floor":18,"key":"Ancient Potion"},{"floor":30,"key":"Energy Potion"},{"floor":31,"key":"Dexterity Potion"},{"floor":33,"key":"Strength Potion"}],"is_trial":false,"path_per_floor":["M","?","M","?","M","R","E","R","T","R","E","R","M","M","R","B",null,"M","?","$","?","?","R","?","R","T","?","R","$","E","M","R","B",null,"M","M","$","?","$","R","M","R","T","R","?","T","?","$","R","B"],"character_chosen":"IRONCLAD","items_purchased":["MealTicket","Heavy Blade","Strawberry"],"campfire_rested":1,"item_purchase_floors":[20,37,39],"current_hp_per_floor":[78,58,64,64,70,70,52,52,52,52,33,57,53,61,61,24,66,54,54,54,81,81,81,65,65,65,65,65,80,60,72,72,34,71,77,54,69,83,90,90,90,90,90,90,90,90,90,90,90,0],"gold":0,"neow_bonus":"THREE_ENEMY_KILL","is_prod":false,"is_daily":false,"chose_seed":false,"campfire_upgraded":12,"win_rate":0,"timestamp":1563757549,"path_taken":["M","?","M","?","?","R","E","R","T","R","E","R","M","M","R","BOSS","M","?","$","?","?","R","?","R","T","?","R","?","E","M","R","BOSS","M","M","$","?","$","R","M","R","T","R","?","?","?","?","R","BOSS"],"build_version":"2019-07-05","purchased_purges":0,"victory":false,"max_hp_per_floor":[80,80,80,80,80,80,80,80,80,80,80,80,80,80,80,80,80,83,83,83,83,83,83,83,83,83,83,83,83,83,83,83,83,83,83,83,83,83,90,90,90,90,90,90,90,90,90,90,90,90],"card_choices":[{"not_picked":["Sword Boomerang","Infernal Blade"],"picked":"Cleave","floor":1},{"not_picked":["Feel No Pain","Sword Boomerang"],"picked":"Blood for Blood","floor":3},{"not_picked":["Warcry","Pummel","Infernal Blade"],"picked":"SKIP","floor":5},{"not_picked":["Heavy Blade","Pommel Strike"],"picked":"Barricade","floor":7},{"not_picked":["True Grit","Twin Strike"],"picked":"Anger","floor":11},{"not_picked":["Clothesline","Heavy Blade"],"picked":"Feed","floor":13},{"not_picked":["Burning Pact","Corruption"],"picked":"Iron Wave","floor":14},{"not_picked":["Double Tap","Bludgeon"],"picked":"Demon Form","floor":16},{"not_picked":["Clash","Flex","Thunderclap"],"picked":"SKIP","floor":18},{"not_picked":["Anger","Sever Soul"],"picked":"Metallicize","floor":30},{"not_picked":["Thunderclap+1","Headbutt","Clothesline"],"picked":"SKIP","floor":31},{"not_picked":["Double Tap","Demon Form"],"picked":"Immolate","floor":33},{"not_picked":["Headbutt","Uppercut+1","Anger+1"],"picked":"SKIP","floor":35},{"not_picked":["Pummel+1","Seeing Red+1"],"picked":"Shrug It Off","floor":36},{"not_picked":["Dual Wield","Pommel Strike+1"],"picked":"Fire Breathing+1","floor":38},{"not_picked":["Headbutt","Intimidate+1"],"picked":"Shrug It Off","floor":41}],"player_experience":84871,"relics_obtained":[{"floor":7,"key":"WingedGreaves"},{"floor":9,"key":"Kunai"},{"floor":11,"key":"Blood Vial"},{"floor":24,"key":"Necronomicon"},{"floor":26,"key":"Gremlin Horn"},{"floor":30,"key":"Red Skull"},{"floor":38,"key":"Torii"},{"floor":43,"key":"Bag of Marbles"},{"floor":46,"key":"Paper Frog"}],"event_choices":[{"damage_healed":0,"gold_gain":0,"player_choice":"Take Damage","damage_taken":20,"relics_obtained":["Golden Idol"],"max_hp_gain":0,"max_hp_loss":0,"event_name":"Golden Idol","floor":2,"gold_loss":0},{"cards_removed":["Strike_R"],"damage_healed":0,"gold_gain":0,"player_choice":"Offered Basic","damage_taken":0,"max_hp_gain":0,"max_hp_loss":0,"event_name":"Bonfire Elementals","floor":4,"gold_loss":0},{"damage_healed":0,"gold_gain":0,"cards_transformed":["Strike_R","Strike_R"],"player_choice":"Became Test Subject","damage_taken":0,"max_hp_gain":0,"max_hp_loss":0,"event_name":"Drug Dealer","floor":19,"gold_loss":0,"cards_obtained":["Carnage","Reaper"]},{"damage_healed":27,"gold_gain":0,"player_choice":"Heal","damage_taken":0,"max_hp_gain":0,"max_hp_loss":0,"event_name":"The Library","floor":21,"gold_loss":0},{"damage_healed":0,"gold_gain":0,"player_choice":"Paid Fearfully","damage_taken":0,"max_hp_gain":0,"max_hp_loss":0,"event_name":"Masked Bandits","floor":22,"gold_loss":202},{"damage_healed":0,"gold_gain":0,"player_choice":"Obtained Book","damage_taken":16,"max_hp_gain":0,"max_hp_loss":0,"event_name":"Cursed Tome","floor":24,"gold_loss":0},{"damage_healed":0,"gold_gain":0,"player_choice":"Became a vampire (Vial)","damage_taken":0,"max_hp_gain":0,"max_hp_loss":0,"event_name":"Vampires","floor":27,"relics_lost":["Blood Vial"],"gold_loss":0,"cards_obtained":["Bite","Bite","Bite","Bite","Bite"]},{"damage_healed":0,"gold_gain":0,"player_choice":"Fight","damage_taken":0,"max_hp_gain":0,"max_hp_loss":0,"event_name":"MindBloom","floor":38,"gold_loss":0},{"damage_healed":0,"gold_gain":333,"player_choice":"Gave Idol","damage_taken":0,"max_hp_gain":0,"max_hp_loss":0,"event_name":"The Moai Head","floor":45,"relics_lost":["Golden Idol"],"gold_loss":0},{"damage_healed":0,"gold_gain":0,"player_choice":"Paid","damage_taken":0,"relics_obtained":["Red Mask"],"max_hp_gain":0,"max_hp_loss":0,"event_name":"Tomb of Lord Red Mask","floor":47,"gold_loss":553}],"is_beta":false,"boss_relics":[{"not_picked":["Runic Pyramid","Coffee Dripper"],"picked":"White Beast Statue"},{"not_picked":["Black Star","Orrery"],"picked":"Sozu"}],"items_purged_floors":[],"is_endless":false,"potions_floor_spawned":[3,5,11,14,18,30,31,33,35,36,38,41],"killed_by":"Donu and Deca","ascension_level":7}