{"gold_per_floor":[11,27,27,27,44,44,9,9,32,45,62,62,76,94,94,94],"floor_reached":16,"playtime":558,"items_purged":[],"score":188,"play_id":"2871235a-0c4f-4ee9-a363-28627058a991","local_time":"20190228214202","is_ascension_mode":true,"campfire_choices":[{"data":"Neutralize","floor":6,"key":"SMITH"},{"data":"Noxious Fumes","floor":8,"key":"SMITH"},{"data":"Footwork","floor":15,"key":"SMITH"}],"neow_cost":"NO_GOLD","seed_source_timestamp":48989918122207,"circlet_count":0,"master_deck":["AscendersBane","Defend_G","Defend_G","Defend_G","Defend_G","Strike_G","Strike_G","Strike_G","Survivor","Neutralize+1","Backflip","Escape Plan+1","Noxious Fumes+1","Backflip","Footwork+1","Deflect"],"relics":["Ring of the Snake","Vajra"],"potions_floor_usage":[13,14,16],"damage_taken":[{"damage":7,"enemies":"Jaw Worm","floor":1,"turns":5},{"damage":4,"enemies":"Cultist","floor":2,"turns":4},{"damage":0,"enemies":"2 Louse","floor":5,"turns":3},{"damage":3,"enemies":"2 Fungi Beasts","floor":10,"turns":4},{"damage":8,"enemies":"Exordium Thugs","floor":11,"turns":5},{"damage":23,"enemies":"Gremlin Gang","floor":13,"turns":4},{"damage":6,"enemies":"Looter","floor":14,"turns":4},{"damage":31,"enemies":"Slime Boss","floor":16,"turns":12}],"seed_played":"8783658218291608491","potions_obtained":[{"floor":5,"key":"LiquidBronze"},{"floor":13,"key":"Poison Potion"},{"floor":14,"key":"Fruit Juice"}],"is_trial":false,"path_per_floor":["M","M","?","$","M","R","?","R","T","M","M","?","M","M","R","B"],"character_chosen":"THE_SILENT","items_purchased":[],"campfire_rested":0,"item_purchase_floors":[],"current_hp_per_floor":[52,48,48,48,48,48,64,64,64,61,53,53,30,29,29,0],"gold":94,"neow_bonus":"REMOVE_TWO","is_prod":false,"is_daily":false,"chose_seed":false,"campfire_upgraded":3,"win_rate":0,"timestamp":1551386522,"path_taken":["M","M","?","?","M","R","?","R","T","M","M","?","?","M","R","BOSS"],"build_version":"2019-01-23","purchased_purges":0,"victory":false,"max_hp_per_floor":[66,66,66,66,66,66,66,66,66,66,66,66,66,71,71,71],"card_choices":[{"not_picked":["Cloak And Dagger","Expertise"],"picked":"Backflip","floor":1},{"not_picked":["Setup","Crippling Poison"],"picked":"Escape Plan","floor":2},{"not_picked":["Blade Dance","Outmaneuver"],"picked":"Noxious Fumes","floor":5},{"not_picked":["Slice","Eviscerate"],"picked":"Backflip","floor":10},{"not_picked":["Sucker Punch","Quick Slash","Bane"],"picked":"SKIP","floor":11},{"not_picked":["Deflect","Sucker Punch"],"picked":"Footwork","floor":13},{"not_picked":["Backflip","Setup"],"picked":"Deflect","floor":14}],"player_experience":918592,"relics_obtained":[{"floor":9,"key":"Vajra"}],"event_choices":[{"cards_removed":["Strike_G"],"damage_healed":0,"gold_gain":0,"player_choice":"Offered Basic","damage_taken":0,"max_hp_gain":0,"max_hp_loss":0,"event_name":"Bonfire Elementals","floor":3,"gold_loss":0},{"damage_healed":16,"gold_gain":0,"player_choice":"Healed","damage_taken":0,"max_hp_gain":0,"max_hp_loss":0,"event_name":"The Cleric","floor":7,"gold_loss":35},{"damage_healed":0,"gold_gain":0,"player_choice":"Upgraded","damage_taken":0,"max_hp_gain":0,"max_hp_loss":0,"event_name":"Upgrade Shrine","floor":12,"gold_loss":0,"cards_upgraded":["Escape Plan"]}],"is_beta":false,"boss_relics":[],"items_purged_floors":[],"is_endless":false,"potions_floor_spawned":[5,13,14],"killed_by":"Slime Boss","ascension_level":20}