{"path_per_floor":["M","$","?","?","$","R","E","R","T","E","M","M","M","?","R","B",null,"M","$","?","M","M","R","M"],"character_chosen":"DEFECT","items_purchased":["Coolheaded","Letter Opener"],"gold_per_floor":[114,69,69,69,69,69,110,110,110,141,162,186,211,236,236,364,364,384,57,57,71,84,84,97,97],"floor_reached":25,"campfire_rested":0,"playtime":1691,"current_hp_per_floor":[75,75,80,60,60,60,60,60,60,60,60,60,57,46,46,32,80,80,80,80,80,58,58,52,0],"items_purged":["Defend_B"],"gold":97,"score":261,"play_id":"478253fd-795b-4acf-8f9f-cb98b90dc8a3","local_time":"20180501122116","is_prod":false,"is_daily":false,"chose_seed":false,"is_ascension_mode":false,"campfire_upgraded":4,"timestamp":1525170076,"path_taken":["M","$","?","?","$","R","E","R","T","E","?","M","M","?","R","BOSS","M","$","?","M","M","R","M","E"],"build_version":"2018-04-30","seed_source_timestamp":529366695615385,"purchased_purges":1,"victory":false,"master_deck":["Strike_B","Strike_B","Defend_B","Defend_B","Zap+1","Dualcast+1","Capacitor+1","Coolheaded","Rebound","Leap","Melter","Rebound","Barrage","Glacier","Seek","Reprogram+1","Beam Cell+1","Hologram+1","Impulse+1","Go for the Eyes","Cold Snap+1","Turbo+1"],"max_hp_per_floor":[75,75,80,80,80,80,80,80,80,80,80,80,80,80,80,80,80,80,80,80,80,80,80,80,80],"relics":["Cracked Core","NeowsBlessing","Golden Idol","Oddly Smooth Stone","Thread and Needle","Dead Branch","Odd Mushroom","Astrolabe","Letter Opener"],"card_choices":[{"not_picked":["Force Field","Sweeping Beam"],"picked":"Capacitor","floor":1.0},{"not_picked":["Axe Kick","Stack"],"picked":"Rebound","floor":7.0},{"not_picked":["Storm","Steam Power"],"picked":"Leap","floor":10.0},{"not_picked":["Turbo","Capacitor"],"picked":"Melter","floor":11.0},{"not_picked":["Meteor Strike","Axe Kick"],"picked":"Rebound","floor":12.0},{"not_picked":["Blizzard","Impulse"],"picked":"Barrage","floor":13.0},{"not_picked":["Leap","Flux Capacitor"],"picked":"Glacier","floor":14.0},{"not_picked":["Thunder Strike","All For One"],"picked":"Seek","floor":16.0},{"not_picked":["Storm","Hello World"],"picked":"Impulse","floor":18.0},{"not_picked":["Recycle","Coolheaded"],"picked":"Go for the Eyes","floor":21.0},{"not_picked":["Impulse","Echo Form"],"picked":"Cold Snap","floor":22},{"not_picked":["Cold Snap","Stack"],"picked":"Turbo","floor":24}],"player_experience":558281,"potions_floor_usage":[22],"damage_taken":[{"damage":0.0,"enemies":"Small Slimes","floor":1.0,"turns":1.0},{"damage":0.0,"enemies":"Gremlin Nob","floor":7.0,"turns":1.0},{"damage":0.0,"enemies":"3 Sentries","floor":10.0,"turns":1.0},{"damage":0.0,"enemies":"2 Louse","floor":11.0,"turns":2.0},{"damage":0.0,"enemies":"Cultist","floor":12.0,"turns":3.0},{"damage":3.0,"enemies":"Looter","floor":13.0,"turns":3.0},{"damage":11.0,"enemies":"The Mushroom Lair","floor":14.0,"turns":3.0},{"damage":14.0,"enemies":"Hexaghost","floor":16.0,"turns":12.0},{"damage":0.0,"enemies":"Chosen","floor":18.0,"turns":6.0},{"damage":0.0,"enemies":"3 Byrds","floor":21.0,"turns":5.0},{"damage":22,"enemies":"3 Cultists","floor":22,"turns":4},{"damage":6,"enemies":"Snake Plant","floor":24,"turns":7},{"damage":52,"enemies":"Book of Stabbing","floor":25,"turns":9}],"event_choices":[{"event_name":"Big Fish","player_choice":"Donut","floor":3.0,"damage_taken":0.0},{"event_name":"Golden Idol","player_choice":"Take Damage","floor":4.0,"damage_taken":0.0},{"event_name":"Mushrooms","player_choice":"Fought Mushrooms","floor":14.0,"damage_taken":0.0},{"event_name":"Wheel of Change","player_choice":"Full Heal","floor":20.0,"damage_taken":0.0}],"boss_relics":[],"potions_floor_spawned":[1,12,24],"seed_played":"-4195919897561530178","killed_by":"Book of Stabbing","ascension_level":0,"is_trial":false}