{"gold_per_floor":[114,114,127,142,142,142,167,53,53,103,135,135,35,52,52,123,123,141,141,191,201,220,220,9,9,9,9],"floor_reached":27,"playtime":979,"items_purged":["Strike_R","Strike_R"],"score":427,"play_id":"5c58b86c-bd67-4c4a-b82d-9ac735af899c","local_time":"20190224155458","is_ascension_mode":true,"campfire_choices":[{"data":"Bash","floor":6.0,"key":"SMITH"},{"data":"Seeing Red","floor":12.0,"key":"SMITH"},{"data":"Armaments","floor":15.0,"key":"SMITH"},{"floor":23,"key":"REST"},{"data":"Pommel Strike","floor":25,"key":"SMITH"}],"neow_cost":"NONE","seed_source_timestamp":1448177682655428,"circlet_count":0,"master_deck":["AscendersBane","Strike_R","Strike_R","Strike_R","Defend_R","Defend_R","Defend_R","Defend_R","Bash+1","Ghostly Armor","Cleave","Pommel Strike+1","Seeing Red+1","Fire Breathing","Armaments+1","Double Tap","Iron Wave","J.A.X.","Spot Weakness+1","Iron Wave"],"special_seed":0,"relics":["Burning Blood","NeowsBlessing","Pantograph","Centennial Puzzle","Omamori","Mark of Pain","ClockworkSouvenir","Kunai"],"potions_floor_usage":[21,22,22,27],"damage_taken":[{"damage":0.0,"enemies":"Jaw Worm","floor":1.0,"turns":1.0},{"damage":0.0,"enemies":"Cultist","floor":3.0,"turns":1.0},{"damage":0.0,"enemies":"2 Louse","floor":4.0,"turns":1.0},{"damage":27.0,"enemies":"Lagavulin","floor":7.0,"turns":7.0},{"damage":25.0,"enemies":"3 Sentries","floor":11.0,"turns":7.0},{"damage":9.0,"enemies":"2 Fungi Beasts","floor":14.0,"turns":3.0},{"damage":50.0,"enemies":"Slime Boss","floor":16.0,"turns":14.0},{"damage":24,"enemies":"Chosen","floor":18,"turns":6},{"damage":35,"enemies":"Shell Parasite","floor":21,"turns":7},{"damage":29,"enemies":"Snake Plant","floor":22,"turns":5},{"damage":36,"enemies":"Centurion and Healer","floor":27,"turns":6}],"seed_played":"4077070805789212346","potions_obtained":[{"floor":2.0,"key":"BloodPotion"},{"floor":2.0,"key":"Block Potion"},{"floor":14.0,"key":"SpeedPotion"},{"floor":16.0,"key":"Regen Potion"},{"floor":21,"key":"PowerPotion"},{"floor":22,"key":"Block Potion"}],"is_trial":false,"path_per_floor":["M","?","M","M","?","R","E","$","T","?","E","R","$","M","R","B",null,"M","?","?","M","M","R","$","R","T","M"],"character_chosen":"IRONCLAD","items_purchased":["Fire Breathing","ClockworkSouvenir"],"campfire_rested":1,"item_purchase_floors":[8,24],"current_hp_per_floor":[74,74,75,75,75,75,54,54,54,54,35,35,35,32,32,13,60,42,42,42,25,9,31,31,31,31,0],"gold":9,"neow_bonus":"THREE_ENEMY_KILL","is_prod":false,"is_daily":false,"chose_seed":false,"campfire_upgraded":4,"win_rate":0,"timestamp":1551020098,"path_taken":["M","?","M","?","?","R","E","$","T","?","E","R","$","?","R","BOSS","M","?","?","?","M","R","$","R","T","M"],"build_version":"2019-01-23","purchased_purges":2,"victory":false,"max_hp_per_floor":[75,75,75,75,75,75,75,75,75,75,75,75,75,75,75,75,75,75,75,75,75,75,75,75,75,75,75],"card_choices":[{"not_picked":["Perfected Strike","True Grit"],"picked":"Ghostly Armor","floor":1.0},{"not_picked":["Twin Strike","Heavy Blade"],"picked":"Cleave","floor":3.0},{"not_picked":["Body Slam","Feed"],"picked":"Pommel Strike","floor":4.0},{"not_picked":["Body Slam","Cleave"],"picked":"Seeing Red","floor":7.0},{"not_picked":["Limit Break","Anger","Wild Strike"],"picked":"SKIP","floor":11.0},{"not_picked":["Anger","Flex"],"picked":"Armaments","floor":14.0},{"not_picked":["Reaper","Bludgeon"],"picked":"Double Tap","floor":16.0},{"not_picked":["Havoc","Pommel Strike"],"picked":"Iron Wave","floor":18},{"not_picked":["Warcry","Anger+1"],"picked":"Spot Weakness+1","floor":21},{"not_picked":["Clothesline","Sword Boomerang"],"picked":"Iron Wave","floor":22}],"player_experience":889188,"relics_obtained":[{"floor":7.0,"key":"Pantograph"},{"floor":9.0,"key":"Centennial Puzzle"},{"floor":11.0,"key":"Omamori"},{"floor":26,"key":"Kunai"}],"event_choices":[{"damage_healed":0.0,"max_hp_gain":0.0,"max_hp_loss":0.0,"gold_gain":0.0,"event_name":"Lab","player_choice":"Got Potions","floor":2.0,"gold_loss":0.0,"damage_taken":0.0},{"damage_healed":0.0,"max_hp_gain":0.0,"max_hp_loss":0.0,"gold_gain":0.0,"event_name":"Shining Light","player_choice":"Ignored","floor":5.0,"gold_loss":0.0,"damage_taken":0.0},{"damage_healed":0.0,"max_hp_gain":0.0,"max_hp_loss":0.0,"gold_gain":50.0,"event_name":"Golden Shrine","player_choice":"Pray","floor":10.0,"gold_loss":0.0,"damage_taken":0.0},{"damage_healed":0,"gold_gain":0,"player_choice":"Obtain J.A.X.","damage_taken":0,"max_hp_gain":0,"max_hp_loss":0,"event_name":"Drug Dealer","floor":19,"gold_loss":0,"cards_obtained":["J.A.X."]},{"damage_healed":0,"gold_gain":50,"player_choice":"Pray","damage_taken":0,"max_hp_gain":0,"max_hp_loss":0,"event_name":"Golden Shrine","floor":20,"gold_loss":0}],"is_beta":false,"boss_relics":[{"not_picked":["Cursed Key","Eternal Feather"],"picked":"Mark of Pain"}],"items_purged_floors":[8,13],"is_endless":false,"potions_floor_spawned":[3,14,16,21,22],"killed_by":"Centurion and Healer","ascension_level":19}