{"gold_per_floor":[114,127,127,127,127,127,142,142,226,8,28,45,66,79,79,79],"floor_reached":16,"playtime":699,"items_purged":[],"score":184,"play_id":"27858724-57d5-4986-9eab-99d69d8fad14","local_time":"20190309170226","is_ascension_mode":true,"campfire_choices":[{"data":"Tactician","floor":6,"key":"SMITH"},{"data":"Acrobatics","floor":8,"key":"SMITH"},{"data":"Reflex","floor":15,"key":"SMITH"}],"neow_cost":"NONE","seed_source_timestamp":49839319995876,"circlet_count":0,"master_deck":["AscendersBane","Defend_G","Defend_G","Defend_G","Defend_G","Defend_G","Strike_G","Strike_G","Strike_G","Strike_G","Survivor","Neutralize+1","Tactician+1","Acrobatics+1","Flechettes","Reflex+1","Slice"],"special_seed":0,"relics":["Ring of the Snake","Tiny Chest","ClockworkSouvenir","Odd Mushroom"],"potions_floor_usage":[],"damage_taken":[{"damage":4.0,"enemies":"Small Slimes","floor":1.0,"turns":5.0},{"damage":6.0,"enemies":"Jaw Worm","floor":2.0,"turns":7.0},{"damage":0,"enemies":"Cultist","floor":7,"turns":4},{"damage":8,"enemies":"Lots of Slimes","floor":11,"turns":7},{"damage":4,"enemies":"Exordium Wildlife","floor":12,"turns":5},{"damage":4,"enemies":"The Mushroom Lair","floor":13,"turns":6},{"damage":11,"enemies":"Gremlin Gang","floor":14,"turns":7},{"damage":37,"enemies":"The Guardian","floor":16,"turns":8}],"seed_played":"2694267710335111578","potions_obtained":[{"floor":2.0,"key":"Strength Potion"},{"floor":7,"key":"LiquidBronze"},{"floor":13,"key":"Dexterity Potion"}],"is_trial":false,"path_per_floor":["M","M","?","?","?","R","M","R","T","$","M","M","?","M","R","B"],"character_chosen":"THE_SILENT","items_purchased":["ClockworkSouvenir"],"campfire_rested":0,"item_purchase_floors":[10],"current_hp_per_floor":[55,49,49,42,64,64,64,64,64,64,56,52,48,37,37,0],"gold":79,"neow_bonus":"UPGRADE_CARD","is_prod":false,"is_daily":false,"chose_seed":false,"campfire_upgraded":3,"win_rate":0,"timestamp":1552147346,"path_taken":["M","M","?","?","?","R","?","R","T","$","M","M","?","M","R","BOSS"],"build_version":"2019-01-23","purchased_purges":0,"victory":false,"max_hp_per_floor":[66,66,66,66,66,66,66,66,66,66,66,66,66,66,66,66],"card_choices":[{"not_picked":["Poisoned Stab","Endless Agony"],"picked":"Tactician","floor":1.0},{"not_picked":["Blur","Reflex"],"picked":"Acrobatics","floor":2.0},{"not_picked":["Dagger Throw","Dagger Spray"],"picked":"Flechettes","floor":7},{"not_picked":["Sucker Punch","Backstab","Underhanded Strike"],"picked":"SKIP","floor":11},{"not_picked":["Phantasmal Killer","Skewer","Outmaneuver"],"picked":"SKIP","floor":12},{"not_picked":["Endless Agony","Slice"],"picked":"Reflex","floor":13},{"not_picked":["Endless Agony","Caltrops"],"picked":"Slice","floor":14}],"player_experience":961345,"relics_obtained":[{"floor":9,"key":"Tiny Chest"},{"floor":13,"key":"Odd Mushroom"}],"event_choices":[{"damage_healed":0,"gold_gain":0,"player_choice":"Ignored","damage_taken":0,"max_hp_gain":0,"max_hp_loss":0,"event_name":"Shining Light","floor":3,"gold_loss":0},{"cards_removed":["Strike_G"],"damage_healed":0,"gold_gain":0,"player_choice":"Card Removal","damage_taken":7,"max_hp_gain":0,"max_hp_loss":0,"event_name":"Golden Wing","floor":4,"gold_loss":0},{"damage_healed":22,"gold_gain":0,"player_choice":"Banana","damage_taken":0,"max_hp_gain":0,"max_hp_loss":0,"event_name":"Big Fish","floor":5,"gold_loss":0},{"damage_healed":0,"gold_gain":0,"player_choice":"Fought Mushrooms","damage_taken":0,"max_hp_gain":0,"max_hp_loss":0,"event_name":"Mushrooms","floor":13,"gold_loss":0}],"is_beta":false,"boss_relics":[],"items_purged_floors":[],"is_endless":false,"potions_floor_spawned":[2,7,12,13],"killed_by":"The Guardian","ascension_level":20}