{"gold_per_floor":[119,44,44,56,71,71,71,96,120,155,80,80,80,92,92,167,167,186,203,203,60,75,75,75],"floor_reached":24,"playtime":1222,"items_purged":["Strike_R","Strike_R"],"score":398,"play_id":"d292e56e-0d6d-4e9d-aaf1-a8ff4228dfaa","local_time":"20190729222626","is_ascension_mode":true,"campfire_choices":[{"data":"Bash","floor":6.0,"key":"SMITH"},{"floor":12.0,"key":"REST"},{"data":"Fiend Fire","floor":15.0,"key":"SMITH"},{"floor":23,"key":"REST"}],"neow_cost":"NONE","seed_source_timestamp":174465613479946,"circlet_count":0,"master_deck":["AscendersBane","Strike_R+1","Strike_R+1","Defend_R","Defend_R","Defend_R","Defend_R+1","Bash+1","Fiend Fire+1","Burning Pact","Cleave+1","Flame Barrier","True Grit","Clothesline","Offering","Second Wind","Feel No Pain","Inflame","Sentinel"],"special_seed":0,"relics":["Burning Blood","Whetstone","Boot","Regal Pillow","Sozu","Champion Belt"],"potions_floor_usage":[],"damage_taken":[{"damage":9.0,"enemies":"Jaw Worm","floor":1.0,"turns":3.0},{"damage":7.0,"enemies":"Small Slimes","floor":4.0,"turns":3.0},{"damage":1.0,"enemies":"Cultist","floor":5.0,"turns":3.0},{"damage":32.0,"enemies":"Lagavulin","floor":8.0,"turns":5.0},{"damage":8.0,"enemies":"Gremlin Nob","floor":10.0,"turns":3.0},{"damage":14.0,"enemies":"Exordium Thugs","floor":14.0,"turns":3.0},{"damage":20.0,"enemies":"Slime Boss","floor":16.0,"turns":9.0},{"damage":6.0,"enemies":"Chosen","floor":18.0,"turns":3.0},{"damage":12.0,"enemies":"2 Thieves","floor":19.0,"turns":4.0},{"damage":55,"enemies":"Sentry and Sphere","floor":22,"turns":10},{"damage":51,"enemies":"Book of Stabbing","floor":24,"turns":7}],"seed_played":"6551326216607982362","potions_obtained":[{"floor":8.0,"key":"Strength Potion"},{"floor":10.0,"key":"Strength Potion"}],"is_trial":false,"path_per_floor":["M","?","$","M","M","R","?","E","T","E","$","R","$","M","R","B",null,"M","M","?","$","M","R","E"],"character_chosen":"IRONCLAD","items_purchased":["Inflame"],"campfire_rested":2,"item_purchase_floors":[21],"current_hp_per_floor":[65,65,65,64,69,69,46,20,20,18,18,55,55,47,47,33,65,65,59,59,59,10,47,0],"gold":75,"neow_bonus":"ONE_RANDOM_RARE_CARD","is_prod":false,"is_daily":false,"chose_seed":false,"campfire_upgraded":2,"win_rate":0,"timestamp":1564464386,"path_taken":["M","?","$","M","M","R","?","E","T","E","$","R","$","M","R","BOSS","M","M","?","$","M","R","E"],"build_version":"2019-07-18","purchased_purges":2,"victory":false,"max_hp_per_floor":[75,75,75,75,75,75,75,75,75,75,75,75,75,75,75,75,75,75,75,75,75,75,75,75],"card_choices":[{"not_picked":["Sword Boomerang","Anger"],"picked":"Burning Pact","floor":1.0},{"not_picked":["Warcry","Entrench"],"picked":"Cleave","floor":4.0},{"not_picked":["Intimidate","Hemokinesis"],"picked":"Flame Barrier","floor":5.0},{"not_picked":["Flex","Brutality"],"picked":"True Grit","floor":8.0},{"not_picked":["Wild Strike","Clash"],"picked":"Clothesline","floor":10.0},{"not_picked":["Wild Strike","Carnage"],"picked":"Feel No Pain","floor":14.0},{"not_picked":["Double Tap","Reaper"],"picked":"Offering","floor":16.0},{"not_picked":["Cleave","Havoc"],"picked":"Second Wind","floor":18.0},{"not_picked":["Dual Wield+1","Thunderclap"],"picked":"Feel No Pain","floor":19.0},{"not_picked":["Clash","True Grit"],"picked":"Sentinel","floor":22}],"player_experience":254054,"relics_obtained":[{"floor":8.0,"key":"Whetstone"},{"floor":9.0,"key":"Boot"},{"floor":10.0,"key":"Regal Pillow"}],"event_choices":[{"cards_removed":["Strike_R"],"damage_healed":0.0,"max_hp_gain":0.0,"max_hp_loss":0.0,"gold_gain":0.0,"event_name":"The Cleric","player_choice":"Card Removal","floor":2.0,"gold_loss":75.0,"damage_taken":0.0},{"damage_healed":0.0,"max_hp_gain":0.0,"max_hp_loss":0.0,"gold_gain":0.0,"event_name":"Shining Light","player_choice":"Entered Light","floor":7.0,"gold_loss":0.0,"damage_taken":23.0,"cards_upgraded":["Defend_R","Cleave"]},{"cards_removed":["Feel No Pain"],"damage_healed":0.0,"max_hp_gain":0.0,"max_hp_loss":0.0,"gold_gain":0.0,"event_name":"WeMeetAgain","player_choice":"Gave Card","floor":20.0,"gold_loss":0.0,"damage_taken":0.0,"relics_obtained":["Champion Belt"]}],"is_beta":true,"boss_relics":[{"not_picked":["Coffee Dripper","Astrolabe"],"picked":"Sozu"}],"items_purged_floors":[11,21],"is_endless":false,"potions_floor_spawned":[8,10,14,18],"killed_by":"Book of Stabbing","ascension_level":19}