{"path_per_floor":["M","$","M","?","M","R","$","R","T","M","?","R","M","M","R","B",null,"M"],"character_chosen":"THE_SILENT","items_purchased":["Infinite Blades"],"gold_per_floor":[115,43,58,58,72,72,72,72,72,87,87,87,107,124,124,219,219,231],"floor_reached":19,"campfire_rested":1,"playtime":1094,"current_hp_per_floor":[61,61,59,59,51,51,51,51,51,38,38,38,22,17,35,1,48,12],"items_purged":[],"gold":201,"score":254,"play_id":"f4a020df-b5f0-4f0f-a626-7b847b6a45f5","local_time":"20180319235255","is_prod":false,"is_daily":false,"is_ascension_mode":true,"campfire_upgraded":3,"timestamp":1521499975,"path_taken":["M","?","M","?","M","R","?","R","T","M","?","R","M","M","R","BOSS","M","M"],"build_version":"2018-03-15v3","purchased_purges":0,"victory":false,"master_deck":["Defend_G","Defend_G","Defend_G","Defend_G","Strike_G","Strike_G","Survivor","Neutralize+1","Parasite","Infinite Blades","Acrobatics","Bane","Cloak And Dagger+1","Cloak And Dagger+1","Wraith Form","Setup","Envenom","Deadly Poison+1","Infinite Blades+1","Dodge and Roll+1"],"max_hp_per_floor":[63,63,63,63,63,63,63,63,63,63,63,63,63,63,63,63,63,63],"relics":["Ring of the Snake","Calipers","Happy Flower","Astrolabe"],"card_choices":[{"not_picked":["Bane","Underhanded Strike"],"picked":"Acrobatics"},{"not_picked":["Caltrops","Dagger Throw"],"picked":"Cloak And Dagger"},{"not_picked":["Underhanded Strike","Sucker Punch"],"picked":"Cloak And Dagger"},{"not_picked":["Cloak And Dagger","Finisher"],"picked":"Setup"},{"not_picked":["A Thousand Cuts","Adrenaline"],"picked":"Envenom"}],"player_experience":429467,"potions_floor_usage":[14,16,18],"damage_taken":[{"damage":2.0,"enemies":"Cultist","floor":1.0,"turns":4.0},{"damage":2,"enemies":"Jaw Worm","floor":3,"turns":7},{"damage":8,"enemies":"Small Slimes","floor":5,"turns":5},{"damage":13,"enemies":"Exordium Wildlife","floor":10,"turns":4},{"damage":16,"enemies":"3 Louse","floor":13,"turns":5},{"damage":5,"enemies":"Red Slaver","floor":14,"turns":4},{"damage":46,"enemies":"Hexaghost","floor":16,"turns":15},{"damage":36,"enemies":"Spheric Guardian","floor":18,"turns":8},{"damage":8,"enemies":"2 Thieves","floor":19,"turns":2}],"event_choices":[{"event_name":"Transmorgrifier","player_choice":"Transform","floor":4,"damage_taken":0},{"event_name":"Match and Keep!","player_choice":"1 cards matched","floor":11,"damage_taken":0}],"boss_relics":[{"not_picked":["Philosopher\u0027s Stone","Ectoplasm"],"picked":"Astrolabe"}],"potions_floor_spawned":[1,14,16],"seed_played":"-1009782390360531928","killed_by":"2 Thieves","ascension_level":12,"is_trial":false}