{"gold_per_floor":[359,359,290,301,3,3,33,33,80,80,100,0,0,11,11,11],"floor_reached":16,"playtime":394,"items_purged":["Strike_B","Strike_B"],"score":108,"play_id":"debd5642-0d0e-46df-82e9-6b0a15de9eb1","local_time":"20190716232104","is_ascension_mode":true,"campfire_choices":[{"data":"Panache","floor":6,"key":"SMITH"},{"data":"Scrape","floor":8,"key":"SMITH"},{"floor":10,"key":"REST"},{"data":"Leap","floor":15,"key":"SMITH"}],"neow_cost":"TEN_PERCENT_HP_LOSS","seed_source_timestamp":449901138361765,"circlet_count":0,"master_deck":["Strike_B","Defend_B","Defend_B","Defend_B","Zap","Dualcast","Chaos","Leap+1","Panache+1","Scrape+1","Gash"],"relics":["Cracked Core","Dream Catcher","Lantern"],"potions_floor_usage":[],"damage_taken":[{"damage":4,"enemies":"Jaw Worm","floor":1,"turns":4},{"damage":0,"enemies":"Cultist","floor":4,"turns":4},{"damage":29,"enemies":"Gremlin Nob","floor":7,"turns":4},{"damage":0,"enemies":"2 Louse","floor":11,"turns":3},{"damage":17,"enemies":"2 Fungi Beasts","floor":14,"turns":4},{"damage":32,"enemies":"Slime Boss","floor":16,"turns":6}],"seed_played":"-3304696368125368146","potions_obtained":[{"floor":7,"key":"Ancient Potion"},{"floor":14,"key":"LiquidBronze"}],"is_trial":false,"path_per_floor":["M","?","?","M","$","R","E","R","T","R","M","$","?","M","R","B"],"character_chosen":"DEFECT","items_purchased":["Panache","Scrape"],"campfire_rested":1,"item_purchase_floors":[5,5],"current_hp_per_floor":[64,57,57,57,57,57,28,28,28,48,48,48,48,31,31,0],"gold":11,"neow_bonus":"TWO_FIFTY_GOLD","is_prod":false,"is_daily":false,"chose_seed":false,"campfire_upgraded":3,"win_rate":0,"timestamp":1563333664,"path_taken":["M","?","?","M","$","R","E","R","T","R","?","$","?","?","R","BOSS"],"build_version":"2019-07-05","purchased_purges":2,"victory":false,"max_hp_per_floor":[68,68,68,68,68,68,68,68,68,68,68,68,68,68,68,68],"card_choices":[{"not_picked":["Steam","Reprogram"],"picked":"Chaos","floor":1},{"not_picked":["Steam Power","Sweeping Beam"],"picked":"Leap","floor":4},{"not_picked":["Sweeping Beam","Consume","Heatsinks"],"picked":"SKIP","floor":7},{"not_picked":["Beam Cell","Doom and Gloom"],"picked":"Gash","floor":11},{"not_picked":["Conserve Battery","Steam Power","Meteor Strike"],"picked":"SKIP","floor":14}],"player_experience":184128,"relics_obtained":[{"floor":7,"key":"Lantern"}],"event_choices":[{"cards_removed":["Strike_B"],"damage_healed":0,"gold_gain":0,"player_choice":"Card Removal","damage_taken":7,"max_hp_gain":0,"max_hp_loss":0,"event_name":"Golden Wing","floor":2,"gold_loss":0},{"damage_healed":0,"gold_gain":0,"player_choice":"Paid Gold","damage_taken":0,"relics_obtained":["Dream Catcher"],"max_hp_gain":0,"max_hp_loss":0,"event_name":"WeMeetAgain","floor":3,"gold_loss":69},{"cards_removed":["Defend_B"],"damage_healed":0,"gold_gain":0,"player_choice":"Purged","damage_taken":0,"max_hp_gain":0,"max_hp_loss":0,"event_name":"Purifier","floor":13,"gold_loss":0}],"is_beta":false,"boss_relics":[],"items_purged_floors":[5,12],"is_endless":false,"potions_floor_spawned":[7,14],"killed_by":"Slime Boss","ascension_level":2}