{"gold_per_floor":[114,134,84,84,100,115,177,177,177,177,177],"floor_reached":11,"playtime":356,"items_purged":[],"score":84,"play_id":"04398a08-85b4-4607-a905-cd43e45bf7a1","local_time":"20190729162131","is_ascension_mode":true,"campfire_choices":[{"data":"Grand Finale","floor":8,"key":"SMITH"},{"floor":10,"key":"RECALL"}],"neow_cost":"TEN_PERCENT_HP_LOSS","seed_source_timestamp":1547974988827965,"circlet_count":0,"master_deck":["Strike_G","Strike_G","Strike_G","Strike_G","Defend_G","Defend_G","Defend_G","Defend_G","Defend_G","Survivor","Neutralize","Grand Finale+1"],"relics":["Ring of the Snake","Tiny Chest","Gremlin Horn"],"potions_floor_usage":[11],"damage_taken":[{"damage":0,"enemies":"Cultist","floor":1,"turns":4},{"damage":10,"enemies":"Small Slimes","floor":2,"turns":4},{"damage":0,"enemies":"2 Louse","floor":5,"turns":2},{"damage":6,"enemies":"2 Fungi Beasts","floor":6,"turns":5},{"damage":7,"enemies":"Gremlin Nob","floor":7,"turns":3},{"damage":24,"enemies":"Lagavulin","floor":11,"turns":11}],"seed_played":"-2458043789222749798","potions_obtained":[{"floor":1,"key":"Dexterity Potion"},{"floor":5,"key":"GamblersBrew"}],"is_trial":false,"path_per_floor":["M","M","?","?","M","M","E","R","T","R","E"],"character_chosen":"THE_SILENT","items_purchased":[],"campfire_rested":0,"item_purchase_floors":[],"current_hp_per_floor":[63,53,53,58,58,52,45,45,45,45,21],"gold":177,"neow_bonus":"THREE_RARE_CARDS","is_prod":false,"is_daily":false,"chose_seed":false,"campfire_upgraded":1,"win_rate":0,"timestamp":1564431691,"path_taken":["M","M","?","?","M","M","E","R","T","R","E"],"build_version":"2019-07-17","purchased_purges":0,"victory":false,"max_hp_per_floor":[63,63,63,68,68,68,68,68,68,68,68],"card_choices":[{"not_picked":["Storm of Steel","Tools of the Trade"],"picked":"Grand Finale","floor":0},{"not_picked":["Eviscerate","Choke","Flying Knee"],"picked":"SKIP","floor":1},{"not_picked":["Endless Agony","Dagger Throw","Sucker Punch"],"picked":"SKIP","floor":2},{"not_picked":["Backflip","Backstab","Terror"],"picked":"SKIP","floor":5},{"not_picked":["Poisoned Stab","Prepared","Deadly Poison"],"picked":"SKIP","floor":6},{"not_picked":["Backstab","Prepared","Dagger Spray"],"picked":"SKIP","floor":7}],"player_experience":205090,"relics_obtained":[{"floor":7,"key":"Tiny Chest"},{"floor":9,"key":"Gremlin Horn"}],"event_choices":[{"cards_removed":["Strike_G"],"damage_healed":0,"gold_gain":0,"player_choice":"Card Removal","damage_taken":0,"max_hp_gain":0,"max_hp_loss":0,"event_name":"The Cleric","floor":3,"gold_loss":50},{"damage_healed":0,"gold_gain":0,"player_choice":"Donut","damage_taken":0,"max_hp_gain":5,"max_hp_loss":0,"event_name":"Big Fish","floor":4,"gold_loss":0}],"is_beta":false,"boss_relics":[],"items_purged_floors":[],"is_endless":false,"potions_floor_spawned":[1,5],"killed_by":"Lagavulin","ascension_level":3}