{"gold_per_floor":[119,119,119,194,194,194,225,250,275,290,162,226,226,239,239,344,344,355,355,228,247,247,247,257,283,283,283,301,301,301,216,216,216],"floor_reached":33,"playtime":3687,"items_purged":["Strike_R","Perfected Strike+1"],"score":437,"play_id":"2c17837d-0383-498d-a4d2-fb1c3548190d","local_time":"20190723182853","is_ascension_mode":true,"campfire_choices":[{"data":"Perfected Strike","floor":6.0,"key":"SMITH"},{"data":"Whirlwind","floor":13.0,"key":"SMITH"},{"floor":15.0,"key":"REST"},{"data":"Double Tap","floor":23,"key":"SMITH"},{"data":"Double Tap","floor":27,"key":"SMITH"},{"data":"Corruption","floor":29,"key":"SMITH"},{"data":"Disarm","floor":32,"key":"SMITH"}],"neow_cost":"NONE","seed_source_timestamp":1091711065304399,"circlet_count":0,"master_deck":["Bash+1","Cleave","Headbutt","Whirlwind+1","Metallicize","Disarm+1","Reaper","Impervious","Hemokinesis","Double Tap+1","Body Slam","Evolve","Headbutt","Double Tap+1","Ghostly","Ghostly","Ghostly","Ghostly","Ghostly","Spot Weakness","Corruption+1","Flex+1"],"special_seed":0,"relics":["Burning Blood","NeowsBlessing","Art of War","Vajra","Juzu Bracelet","Smiling Mask","Orichalcum","Pandora\u0027s Box","Nilry\u0027s Codex","Molten Egg 2","Dream Catcher","Bag of Preparation"],"potions_floor_usage":[28,33],"damage_taken":[{"damage":0.0,"enemies":"2 Louse","floor":1.0,"turns":1.0},{"damage":0.0,"enemies":"Gremlin Nob","floor":7.0,"turns":1.0},{"damage":0.0,"enemies":"Small Slimes","floor":10.0,"turns":1.0},{"damage":28.0,"enemies":"Lagavulin Event","floor":12.0,"turns":4.0},{"damage":0.0,"enemies":"Jaw Worm","floor":14.0,"turns":3.0},{"damage":22.0,"enemies":"The Guardian","floor":16.0,"turns":10.0},{"damage":12,"enemies":"Chosen","floor":18,"turns":4},{"damage":1,"enemies":"2 Thieves","floor":21,"turns":4},{"damage":0,"enemies":"Snecko","floor":24,"turns":5},{"damage":7,"enemies":"Slavers","floor":25,"turns":3},{"damage":3,"enemies":"Cultist and Chosen","floor":28,"turns":4},{"damage":39,"enemies":"Champ","floor":33,"turns":9}],"seed_played":"-1824863452360635513","potions_obtained":[{"floor":10.0,"key":"Dexterity Potion"},{"floor":12.0,"key":"Weak Potion"},{"floor":21,"key":"SkillPotion"},{"floor":24,"key":"PowerPotion"}],"is_trial":false,"path_per_floor":["M","?","$","?","?","R","E","T","T","M","$","?","R","M","R","B",null,"M","?","$","M","?","R","M","E","T","R","M","R","?","?","R","B"],"character_chosen":"IRONCLAD","items_purchased":["Whirlwind","Spot Weakness"],"campfire_rested":1,"item_purchase_floors":[11,20],"current_hp_per_floor":[78,66,66,55,39,39,45,45,45,51,51,29,29,35,59,43,71,65,40,40,40,24,24,30,29,29,29,32,32,32,32,32,0],"gold":216,"neow_bonus":"THREE_ENEMY_KILL","is_prod":false,"is_daily":false,"chose_seed":false,"campfire_upgraded":6,"win_rate":0,"timestamp":1563931733,"path_taken":["M","?","$","?","?","R","E","?","T","M","?","?","R","M","R","BOSS","M","?","$","M","?","R","M","E","T","R","M","R","?","?","R","BOSS"],"build_version":"2019-07-18","purchased_purges":2,"victory":false,"max_hp_per_floor":[80,80,80,80,80,80,80,80,80,80,80,80,80,80,80,80,80,80,40,40,40,40,40,40,40,40,40,40,40,40,40,40,40],"card_choices":[{"not_picked":["Havoc","Fire Breathing"],"picked":"Perfected Strike","floor":1.0},{"not_picked":["Fiend Fire","Twin Strike"],"picked":"Cleave","floor":7.0},{"not_picked":["True Grit","Disarm"],"picked":"Headbutt","floor":10.0},{"not_picked":["Body Slam","Armaments"],"picked":"Metallicize","floor":12.0},{"not_picked":["Flex","Clothesline"],"picked":"Disarm","floor":14.0},{"not_picked":["Impervious","Bludgeon"],"picked":"Reaper","floor":16.0},{"not_picked":["Heavy Blade","Feel No Pain","Evolve"],"picked":"SKIP","floor":18},{"not_picked":["Wild Strike","Clash+1"],"picked":"Corruption","floor":21},{"not_picked":["Iron Wave","Wild Strike","Intimidate"],"picked":"SKIP","floor":24},{"not_picked":["Power Through","Fire Breathing"],"picked":"Flex+1","floor":25},{"not_picked":["Fire Breathing+1","Sever Soul+1","Spot Weakness"],"picked":"SKIP","floor":28}],"player_experience":144245,"relics_obtained":[{"floor":7.0,"key":"Vajra"},{"floor":8.0,"key":"Juzu Bracelet"},{"floor":9.0,"key":"Smiling Mask"},{"floor":22,"key":"Nilry\u0027s Codex"},{"floor":25,"key":"Molten Egg 2"},{"floor":26,"key":"Dream Catcher"}],"event_choices":[{"damage_healed":0.0,"max_hp_gain":0.0,"max_hp_loss":0.0,"gold_gain":0.0,"event_name":"Scrap Ooze","player_choice":"Success","floor":2.0,"gold_loss":0.0,"damage_taken":12.0,"relics_obtained":["Art of War"]},{"damage_healed":0.0,"max_hp_gain":0.0,"max_hp_loss":0.0,"gold_gain":75.0,"event_name":"World of Goop","player_choice":"Gather Gold","floor":4.0,"gold_loss":0.0,"damage_taken":11.0},{"damage_healed":0.0,"max_hp_gain":0.0,"max_hp_loss":0.0,"gold_gain":0.0,"event_name":"Shining Light","player_choice":"Entered Light","floor":5.0,"gold_loss":0.0,"damage_taken":16.0,"cards_upgraded":["Bash","Defend_R"]},{"damage_healed":0.0,"max_hp_gain":0.0,"max_hp_loss":0.0,"gold_gain":0.0,"event_name":"Dead Adventurer","player_choice":"Searched \u00272\u0027 times","floor":12.0,"gold_loss":0.0,"damage_taken":0.0,"relics_obtained":["Orichalcum"]},{"damage_healed":0,"gold_gain":0,"player_choice":"Became a Ghost","damage_taken":0,"max_hp_gain":0,"max_hp_loss":40,"event_name":"Ghosts","floor":19,"gold_loss":0,"cards_obtained":["Ghostly","Ghostly","Ghostly","Ghostly","Ghostly"]},{"damage_healed":0,"gold_gain":0,"player_choice":"Obtained Book","damage_taken":16,"max_hp_gain":0,"max_hp_loss":0,"event_name":"Cursed Tome","floor":22,"gold_loss":0},{"cards_removed":["Dropkick"],"damage_healed":0,"gold_gain":0,"player_choice":"Elegance","damage_taken":0,"max_hp_gain":0,"max_hp_loss":0,"event_name":"Back to Basics","floor":30,"gold_loss":0},{"damage_healed":0,"gold_gain":0,"player_choice":"Obtained Relic","damage_taken":0,"relics_obtained":["Bag of Preparation"],"max_hp_gain":0,"max_hp_loss":0,"event_name":"Addict","floor":31,"gold_loss":85}],"is_beta":true,"boss_relics":[{"not_picked":["Runic Pyramid","Black Star"],"picked":"Pandora\u0027s Box"}],"items_purged_floors":[11,20],"is_endless":false,"potions_floor_spawned":[10,12,21,24],"killed_by":"Champ","ascension_level":9}