{"gold_per_floor":[112,112,127,147,160,193,207,207,207,242,112,127,127,127,127,201,201,217,230,130,130],"floor_reached":21,"playtime":832,"items_purged":["Strike_B","Strike_B"],"score":382,"play_id":"228bb0b2-fad5-4931-8286-b8bbef6cee11","local_time":"20190731221518","is_ascension_mode":true,"campfire_choices":[{"data":"Go for the Eyes","floor":8.0,"key":"SMITH"},{"floor":13.0,"key":"REST"},{"data":"Gash","floor":15.0,"key":"SMITH"}],"neow_cost":"NONE","seed_source_timestamp":0,"circlet_count":0,"master_deck":["AscendersBane","Strike_B","Strike_B","Defend_B","Defend_B","Defend_B","Defend_B","Zap+1","Dualcast","All For One","Turbo","BootSequence","Conserve Battery","Capacitor","Go for the Eyes+1","Beam Cell","Core Surge","Gash+1","White Noise","Creative AI","Gash","Self Repair"],"special_seed":0,"relics":["Cracked Core","Question Card","Darkstone Periapt","Eternal Feather"],"potions_floor_usage":[],"damage_taken":[{"damage":6.0,"enemies":"2 Louse","floor":1.0,"turns":3.0},{"damage":1.0,"enemies":"Cultist","floor":3.0,"turns":3.0},{"damage":0.0,"enemies":"Small Slimes","floor":4.0,"turns":3.0},{"damage":8.0,"enemies":"Blue Slaver","floor":5.0,"turns":3.0},{"damage":20.0,"enemies":"Lagavulin","floor":6.0,"turns":7.0},{"damage":2.0,"enemies":"Exordium Wildlife","floor":7.0,"turns":6.0},{"damage":20.0,"enemies":"3 Sentries","floor":10.0,"turns":8.0},{"damage":3.0,"enemies":"Looter","floor":12.0,"turns":3.0},{"damage":17.0,"enemies":"Hexaghost","floor":16.0,"turns":9.0},{"damage":28.0,"enemies":"Spheric Guardian","floor":18.0,"turns":4.0},{"damage":18,"enemies":"Chosen","floor":19,"turns":5},{"damage":14,"enemies":"Shelled Parasite and Fungi","floor":21,"turns":2}],"seed_played":"-110766642677465451","potions_obtained":[{"floor":1.0,"key":"SteroidPotion"},{"floor":4.0,"key":"PowerPotion"},{"floor":6.0,"key":"Swift Potion"},{"floor":12.0,"key":"SkillPotion"},{"floor":14.0,"key":"FearPotion"}],"is_trial":false,"path_per_floor":["M","?","M","M","M","E","M","R","T","E","$","M","R","?","R","B",null,"M","M","$","M"],"character_chosen":"DEFECT","items_purchased":["Gash"],"campfire_rested":1,"item_purchase_floors":[11],"current_hp_per_floor":[58,58,57,57,49,29,27,27,27,7,7,4,25,25,25,8,55,27,9,9,0],"gold":130,"neow_bonus":"ONE_RANDOM_RARE_CARD","is_prod":false,"is_daily":false,"chose_seed":false,"campfire_upgraded":2,"win_rate":0,"timestamp":1564578918,"path_taken":["M","?","M","M","M","E","M","R","T","E","?","M","R","?","R","BOSS","M","M","$","M"],"build_version":"2019-07-17","purchased_purges":2,"victory":false,"max_hp_per_floor":[71,71,71,71,71,71,71,71,71,71,71,71,71,71,71,71,71,71,71,71,71],"card_choices":[{"not_picked":["Stack","Force Field"],"picked":"Turbo","floor":1.0},{"not_picked":["Leap","Darkness"],"picked":"BootSequence","floor":3.0},{"not_picked":["Hologram","Hello World"],"picked":"Conserve Battery","floor":4.0},{"not_picked":["Conserve Battery","Fusion"],"picked":"Capacitor","floor":5.0},{"not_picked":["Beam Cell","Genetic Algorithm"],"picked":"Go for the Eyes","floor":6.0},{"not_picked":["Redo","Recycle","Ball Lightning"],"picked":"Beam Cell","floor":7.0},{"not_picked":["Coolheaded","Turbo","Cold Snap"],"picked":"Core Surge","floor":10.0},{"not_picked":["Compile Driver","Redo","Ball Lightning"],"picked":"White Noise","floor":12.0},{"not_picked":["Echo Form","Core Surge","Meteor Strike"],"picked":"Creative AI","floor":16.0},{"not_picked":["Barrage+1","Coolheaded","Leap"],"picked":"Gash","floor":18},{"not_picked":["Consume","Sweeping Beam+1","Beam Cell"],"picked":"Self Repair","floor":19}],"player_experience":1045350,"relics_obtained":[{"floor":6.0,"key":"Question Card"},{"floor":10.0,"key":"Darkstone Periapt"}],"event_choices":[{"damage_healed":0.0,"max_hp_gain":0.0,"max_hp_loss":0.0,"gold_gain":0.0,"event_name":"Upgrade Shrine","player_choice":"Upgraded","floor":2.0,"gold_loss":0.0,"damage_taken":0.0,"cards_upgraded":["Zap"]},{"damage_healed":0.0,"max_hp_gain":0.0,"max_hp_loss":0.0,"gold_gain":0.0,"event_name":"Lab","player_choice":"Got Potions","floor":14.0,"gold_loss":0.0,"damage_taken":0.0}],"is_beta":false,"boss_relics":[{"not_picked":["Velvet Choker","Runic Dome"],"picked":"Eternal Feather"}],"items_purged_floors":[11,20],"is_endless":false,"potions_floor_spawned":[1,4,6,12],"killed_by":"Shelled Parasite and Fungi","ascension_level":20}