{"gold_per_floor":[12,12,24,24,24,52,52,52,52,64,64],"floor_reached":11,"playtime":611,"items_purged":[],"score":71,"play_id":"78d11e99-f83e-46b6-a70f-92864c4ce278","local_time":"20190630011024","is_ascension_mode":false,"campfire_choices":[{"data":"Seek","floor":7,"key":"SMITH"}],"neow_cost":"NO_GOLD","seed_source_timestamp":1410102200621410,"circlet_count":0,"master_deck":["Strike_B","Strike_B","Strike_B","Strike_B","Defend_B","Zap","Dualcast","Seek+1","Auto Shields","Sweeping Beam","Leap","Core Surge","Genetic Algorithm"],"relics":["Cracked Core","Frozen Egg 2","Matryoshka","Darkstone Periapt","Gremlin Horn","Mummified Hand","Anchor"],"potions_floor_usage":[],"damage_taken":[{"damage":0,"enemies":"Cultist","floor":1,"turns":4},{"damage":5,"enemies":"2 Louse","floor":3,"turns":3},{"damage":33,"enemies":"Gremlin Nob","floor":6,"turns":5},{"damage":0,"enemies":"Small Slimes","floor":10,"turns":2},{"damage":38,"enemies":"Lagavulin","floor":11,"turns":7}],"seed_played":"-5988570444525166126","potions_obtained":[],"is_trial":false,"path_per_floor":["M","T","M","?","?","E","R","T","T","M","E"],"character_chosen":"DEFECT","items_purchased":[],"campfire_rested":0,"item_purchase_floors":[],"current_hp_per_floor":[75,75,70,70,63,30,30,30,30,30,0],"gold":64,"neow_bonus":"TRANSFORM_TWO_CARDS","is_prod":false,"is_daily":false,"chose_seed":false,"campfire_upgraded":1,"win_rate":0.0,"timestamp":1561871424,"path_taken":["M","?","M","?","?","E","R","?","T","?","E"],"build_version":"2019-01-23","purchased_purges":0,"victory":false,"max_hp_per_floor":[75,75,75,75,75,75,75,75,75,75,75],"card_choices":[{"not_picked":["Go for the Eyes","Turbo"],"picked":"Sweeping Beam","floor":1},{"not_picked":["Steam","Turbo"],"picked":"Leap","floor":3},{"not_picked":["Lockon","Rebound"],"picked":"Core Surge","floor":6},{"not_picked":["FTL","Gash"],"picked":"Genetic Algorithm","floor":10}],"player_experience":31986,"relics_obtained":[{"floor":2,"key":"Frozen Egg 2"},{"floor":6,"key":"Matryoshka"},{"floor":8,"key":"Darkstone Periapt"},{"floor":8,"key":"Gremlin Horn"},{"floor":9,"key":"Mummified Hand"},{"floor":9,"key":"Anchor"}],"event_choices":[{"damage_healed":0,"gold_gain":0,"player_choice":"Leave","damage_taken":0,"max_hp_gain":0,"max_hp_loss":0,"event_name":"The Cleric","floor":4,"gold_loss":0},{"cards_removed":["Defend_B"],"damage_healed":0,"gold_gain":0,"player_choice":"Card Removal","damage_taken":7,"max_hp_gain":0,"max_hp_loss":0,"event_name":"Golden Wing","floor":5,"gold_loss":0}],"is_beta":false,"boss_relics":[],"items_purged_floors":[],"is_endless":false,"potions_floor_spawned":[],"killed_by":"Lagavulin","ascension_level":0}