{"gold_per_floor":[10,20,36,50,63,63,92,92,92,103,133,145,145,158,158,158],"floor_reached":16,"playtime":648,"items_purged":[],"score":282,"play_id":"3b93ee4b-47a3-4de1-83c8-ae0a9b9b7b5f","local_time":"20190723220332","is_ascension_mode":true,"campfire_choices":[{"data":"Fiend Fire","floor":6.0,"key":"SMITH"},{"data":"True Grit","floor":8.0,"key":"SMITH"},{"data":"Body Slam","floor":15,"key":"SMITH"}],"neow_cost":"NO_GOLD","seed_source_timestamp":366060773148768,"circlet_count":0,"master_deck":["AscendersBane","Strike_R","Strike_R","Strike_R","Strike_R","Defend_R","Defend_R","Defend_R","Bash","Pommel Strike","Body Slam+1","Wild Strike","Fiend Fire+1","True Grit+1","Headbutt","Feel No Pain","Warcry","Reaper","Dual Wield"],"special_seed":0,"relics":["Burning Blood","Pocketwatch","Bag of Marbles","Ancient Tea Set","Singing Bowl"],"potions_floor_usage":[],"damage_taken":[{"damage":1.0,"enemies":"Cultist","floor":1.0,"turns":3.0},{"damage":3.0,"enemies":"2 Louse","floor":2.0,"turns":3.0},{"damage":12.0,"enemies":"Jaw Worm","floor":3.0,"turns":2.0},{"damage":9.0,"enemies":"Blue Slaver","floor":4.0,"turns":3.0},{"damage":4.0,"enemies":"2 Fungi Beasts","floor":5.0,"turns":3.0},{"damage":18.0,"enemies":"Lagavulin","floor":7.0,"turns":5.0},{"damage":6.0,"enemies":"Large Slime","floor":10.0,"turns":3.0},{"damage":0.0,"enemies":"Gremlin Nob","floor":11.0,"turns":2.0},{"damage":6,"enemies":"Looter","floor":12,"turns":4},{"damage":18,"enemies":"Gremlin Gang","floor":14,"turns":5},{"damage":72,"enemies":"The Guardian","floor":16,"turns":11}],"seed_played":"8434990158788747320","potions_obtained":[{"floor":5.0,"key":"EssenceOfSteel"},{"floor":10.0,"key":"SpeedPotion"},{"floor":14,"key":"EssenceOfSteel"}],"is_trial":false,"path_per_floor":["M","M","M","M","M","R","E","R","T","M","E","M","?","M","R","B"],"character_chosen":"IRONCLAD","items_purchased":[],"campfire_rested":0,"item_purchase_floors":[],"current_hp_per_floor":[73,75,69,66,68,68,56,56,56,56,62,68,68,64,64,0],"gold":158,"neow_bonus":"TRANSFORM_TWO_CARDS","is_prod":false,"is_daily":false,"chose_seed":false,"campfire_upgraded":3,"win_rate":0,"timestamp":1563887012,"path_taken":["M","M","M","M","M","R","E","R","T","M","E","?","?","M","R","BOSS"],"build_version":"2019-07-17","purchased_purges":0,"victory":false,"max_hp_per_floor":[75,75,75,75,75,75,75,75,75,75,75,75,75,77,77,77],"card_choices":[{"not_picked":["Pommel Strike","Havoc"],"picked":"Wild Strike","floor":1.0},{"not_picked":["Body Slam","Dual Wield"],"picked":"Fiend Fire","floor":2.0},{"not_picked":["Blood for Blood","Perfected Strike"],"picked":"True Grit","floor":3.0},{"not_picked":["True Grit","Intimidate"],"picked":"Headbutt","floor":4.0},{"not_picked":["Wild Strike","Twin Strike"],"picked":"Feel No Pain","floor":5.0},{"not_picked":["Bloodletting","Perfected Strike"],"picked":"Warcry","floor":7.0},{"not_picked":["Shockwave","Rage"],"picked":"Reaper","floor":10.0},{"not_picked":["Rupture","Fiend Fire"],"picked":"Dual Wield","floor":11.0},{"not_picked":["Wild Strike","Sever Soul","Whirlwind"],"picked":"SKIP","floor":12},{"not_picked":["Wild Strike","Sever Soul","Whirlwind"],"picked":"SKIP","floor":12},{"not_picked":["Wild Strike","Sever Soul","Whirlwind"],"picked":"SKIP","floor":12},{"not_picked":["Wild Strike","Sever Soul","Whirlwind"],"picked":"SKIP","floor":12},{"not_picked":["Wild Strike","Sever Soul","Whirlwind"],"picked":"SKIP","floor":12},{"not_picked":["Havoc","Headbutt","Rage"],"picked":"Singing Bowl","floor":14}],"player_experience":1009799,"relics_obtained":[{"floor":7.0,"key":"Pocketwatch"},{"floor":9.0,"key":"Bag of Marbles"},{"floor":11.0,"key":"Ancient Tea Set"}],"event_choices":[{"damage_healed":0,"gold_gain":0,"player_choice":"Gave Potion","damage_taken":0,"relics_obtained":["Singing Bowl"],"max_hp_gain":0,"max_hp_loss":0,"event_name":"WeMeetAgain","floor":13,"gold_loss":0}],"is_beta":false,"boss_relics":[],"items_purged_floors":[],"is_endless":false,"potions_floor_spawned":[5,10,11,12,14],"killed_by":"The Guardian","ascension_level":20}