{"gold_per_floor":[113,124,124,124,143,143,143,171,195,208,219,4,4,22,22,98,98,108,88,107,107],"floor_reached":21,"playtime":2273,"items_purged":[],"score":320,"play_id":"f08fb8e7-6931-4208-a684-433cd4d4b0c0","local_time":"20190729111546","is_ascension_mode":true,"campfire_choices":[{"data":"Conserve Battery","floor":6,"key":"SMITH"},{"data":"Genetic Algorithm","floor":13,"key":"SMITH"},{"data":"Genetic Algorithm","floor":15,"key":"SMITH"}],"neow_cost":"NONE","seed_source_timestamp":343588972607000,"circlet_count":0,"master_deck":["AscendersBane","Strike_B","Strike_B","Defend_B","Defend_B","Defend_B","Zap","Dualcast+1","FTL","Rebound","Hello World","Conserve Battery+1","Genetic Algorithm+1","Doom and Gloom","Conserve Battery","Genetic Algorithm+1","Seek","Genetic Algorithm+1","Rip and Tear","Conserve Battery+1"],"relics":["Cracked Core","Blood Vial","Lantern","Oddly Smooth Stone"],"potions_floor_usage":[2,8,16],"damage_taken":[{"damage":1,"enemies":"Cultist","floor":1,"turns":4},{"damage":0,"enemies":"Jaw Worm","floor":2,"turns":2},{"damage":0,"enemies":"2 Louse","floor":5,"turns":2},{"damage":10,"enemies":"Lagavulin","floor":8,"turns":7},{"damage":13,"enemies":"Gremlin Gang","floor":10,"turns":6},{"damage":0,"enemies":"Large Slime","floor":11,"turns":4},{"damage":0,"enemies":"Blue Slaver","floor":14,"turns":4},{"damage":6,"enemies":"Hexaghost","floor":16,"turns":9},{"damage":38,"enemies":"3 Byrds","floor":18,"turns":3},{"damage":5,"enemies":"2 Thieves","floor":19,"turns":4},{"damage":13,"enemies":"Chosen and Byrds","floor":20,"turns":5},{"damage":20,"enemies":"3 Cultists","floor":21,"turns":4}],"seed_played":"9114038598954633290","potions_obtained":[{"floor":1,"key":"Block Potion"},{"floor":5,"key":"SpeedPotion"},{"floor":10,"key":"Block Potion"}],"is_trial":false,"path_per_floor":["M","M","?","?","M","R","?","E","T","M","M","$","R","M","R","B",null,"M","M","M","M"],"character_chosen":"DEFECT","items_purchased":["Oddly Smooth Stone","Genetic Algorithm"],"campfire_rested":0,"item_purchase_floors":[12,12],"current_hp_per_floor":[63,63,56,56,56,56,56,46,46,35,37,37,37,39,39,35,62,26,23,12,0],"gold":107,"neow_bonus":"UPGRADE_CARD","is_prod":false,"is_daily":false,"chose_seed":false,"campfire_upgraded":3,"win_rate":0,"timestamp":1564391746,"path_taken":["M","M","?","?","M","R","?","E","T","?","M","$","R","M","R","BOSS","M","M","M","M"],"build_version":"2019-07-17","purchased_purges":0,"victory":false,"max_hp_per_floor":[71,71,71,71,71,71,71,71,71,71,71,71,71,71,71,71,71,71,71,71,71],"card_choices":[{"not_picked":["Chill","BootSequence"],"picked":"FTL","floor":1},{"not_picked":["Coolheaded","Hologram"],"picked":"Rebound","floor":2},{"not_picked":["Stack","FTL"],"picked":"Conserve Battery","floor":5},{"not_picked":["Streamline","Go for the Eyes"],"picked":"Genetic Algorithm","floor":8},{"not_picked":["Turbo","Go for the Eyes"],"picked":"Doom and Gloom","floor":10},{"not_picked":["Blizzard","Stack"],"picked":"Conserve Battery","floor":11},{"not_picked":["Capacitor","Aggregate","Turbo"],"picked":"SKIP","floor":14},{"not_picked":["Thunder Strike","Amplify"],"picked":"Seek","floor":16},{"not_picked":["Redo","Storm"],"picked":"Genetic Algorithm+1","floor":18},{"not_picked":["Sweeping Beam+1","Steam"],"picked":"Rip and Tear","floor":19},{"not_picked":["Static Discharge","Rip and Tear"],"picked":"Conserve Battery+1","floor":20}],"player_experience":906248,"relics_obtained":[{"floor":8,"key":"Blood Vial"},{"floor":9,"key":"Lantern"}],"event_choices":[{"cards_removed":["Strike_B"],"damage_healed":0,"gold_gain":0,"player_choice":"Card Removal","damage_taken":7,"max_hp_gain":0,"max_hp_loss":0,"event_name":"Golden Wing","floor":3,"gold_loss":0},{"damage_healed":0,"gold_gain":0,"cards_transformed":["Strike_B"],"player_choice":"Change","damage_taken":0,"max_hp_gain":0,"max_hp_loss":0,"event_name":"Living Wall","floor":4,"gold_loss":0,"cards_obtained":["Hello World"]},{"cards_removed":["Defend_B"],"damage_healed":0,"gold_gain":0,"player_choice":"Purged","damage_taken":0,"max_hp_gain":0,"max_hp_loss":0,"event_name":"Purifier","floor":7,"gold_loss":0}],"is_beta":false,"boss_relics":[{"not_picked":["Snecko Eye","Ectoplasm","Velvet Choker"]}],"items_purged_floors":[],"is_endless":false,"potions_floor_spawned":[1,5,10],"killed_by":"3 Cultists","ascension_level":15}