{"gold_per_floor":[15,15,32,48,64,64,99,112,135,135,154,154,154,167,167,270,270,282,292,312,1,12,43,43,57,84,184,196,228,247,261,261,363,363,380,272,272,15,32,32,32,42,67,67,67,84,94,126,126,126,126,126,1,30,30],"floor_reached":56,"playtime":2312,"items_purged":["Strike_R","Strike_R","Strike_R"],"score":1318,"play_id":"283addb1-7fd7-46b6-97cc-7758c7d31c67","local_time":"20190729210524","is_ascension_mode":true,"campfire_choices":[{"data":"Inflame","floor":6,"key":"SMITH"},{"data":"Armaments","floor":10,"key":"SMITH"},{"data":"Anger","floor":12,"key":"SMITH"},{"data":"Intimidate","floor":15,"key":"SMITH"},{"floor":24,"key":"RECALL"},{"floor":32,"key":"REST"}],"neow_cost":"NO_GOLD","seed_source_timestamp":454417990092695,"circlet_count":0,"master_deck":["Strike_R","Defend_R","Defend_R+1","Defend_R","Defend_R","Bash+1","Reaper+1","Twin Strike","Inflame+1","Disarm","Cleave+1","Shrug It Off","Armaments+1","Anger+1","Intimidate+1","Demon Form","Inflame+1","Thunderclap+1","Clothesline+1","Burning Pact","Heavy Blade","Dual Wield","Uppercut","Reaper","Flex+1","True Grit+1","Limit Break","Sword Boomerang+1","Battle Trance","Rampage+1","True Grit+1","Sword Boomerang+1","Heavy Blade+1","Pummel+1"],"relics":["Burning Blood","Self Forming Clay","Oddly Smooth Stone","Fusion Hammer","Kunai","Whetstone","Regal Pillow","Unceasing Top","Bottled Tornado","Bronze Scales","Coffee Dripper","War Paint","Turnip","Orichalcum"],"potions_floor_usage":[14,18,18,18,19,23,42,55,55,55],"damage_taken":[{"damage":5,"enemies":"Cultist","floor":1,"turns":5},{"damage":0,"enemies":"Small Slimes","floor":3,"turns":3},{"damage":8,"enemies":"Jaw Worm","floor":4,"turns":4},{"damage":5,"enemies":"2 Fungi Beasts","floor":5,"turns":3},{"damage":27,"enemies":"Lagavulin","floor":7,"turns":7},{"damage":8,"enemies":"Red Slaver","floor":8,"turns":5},{"damage":8,"enemies":"Blue Slaver","floor":11,"turns":6},{"damage":12,"enemies":"Exordium Thugs","floor":14,"turns":4},{"damage":50,"enemies":"Hexaghost","floor":16,"turns":9},{"damage":3,"enemies":"2 Thieves","floor":18,"turns":3},{"damage":10,"enemies":"Shell Parasite","floor":19,"turns":5},{"damage":27,"enemies":"Shelled Parasite and Fungi","floor":20,"turns":5},{"damage":10,"enemies":"Centurion and Healer","floor":22,"turns":5},{"damage":20,"enemies":"Gremlin Leader","floor":23,"turns":6},{"damage":32,"enemies":"Snake Plant","floor":25,"turns":3},{"damage":27,"enemies":"Colosseum Slavers","floor":27,"turns":6},{"damage":49,"enemies":"Colosseum Nobs","floor":27,"turns":6},{"damage":22,"enemies":"3 Cultists","floor":28,"turns":5},{"damage":23,"enemies":"Book of Stabbing","floor":29,"turns":7},{"damage":7,"enemies":"Centurion and Healer","floor":30,"turns":5},{"damage":27,"enemies":"Cultist and Chosen","floor":31,"turns":5},{"damage":67,"enemies":"Collector","floor":33,"turns":9},{"damage":35,"enemies":"3 Darklings","floor":35,"turns":6},{"damage":35,"enemies":"3 Shapes","floor":39,"turns":5},{"damage":59,"enemies":"Transient","floor":42,"turns":5},{"damage":23,"enemies":"3 Darklings","floor":46,"turns":4},{"damage":30,"enemies":"Writhing Mass","floor":47,"turns":4},{"damage":33,"enemies":"Giant Head","floor":48,"turns":7},{"damage":85,"enemies":"Donu and Deca","floor":50,"turns":9},{"damage":75,"enemies":"Shield and Spear","floor":54,"turns":5},{"damage":132,"enemies":"The Heart","floor":55,"turns":9}],"seed_played":"1918866541013786003","potions_obtained":[{"floor":3,"key":"Strength Potion"},{"floor":7,"key":"Strength Potion"},{"floor":11,"key":"Swift Potion"},{"floor":14,"key":"Dexterity Potion"},{"floor":18,"key":"PowerPotion"},{"floor":19,"key":"Ancient Potion"},{"floor":22,"key":"Block Potion"},{"floor":28,"key":"Dexterity Potion"},{"floor":35,"key":"PowerPotion"},{"floor":48,"key":"SpeedPotion"}],"is_trial":false,"path_per_floor":["M","?","M","M","M","R","E","M","T","R","M","R","?","M","R","B",null,"M","M","M","$","M","E","R","M","T","?","M","E","M","M","R","B",null,"M","$","?","$","M","R","?","M","T","$","R","M","M","E","R","B",null,"R","$","E","B",null],"character_chosen":"IRONCLAD","items_purchased":["Kunai","Burning Pact","Battle Trance","War Paint"],"campfire_rested":1,"item_purchase_floors":[21,21,36,38],"current_hp_per_floor":[80,80,80,78,79,79,66,72,72,72,76,76,76,76,76,32,80,80,80,59,59,80,80,80,54,54,20,34,17,44,34,73,68,80,80,80,76,76,71,71,71,35,35,35,35,76,52,58,58,34,76,76,76,70,23],"gold":30,"neow_bonus":"THREE_RARE_CARDS","is_prod":false,"is_daily":false,"chose_seed":false,"campfire_upgraded":4,"win_rate":0,"timestamp":1564452324,"path_taken":["M","?","M","M","?","R","E","M","T","R","M","R","?","?","R","BOSS","M","M","?","$","M","E","R","M","T","?","M","E","M","M","R","BOSS","M","$","?","$","M","R","?","M","T","$","R","M","M","E","R","BOSS","R","$","E","BOSS"],"build_version":"2019-07-17","purchased_purges":3,"victory":true,"max_hp_per_floor":[80,80,80,80,80,80,80,80,80,80,80,80,80,80,80,80,80,80,80,80,80,80,80,80,80,80,80,80,80,80,80,80,80,80,80,80,76,76,76,76,76,76,76,76,76,76,76,76,76,76,76,76,76,76,76],"card_choices":[{"not_picked":["Bludgeon","Impervious"],"picked":"Reaper","floor":0},{"not_picked":["Fire Breathing","Flex"],"picked":"Twin Strike","floor":1},{"not_picked":["Rage","Clothesline"],"picked":"Inflame","floor":3},{"not_picked":["Shockwave","Battle Trance"],"picked":"Disarm","floor":4},{"not_picked":["Sentinel","Havoc"],"picked":"Cleave","floor":5},{"not_picked":["Flex","Combust"],"picked":"Shrug It Off","floor":7},{"not_picked":["Rage","Blood for Blood"],"picked":"Armaments","floor":8},{"not_picked":["Intimidate","Rupture"],"picked":"Anger","floor":11},{"not_picked":["Armaments","Thunderclap"],"picked":"Intimidate","floor":14},{"not_picked":["Brutality","Offering"],"picked":"Demon Form","floor":16},{"not_picked":["Shrug It Off","Heavy Blade"],"picked":"Inflame+1","floor":18},{"not_picked":["Evolve","Dropkick"],"picked":"Thunderclap+1","floor":19},{"not_picked":["Battle Trance","Havoc+1"],"picked":"Clothesline+1","floor":20},{"not_picked":["Anger","Combust"],"picked":"Heavy Blade","floor":22},{"not_picked":["Burning Pact","Body Slam+1"],"picked":"Dual Wield","floor":23},{"not_picked":["Clothesline","Blood for Blood"],"picked":"Uppercut","floor":25},{"not_picked":["Reckless Charge","Havoc","Perfected Strike"],"picked":"SKIP","floor":28},{"not_picked":["Shrug It Off","Cleave+1"],"picked":"Reaper","floor":29},{"not_picked":["Corruption+1","Wild Strike+1"],"picked":"Flex","floor":30},{"not_picked":["Carnage","Whirlwind"],"picked":"True Grit+1","floor":31},{"not_picked":["Offering","Fiend Fire"],"picked":"Limit Break","floor":33},{"not_picked":["Twin Strike+1","Searing Blow"],"picked":"Sword Boomerang+1","floor":35},{"not_picked":["Sever Soul+1","Armaments+1"],"picked":"Rampage+1","floor":39},{"not_picked":["Corruption+1","Armaments","Entrench"],"picked":"SKIP","floor":42},{"not_picked":["Pommel Strike+1","Corruption"],"picked":"True Grit+1","floor":46},{"not_picked":["Cleave","Body Slam+1"],"picked":"Sword Boomerang+1","floor":47},{"not_picked":["Clothesline","Double Tap"],"picked":"Heavy Blade+1","floor":48},{"not_picked":["Metallicize+1","Sword Boomerang"],"picked":"Pummel+1","floor":54}],"player_experience":146956,"relics_obtained":[{"floor":7,"key":"Self Forming Clay"},{"floor":9,"key":"Oddly Smooth Stone"},{"floor":23,"key":"Whetstone"},{"floor":26,"key":"Regal Pillow"},{"floor":27,"key":"Unceasing Top"},{"floor":27,"key":"Bottled Tornado"},{"floor":29,"key":"Bronze Scales"},{"floor":48,"key":"Turnip"},{"floor":54,"key":"Orichalcum"}],"event_choices":[{"damage_healed":0,"gold_gain":0,"player_choice":"Forge","damage_taken":0,"max_hp_gain":0,"max_hp_loss":0,"event_name":"Accursed Blacksmith","floor":2,"gold_loss":0,"cards_upgraded":["Reaper"]},{"damage_healed":0,"gold_gain":0,"player_choice":"Bought 0 Potions","damage_taken":0,"max_hp_gain":0,"max_hp_loss":0,"event_name":"The Woman in Blue","floor":13,"gold_loss":0},{"damage_healed":0,"gold_gain":0,"player_choice":"Fight","damage_taken":0,"max_hp_gain":0,"max_hp_loss":0,"event_name":"Colosseum","floor":27,"gold_loss":0},{"damage_healed":0,"gold_gain":0,"player_choice":"Fought Nobs","damage_taken":0,"max_hp_gain":0,"max_hp_loss":0,"event_name":"Colosseum","floor":27,"gold_loss":0},{"damage_healed":0,"gold_gain":0,"player_choice":"Max HP","damage_taken":0,"max_hp_gain":0,"max_hp_loss":4,"event_name":"Winding Halls","floor":37,"gold_loss":0},{"cards_removed":["Strike_R"],"damage_healed":0,"gold_gain":0,"player_choice":"Purged","damage_taken":0,"max_hp_gain":0,"max_hp_loss":0,"event_name":"Purifier","floor":41,"gold_loss":0}],"is_beta":false,"boss_relics":[{"not_picked":["Orrery","Velvet Choker"],"picked":"Fusion Hammer"},{"not_picked":["Calling Bell","Astrolabe"],"picked":"Coffee Dripper"}],"items_purged_floors":[36,38,53],"is_endless":false,"potions_floor_spawned":[3,7,11,14,18,19,22,27,28,35,39,48],"ascension_level":2}