{"gold_per_floor":[116,7,57,76,89,122,122,157,239,80,93,93,120,136,136,209,209,222,241,252,302,217,247,247,247],"floor_reached":25,"playtime":800,"items_purged":["Strike_R"],"score":482,"play_id":"38a737bd-6033-4484-8625-69f11ea62de8","local_time":"20190721220241","is_ascension_mode":true,"campfire_choices":[{"data":"Armaments","floor":7.0,"key":"SMITH"},{"data":"Uppercut","floor":12.0,"key":"SMITH"},{"data":"Inflame","floor":15,"key":"SMITH"},{"data":"Spot Weakness","floor":24,"key":"SMITH"}],"neow_cost":"TEN_PERCENT_HP_LOSS","seed_source_timestamp":261979452838971,"circlet_count":0,"master_deck":["AscendersBane","Strike_R","Strike_R","Defend_R","Defend_R","Defend_R","Defend_R","Bash","Fiend Fire","Clash","Wild Strike","Armaments+1","Infernal Blade","Inflame+1","Whirlwind","Uppercut+1","Shockwave","Brutality","Spot Weakness+1","Evolve+1"],"special_seed":0,"relics":["Burning Blood","Incense Burner","Ancient Tea Set","Meat on the Bone","Pantograph","Empty Cage","Omamori","Self Forming Clay"],"potions_floor_usage":[13,18,23,23],"damage_taken":[{"damage":2.0,"enemies":"Cultist","floor":1.0,"turns":4.0},{"damage":3.0,"enemies":"2 Louse","floor":4.0,"turns":2.0},{"damage":16.0,"enemies":"Small Slimes","floor":5.0,"turns":3.0},{"damage":30.0,"enemies":"Gremlin Nob","floor":6.0,"turns":4.0},{"damage":15.0,"enemies":"Lagavulin","floor":8.0,"turns":4.0},{"damage":4.0,"enemies":"Looter","floor":11.0,"turns":3.0},{"damage":8,"enemies":"Gremlin Nob","floor":13,"turns":3},{"damage":8,"enemies":"Exordium Wildlife","floor":14,"turns":3},{"damage":35,"enemies":"Hexaghost","floor":16,"turns":8},{"damage":0,"enemies":"Chosen","floor":18,"turns":2},{"damage":37,"enemies":"Spheric Guardian","floor":19,"turns":5},{"damage":28,"enemies":"Centurion and Healer","floor":20,"turns":6},{"damage":21,"enemies":"Slavers","floor":23,"turns":4},{"damage":47,"enemies":"Shelled Parasite and Fungi","floor":25,"turns":3}],"seed_played":"5032735683453666257","potions_obtained":[{"floor":5.0,"key":"SpeedPotion"},{"floor":8.0,"key":"Fire Potion"},{"floor":11.0,"key":"SteroidPotion"},{"floor":14,"key":"Swift Potion"},{"floor":19,"key":"SpeedPotion"},{"floor":20,"key":"AttackPotion"}],"is_trial":false,"path_per_floor":["M","$","?","M","M","E","R","E","T","$","M","R","E","M","R","B",null,"M","M","M","?","?","E","R","M"],"character_chosen":"IRONCLAD","items_purchased":["Wild Strike","Armaments","Uppercut"],"campfire_rested":0,"item_purchase_floors":[2,2,10],"current_hp_per_floor":[68,68,62,65,55,31,31,22,22,22,36,36,46,44,44,51,64,68,49,39,39,39,36,36,0],"gold":247,"neow_bonus":"THREE_RARE_CARDS","is_prod":false,"is_daily":false,"chose_seed":false,"campfire_upgraded":4,"win_rate":0,"timestamp":1563714161,"path_taken":["M","?","?","M","M","E","R","E","T","$","M","R","E","?","R","BOSS","M","M","M","?","?","E","R","M"],"build_version":"2019-07-17","purchased_purges":1,"victory":false,"max_hp_per_floor":[68,68,68,68,68,68,68,68,68,68,68,68,68,68,68,68,68,68,68,68,68,68,68,68,68],"card_choices":[{"not_picked":["Exhume","Juggernaut"],"picked":"Fiend Fire","floor":0.0},{"not_picked":["True Grit","Fire Breathing"],"picked":"Clash","floor":1.0},{"not_picked":["Reckless Charge","Warcry"],"picked":"Infernal Blade","floor":4.0},{"not_picked":["Rampage","Clash","Iron Wave"],"picked":"SKIP","floor":5.0},{"not_picked":["Carnage","Entrench"],"picked":"Inflame","floor":6.0},{"not_picked":["Bludgeon","Reckless Charge"],"picked":"Whirlwind","floor":8.0},{"not_picked":["Havoc","Second Wind","Body Slam"],"picked":"SKIP","floor":11.0},{"not_picked":["Whirlwind","Pommel Strike"],"picked":"Shockwave","floor":13},{"not_picked":["Heavy Blade","Shockwave","Sword Boomerang"],"picked":"SKIP","floor":14},{"not_picked":["Barricade","Impervious"],"picked":"Brutality","floor":16},{"not_picked":["Sword Boomerang","Hemokinesis","Burning Pact"],"picked":"SKIP","floor":18},{"not_picked":["Sword Boomerang","Rampage"],"picked":"Spot Weakness","floor":19},{"not_picked":["Wild Strike","Clash"],"picked":"Evolve+1","floor":20},{"not_picked":["Perfected Strike","Second Wind","Clothesline+1"],"picked":"SKIP","floor":23}],"player_experience":1007566,"relics_obtained":[{"floor":6.0,"key":"Incense Burner"},{"floor":8.0,"key":"Ancient Tea Set"},{"floor":9.0,"key":"Meat on the Bone"},{"floor":13,"key":"Pantograph"},{"floor":23,"key":"Self Forming Clay"}],"event_choices":[{"damage_healed":0.0,"max_hp_gain":0.0,"max_hp_loss":0.0,"gold_gain":50.0,"event_name":"FaceTrader","player_choice":"Touch","floor":3.0,"gold_loss":0.0,"damage_taken":6.0},{"damage_healed":0,"gold_gain":50,"player_choice":"Stole From Cult","damage_taken":0,"max_hp_gain":0,"max_hp_loss":0,"event_name":"Nest","floor":21,"gold_loss":0},{"damage_healed":0,"gold_gain":0,"player_choice":"Obtained Relic","damage_taken":0,"relics_obtained":["Omamori"],"max_hp_gain":0,"max_hp_loss":0,"event_name":"Addict","floor":22,"gold_loss":85}],"is_beta":false,"boss_relics":[{"not_picked":["Philosopher\u0027s Stone","Ectoplasm"],"picked":"Empty Cage"}],"items_purged_floors":[10],"is_endless":false,"potions_floor_spawned":[5,8,11,14,16,19,20],"killed_by":"Shelled Parasite and Fungi","ascension_level":20}