{"path_per_floor":["M","M","$","M","M","M","?","R","T","R","?","R","T","M","R","B",null,"M","M","M"],"character_chosen":"DEFECT","items_purchased":["Fusion","Capacitor"],"gold_per_floor":[114,129,2,14,27,40,40,40,65,65,65,65,65,76,76,173,173,143,143,143,143],"floor_reached":21,"campfire_rested":0,"playtime":1101,"current_hp_per_floor":[79,79,79,75,57,46,46,46,46,46,46,46,46,29,29,25,82,81,68,51,0],"items_purged":[],"gold":143,"score":173,"play_id":"65c99813-b7d4-4030-9d08-a2e8c2a83d93","local_time":"20180430140620","is_prod":false,"is_daily":false,"chose_seed":false,"is_ascension_mode":false,"campfire_upgraded":4,"timestamp":1525089980,"path_taken":["M","M","$","M","M","M","?","R","T","R","?","R","?","?","R","BOSS","M","M","M","M"],"build_version":"2018-04-27v3","seed_source_timestamp":483061642506714,"purchased_purges":0,"victory":false,"master_deck":["Strike_B","Strike_B","Strike_B","Strike_B","Defend_B","Defend_B+1","Defend_B","Defend_B","Zap+1","Dualcast+1","Self Repair","Coolheaded","Fusion+1","Capacitor+1","Ball Lightning","Leap","Barrage","Capacitor+1","Seek","Beam Cell","Barrage","Conserve Battery+1"],"max_hp_per_floor":[82,82,82,82,82,82,82,82,82,82,82,82,82,82,82,82,82,82,82,82,82],"relics":["Cracked Core","Strawberry","War Paint","Letter Opener","Ectoplasm"],"card_choices":[{"not_picked":["Leap","Genetic Algorithm"],"picked":"Self Repair","floor":1.0},{"not_picked":["Cold Snap","Streamline"],"picked":"Coolheaded","floor":2.0},{"not_picked":["Leap","Stack"],"picked":"Ball Lightning","floor":4.0},{"not_picked":["Reprogram","Barrage"],"picked":"Leap","floor":5.0},{"not_picked":["Coolheaded","Scrape"],"picked":"Barrage","floor":6.0},{"not_picked":["Seek","Hologram"],"picked":"Capacitor","floor":14},{"not_picked":["Reboot","Thunder Strike"],"picked":"Seek","floor":16},{"not_picked":["Blizzard","Reprogram"],"picked":"Beam Cell","floor":18},{"not_picked":["Impulse","Sweeping Beam"],"picked":"Barrage","floor":19},{"not_picked":["Skim","Thunder Strike"],"picked":"Conserve Battery","floor":20}],"player_experience":544239,"potions_floor_usage":[16,16,18],"damage_taken":[{"damage":3.0,"enemies":"Jaw Worm","floor":1.0,"turns":4.0},{"damage":7.0,"enemies":"2 Louse","floor":2.0,"turns":2.0},{"damage":11.0,"enemies":"Small Slimes","floor":4.0,"turns":5.0},{"damage":25.0,"enemies":"3 Louse","floor":5.0,"turns":5.0},{"damage":18.0,"enemies":"2 Fungi Beasts","floor":6.0,"turns":4.0},{"damage":24,"enemies":"Gremlin Gang","floor":14,"turns":4},{"damage":11,"enemies":"Hexaghost","floor":16,"turns":9},{"damage":8,"enemies":"2 Thieves","floor":18,"turns":4},{"damage":20,"enemies":"Spheric Guardian","floor":19,"turns":4},{"damage":24,"enemies":"Slaver and Parasite","floor":20,"turns":5},{"damage":61,"enemies":"Cultist and Chosen","floor":21,"turns":7}],"event_choices":[{"event_name":"Dead Adventurer","player_choice":"Searched \u00270\u0027 times","floor":7,"damage_taken":0},{"event_name":"Liars Game","player_choice":"disagreed","floor":11,"damage_taken":0}],"boss_relics":[{"not_picked":["Philosopher\u0027s Stone","Lizard Tail"],"picked":"Ectoplasm"}],"potions_floor_spawned":[2,4,14,16],"seed_played":"1957311604093947746","killed_by":"Cultist and Chosen","ascension_level":0,"is_trial":false}