{"gold_per_floor":[118,128,60,75,90,90,120,120,120,152,227,261,61,61,61,162,162,177,177,194,211,222,254,265,64,64,163,163,198,213,223,223,320,320,332,332,332,349,18,18,29,29,29,40,140,140,173,186,186,186,186,186,34,60,60],"floor_reached":56,"playtime":3357,"items_purged":[],"score":1363,"play_id":"c45e00c3-4bfc-4cf1-9118-78edf1a1488b","local_time":"20190111000442","is_ascension_mode":true,"campfire_choices":[{"floor":6,"key":"REST"},{"data":"Adrenaline","floor":8,"key":"SMITH"},{"data":"Bullet Time","floor":15,"key":"SMITH"},{"floor":28,"key":"RECALL"},{"data":"Acrobatics","floor":32,"key":"SMITH"},{"data":"Glass Knife","floor":40,"key":"SMITH"},{"data":"Expertise","floor":42,"key":"SMITH"},{"data":"Prepared","floor":46,"key":"SMITH"},{"data":"Neutralize","floor":49,"key":"SMITH"},{"data":"Deadly Poison","floor":52,"key":"SMITH"}],"neow_cost":"NONE","seed_source_timestamp":332950844780137,"circlet_count":0,"master_deck":["Survivor+1","Neutralize+1","Dash","Corpse Explosion","Unload","Bullet Time+1","Heel Hook","Deadly Poison+1","Glass Knife+1","Backflip+1","Adrenaline+1","Expertise+1","Leg Sweep","Backflip","Bane+1","Acrobatics+1","Masterful Stab","Prepared+1","Tactician+1","Calculated Gamble+1"],"relics":["Pandora\u0027s Box","Singing Bowl","Matryoshka","War Paint","Paper Crane","Potion Belt","Kunai","TwistedFunnel","Empty Cage","MutagenicStrength","Tough Bandages","Medical Kit","Oddly Smooth Stone","Torii","Bag of Preparation","Sozu","Calipers","Prayer Wheel","Happy Flower","Snake Skull","Tingsha"],"potions_floor_usage":[29,29,55],"damage_taken":[{"damage":13,"enemies":"Jaw Worm","floor":1,"turns":3},{"damage":0,"enemies":"Cultist","floor":2,"turns":2},{"damage":6,"enemies":"2 Louse","floor":4,"turns":2},{"damage":10,"enemies":"Exordium Wildlife","floor":5,"turns":2},{"damage":8,"enemies":"Lagavulin","floor":7,"turns":4},{"damage":1,"enemies":"Gremlin Nob","floor":10,"turns":3},{"damage":1,"enemies":"3 Sentries","floor":12,"turns":2},{"damage":3,"enemies":"The Guardian","floor":16,"turns":7},{"damage":0,"enemies":"Shell Parasite","floor":18,"turns":4},{"damage":0,"enemies":"3 Byrds","floor":20,"turns":2},{"damage":2,"enemies":"Snake Plant","floor":21,"turns":4},{"damage":0,"enemies":"Centurion and Healer","floor":22,"turns":3},{"damage":0,"enemies":"Book of Stabbing","floor":23,"turns":4},{"damage":0,"enemies":"3 Cultists","floor":24,"turns":1},{"damage":7,"enemies":"Slavers","floor":29,"turns":2},{"damage":0,"enemies":"Snake Plant","floor":30,"turns":2},{"damage":0,"enemies":"Cultist and Chosen","floor":31,"turns":2},{"damage":12,"enemies":"Champ","floor":33,"turns":14},{"damage":0,"enemies":"Orb Walker","floor":35,"turns":2},{"damage":0,"enemies":"3 Shapes","floor":38,"turns":1},{"damage":0,"enemies":"3 Darklings","floor":41,"turns":2},{"damage":0,"enemies":"Sphere and 2 Shapes","floor":44,"turns":3},{"damage":0,"enemies":"Mind Bloom Boss Battle","floor":45,"turns":1},{"damage":0,"enemies":"Giant Head","floor":47,"turns":5},{"damage":0,"enemies":"Writhing Mass","floor":48,"turns":4},{"damage":1,"enemies":"Time Eater","floor":50,"turns":13},{"damage":0,"enemies":"Shield and Spear","floor":54,"turns":2},{"damage":13,"enemies":"The Heart","floor":55,"turns":7}],"seed_played":"-7264802245691881619","potions_obtained":[{"floor":5,"key":"Fire Potion"},{"floor":10,"key":"SpeedPotion"},{"floor":12,"key":"AttackPotion"},{"floor":16,"key":"Block Potion"},{"floor":21,"key":"SteroidPotion"},{"floor":23,"key":"AttackPotion"},{"floor":31,"key":"GamblersBrew"},{"floor":33,"key":"LiquidBronze"}],"is_trial":false,"path_per_floor":["M","M","?","M","M","R","E","R","T","E","?","E","$","?","R","B",null,"M","?","M","M","M","E","M","$","T","?","R","E","M","M","R","B",null,"M","?","?","M","$","R","M","R","T","M","?","R","E","M","R","B",null,"R","$","E","B",null],"character_chosen":"THE_SILENT","items_purchased":["TwistedFunnel","Medical Kit","Calipers","Masterful Stab","Snake Skull"],"campfire_rested":1,"item_purchase_floors":[13,25,39,39,53],"current_hp_per_floor":[57,57,57,53,43,64,58,58,58,59,48,47,47,47,47,46,78,80,80,80,78,80,82,84,84,84,84,84,79,79,81,81,71,92,94,89,89,91,91,91,93,93,93,93,93,93,93,97,97,96,97,97,97,99,86],"gold":60,"neow_bonus":"BOSS_RELIC","is_prod":false,"is_daily":false,"chose_seed":false,"campfire_upgraded":8,"win_rate":0,"timestamp":1547161482,"path_taken":["M","M","?","?","M","R","E","R","T","E","?","E","$","?","R","BOSS","M","?","M","M","M","E","M","$","T","?","R","E","M","M","R","BOSS","M","?","?","M","$","R","M","R","T","M","?","R","E","M","R","BOSS","R","$","E","BOSS"],"build_version":"2019-01-03v4","purchased_purges":0,"victory":true,"max_hp_per_floor":[70,70,70,72,72,72,74,74,74,76,76,76,76,76,76,78,78,80,80,80,80,82,84,86,86,86,86,86,88,88,90,90,92,92,94,89,89,91,91,91,93,93,93,93,93,93,93,97,97,97,97,97,97,99,99],"card_choices":[{"not_picked":["Dagger Spray","Bane","Caltrops"],"picked":"SKIP","floor":1},{"not_picked":["Prepared","Backstab","Calculated Gamble"],"picked":"SKIP","floor":2},{"not_picked":["Bane","Footwork","Riddle With Holes"],"picked":"Singing Bowl","floor":4},{"not_picked":["Outmaneuver","Terror"],"picked":"Adrenaline","floor":5},{"not_picked":["Finisher","Caltrops","Dash"],"picked":"Singing Bowl","floor":7},{"not_picked":["Wraith Form v2","Dagger Spray","Eviscerate"],"picked":"Singing Bowl","floor":10},{"not_picked":["Dagger Spray","Eviscerate"],"picked":"Expertise","floor":12},{"not_picked":["Glass Knife","Wraith Form v2","Grand Finale"],"picked":"Singing Bowl","floor":16},{"not_picked":["PiercingWail","Bane","Eviscerate"],"picked":"Singing Bowl","floor":18},{"not_picked":["Dagger Throw","Flying Knee"],"picked":"Backflip","floor":20},{"not_picked":["Blade Dance","Flechettes"],"picked":"Bane+1","floor":21},{"not_picked":["PiercingWail","Deadly Poison+1","Poisoned Stab"],"picked":"Singing Bowl","floor":22},{"not_picked":["Underhanded Strike","Prepared","Flying Knee+1"],"picked":"Singing Bowl","floor":23},{"not_picked":["Outmaneuver","Storm of Steel","Endless Agony"],"picked":"Singing Bowl","floor":24},{"not_picked":["Quick Slash","Cloak And Dagger","Predator"],"picked":"Singing Bowl","floor":29},{"not_picked":["All Out Attack","Flechettes"],"picked":"Acrobatics","floor":30},{"not_picked":["Deadly Poison","Caltrops","Choke"],"picked":"Singing Bowl","floor":31},{"not_picked":["Die Die Die","Night Terror","Wraith Form v2"],"picked":"Singing Bowl","floor":33},{"not_picked":["Bane","PiercingWail+1","Sucker Punch"],"picked":"Singing Bowl","floor":35},{"not_picked":["Blur+1","Quick Slash","Underhanded Strike"],"picked":"Singing Bowl","floor":38},{"not_picked":["Slice","Choke","PiercingWail"],"picked":"Singing Bowl","floor":41},{"not_picked":["Underhanded Strike","Bouncing Flask+1"],"picked":"Prepared","floor":44},{"not_picked":["Bane","Infinite Blades+1"],"picked":"Tactician+1","floor":45},{"not_picked":["Envenom","Escape Plan+1"],"picked":"Calculated Gamble+1","floor":47},{"not_picked":["Bane","Deadly Poison+1","PiercingWail"],"picked":"Singing Bowl","floor":48},{"not_picked":["Terror+1","Bane+1","Finisher"],"picked":"Singing Bowl","floor":48},{"not_picked":["Unload","Tactician","Choke+1"],"picked":"Singing Bowl","floor":54}],"player_experience":682231,"relics_obtained":[{"floor":7,"key":"Matryoshka"},{"floor":9,"key":"War Paint"},{"floor":9,"key":"Paper Crane"},{"floor":10,"key":"Potion Belt"},{"floor":12,"key":"Kunai"},{"floor":23,"key":"Tough Bandages"},{"floor":26,"key":"Oddly Smooth Stone"},{"floor":26,"key":"Torii"},{"floor":29,"key":"Bag of Preparation"},{"floor":45,"key":"Prayer Wheel"},{"floor":47,"key":"Happy Flower"},{"floor":54,"key":"Tingsha"}],"event_choices":[{"damage_healed":0,"gold_gain":0,"player_choice":"Paid Gold","damage_taken":0,"relics_obtained":["Singing Bowl"],"max_hp_gain":0,"max_hp_loss":0,"event_name":"WeMeetAgain","floor":3,"gold_loss":68},{"damage_healed":0,"gold_gain":75,"player_choice":"Gather Gold","damage_taken":11,"max_hp_gain":0,"max_hp_loss":0,"event_name":"World of Goop","floor":11,"gold_loss":0},{"damage_healed":0,"gold_gain":0,"player_choice":"1 cards matched","damage_taken":0,"max_hp_gain":0,"max_hp_loss":0,"event_name":"Match and Keep!","floor":14,"gold_loss":0,"cards_obtained":["Leg Sweep"]},{"damage_healed":0,"gold_gain":0,"player_choice":"Inject Mutagens","damage_taken":0,"relics_obtained":["MutagenicStrength"],"max_hp_gain":0,"max_hp_loss":0,"event_name":"Drug Dealer","floor":19,"gold_loss":0},{"damage_healed":0,"gold_gain":99,"player_choice":"Stole From Cult","damage_taken":0,"max_hp_gain":0,"max_hp_loss":0,"event_name":"Nest","floor":27,"gold_loss":0},{"damage_healed":0,"gold_gain":0,"player_choice":"Max HP","damage_taken":0,"max_hp_gain":0,"max_hp_loss":5,"event_name":"Winding Halls","floor":36,"gold_loss":0},{"damage_healed":0,"gold_gain":0,"player_choice":"Ignored","damage_taken":0,"max_hp_gain":0,"max_hp_loss":0,"event_name":"Tomb of Lord Red Mask","floor":37,"gold_loss":0},{"damage_healed":0,"gold_gain":0,"player_choice":"Fight","damage_taken":0,"max_hp_gain":0,"max_hp_loss":0,"event_name":"MindBloom","floor":45,"gold_loss":0}],"is_beta":false,"boss_relics":[{"not_picked":["White Beast Statue","Runic Dome"],"picked":"Empty Cage"},{"not_picked":["Eternal Feather","Orrery"],"picked":"Sozu"}],"items_purged_floors":[],"is_endless":false,"potions_floor_spawned":[5,10,12,16,21,23,31,33,35,41,47,54],"ascension_level":1}