{"path_per_floor":["M","?","?","M","M","R","E","R","T","M","E","$","?","M","R","B",null,"M","?","?","$","M","R","E","R","T","$","E","?","R","M","R","B",null,"M","?","?","$","M","R","E","M","T","M","M","R","M","M","R","B"],"character_chosen":"IRONCLAD","items_purchased":["Gremlin Horn","War Paint","Body Slam"],"gold_per_floor":[118,118,118,136,149,149,182,182,207,224,255,16,16,31,31,131,131,147,147,62,62,77,77,105,105,177,24,49,49,49,63,63,164,164,183,232,232,135,148,148,181,192,217,229,245,245,259,273,273,273],"floor_reached":51,"campfire_rested":2,"playtime":2708,"current_hp_per_floor":[69,62,62,66,67,67,44,44,44,34,21,21,21,24,24,23,58,58,58,58,58,60,60,28,63,63,63,64,64,64,69,69,69,69,69,52,43,43,45,45,20,26,26,28,30,30,32,38,69,69],"items_purged":["Clash"],"gold":273,"score":1145,"play_id":"34502f27-31b8-4be0-8e10-36fe3133900a","local_time":"20180318210244","is_prod":false,"is_daily":false,"is_ascension_mode":true,"campfire_upgraded":7,"timestamp":1521403364,"path_taken":["M","?","?","M","M","R","E","R","T","?","E","$","?","M","R","BOSS","M","?","?","$","M","R","E","R","T","$","E","?","R","?","R","BOSS","M","?","?","$","M","R","E","M","T","M","M","R","M","M","R","BOSS"],"build_version":"2018-03-15v3","purchased_purges":2,"victory":true,"master_deck":["Defend_R+1","Defend_R+1","Defend_R+1","Defend_R+1","Bash","Barricade+1","Iron Wave+1","Battle Trance+1","Body Slam+1","Offering+1","Shrug It Off+1","Headbutt","Sword Boomerang+1","Uppercut+1","Madness+1","Madness+1","Body Slam+1","Impervious+1","Shrug It Off+1","Warcry+1"],"max_hp_per_floor":[72,72,72,72,72,72,72,72,72,72,72,72,69,69,69,69,69,69,69,69,69,69,69,69,69,69,69,69,69,69,69,69,69,69,69,69,69,69,69,69,69,69,69,69,69,69,69,69,69,69],"relics":["Burning Blood","Oddly Smooth Stone","Pen Nib","Regal Pillow","Gremlin Horn","Mark of Pain","Torii","Bottled Flame","Toxic Egg 2","War Paint","Thread and Needle","Astrolabe","Peace Pipe","Dream Catcher","Art of War"],"card_choices":[{"not_picked":["Reaper","Brutality"],"picked":"Barricade"},{"not_picked":["Cleave","Blood for Blood"],"picked":"Iron Wave"},{"not_picked":["Uppercut","Flex"],"picked":"Battle Trance"},{"not_picked":["Anger","True Grit"],"picked":"Body Slam"},{"not_picked":["Barricade","Limit Break"],"picked":"Offering"},{"not_picked":["Dual Wield","Iron Wave"],"picked":"Shrug It Off"},{"not_picked":["Cleave","Dropkick"],"picked":"Headbutt"},{"not_picked":["Reckless Charge","Body Slam"],"picked":"Impervious"},{"not_picked":["Clothesline","Burning Pact"],"picked":"Shrug It Off"},{"not_picked":["Havoc","Thunderclap"],"picked":"Warcry"}],"player_experience":420295,"potions_floor_usage":[50],"damage_taken":[{"damage":9.0,"enemies":"Jaw Worm","floor":1.0,"turns":3.0},{"damage":2.0,"enemies":"Small Slimes","floor":4.0,"turns":5.0},{"damage":5.0,"enemies":"Cultist","floor":5.0,"turns":4.0},{"damage":29.0,"enemies":"Gremlin Nob","floor":7.0,"turns":5.0},{"damage":16.0,"enemies":"3 Louse","floor":10.0,"turns":4.0},{"damage":19.0,"enemies":"3 Sentries","floor":11.0,"turns":13.0},{"damage":3.0,"enemies":"Looter","floor":14.0,"turns":2.0},{"damage":7.0,"enemies":"The Guardian","floor":16.0,"turns":12.0},{"damage":6.0,"enemies":"3 Byrds","floor":18.0,"turns":5.0},{"damage":4.0,"enemies":"Chosen","floor":22.0,"turns":5.0},{"damage":38.0,"enemies":"Slavers","floor":24.0,"turns":8.0},{"damage":5.0,"enemies":"Book of Stabbing","floor":28.0,"turns":4.0},{"damage":0.0,"enemies":"Snake Plant","floor":31.0,"turns":4.0},{"damage":4.0,"enemies":"Collector","floor":33.0,"turns":9.0},{"damage":4.0,"enemies":"Orb Walker","floor":35.0,"turns":3.0},{"damage":23.0,"enemies":"Mysterious Sphere","floor":36.0,"turns":5.0},{"damage":4.0,"enemies":"3 Darklings","floor":39.0,"turns":3.0},{"damage":31.0,"enemies":"2 Orb Walkers","floor":41.0,"turns":4.0},{"damage":0.0,"enemies":"Maw","floor":42.0,"turns":6.0},{"damage":4.0,"enemies":"Sphere and 2 Shapes","floor":44.0,"turns":4.0},{"damage":4.0,"enemies":"3 Darklings","floor":45.0,"turns":4.0},{"damage":4.0,"enemies":"Maw","floor":47.0,"turns":4.0},{"damage":0.0,"enemies":"Sphere and 2 Shapes","floor":48.0,"turns":2.0},{"damage":4,"enemies":"Awakened One","floor":50,"turns":8}],"event_choices":[{"event_name":"Golden Wing","player_choice":"Card Removal","floor":2.0,"damage_taken":0.0},{"event_name":"Living Wall","player_choice":"Grow","floor":3.0,"damage_taken":0.0},{"event_name":"Purifier","player_choice":"One Purge","floor":13.0,"damage_taken":0.0},{"event_name":"Upgrade Shrine","player_choice":"Upgraded","floor":19.0,"damage_taken":0.0},{"event_name":"Addict","player_choice":"Obtained Relic","floor":20.0,"damage_taken":0.0},{"event_name":"The Lab","player_choice":"Got Potions","floor":29.0,"damage_taken":0.0},{"event_name":"Mysterious Sphere","player_choice":"Fight","floor":36.0,"damage_taken":0.0},{"event_name":"Winding Halls","player_choice":"Embrace Madness","floor":37.0,"damage_taken":0.0}],"boss_relics":[],"potions_floor_spawned":[1,5,7,14,24,28,31,36,39,44,48],"seed_played":"1076551537513735935","ascension_level":12,"is_trial":false}