{"gold_per_floor":[15,15,33,33,52,52,72,72,121,121],"floor_reached":10,"playtime":282,"items_purged":[],"score":116,"play_id":"73c0a477-4421-4f79-b3f3-99e16369ffdf","local_time":"20190227181636","is_ascension_mode":true,"campfire_choices":[{"data":"Trip","floor":6,"key":"SMITH"}],"neow_cost":"NO_GOLD","seed_source_timestamp":73289135650564,"circlet_count":0,"master_deck":["AscendersBane","Strike_R","Strike_R","Strike_R","Strike_R","Strike_R","Defend_R","Defend_R","Defend_R","Defend_R","Bash","Trip+1","Panacea","Headbutt","Ghostly Armor","True Grit"],"relics":["Burning Blood","Pen Nib"],"potions_floor_usage":[1,7],"damage_taken":[{"damage":15,"enemies":"2 Louse","floor":1,"turns":3},{"damage":9,"enemies":"Jaw Worm","floor":3,"turns":4},{"damage":7,"enemies":"Small Slimes","floor":5,"turns":3},{"damage":17,"enemies":"Exordium Thugs","floor":7,"turns":5},{"damage":45,"enemies":"3 Sentries","floor":10,"turns":8}],"seed_played":"883937003056928120","potions_obtained":[{"floor":1,"key":"Fruit Juice"},{"floor":5,"key":"Block Potion"}],"is_trial":false,"path_per_floor":["M","?","M","?","M","R","M","?","T","E"],"character_chosen":"IRONCLAD","items_purchased":[],"campfire_rested":0,"item_purchase_floors":[],"current_hp_per_floor":[64,64,61,61,60,60,49,37,37,0],"gold":121,"neow_bonus":"RANDOM_COLORLESS_2","is_prod":false,"is_daily":false,"chose_seed":false,"campfire_upgraded":1,"win_rate":0,"timestamp":1551287796,"path_taken":["M","?","M","?","M","R","M","?","T","E"],"build_version":"2019-01-23","purchased_purges":0,"victory":false,"max_hp_per_floor":[80,80,80,80,80,80,80,80,80,80],"card_choices":[{"not_picked":["Twin Strike","Dual Wield"],"picked":"Headbutt","floor":1},{"not_picked":["Flex","Feel No Pain"],"picked":"Ghostly Armor","floor":3},{"not_picked":["Infernal Blade","Warcry"],"picked":"True Grit","floor":5},{"not_picked":["Perfected Strike","Sever Soul","Warcry"],"picked":"SKIP","floor":7}],"player_experience":911288,"relics_obtained":[{"floor":9,"key":"Pen Nib"}],"event_choices":[{"damage_healed":0,"gold_gain":0,"player_choice":"Leave","damage_taken":0,"max_hp_gain":0,"max_hp_loss":0,"event_name":"The Cleric","floor":2,"gold_loss":0},{"damage_healed":0,"gold_gain":0,"player_choice":"Ignored","damage_taken":0,"max_hp_gain":0,"max_hp_loss":0,"event_name":"Shining Light","floor":4,"gold_loss":0},{"damage_healed":0,"gold_gain":0,"player_choice":"Damaged","damage_taken":12,"max_hp_gain":0,"max_hp_loss":0,"event_name":"Wheel of Change","floor":8,"gold_loss":0}],"is_beta":false,"boss_relics":[],"items_purged_floors":[],"is_endless":false,"potions_floor_spawned":[1,5],"killed_by":"3 Sentries","ascension_level":20}