{"gold_per_floor":[16,35,55,68,78,109,109,144,169,204,204,219,234,234,234,313,313,327,346,96,115,125,125,159,159],"floor_reached":25,"playtime":878,"items_purged":["Strike_B"],"score":594,"play_id":"b072ebb6-4f44-4e01-a96a-7b497f53df00","local_time":"20190727165922","is_ascension_mode":true,"campfire_choices":[{"data":"Go for the Eyes","floor":7.0,"key":"SMITH"},{"data":"Heatsinks","floor":11,"key":"SMITH"},{"floor":15,"key":"REST"},{"data":"Coolheaded","floor":23,"key":"SMITH"}],"neow_cost":"NO_GOLD","seed_source_timestamp":507876792929054,"circlet_count":0,"master_deck":["AscendersBane","Strike_B","Strike_B","Strike_B","Defend_B","Defend_B","Defend_B","Defend_B","Zap","Dualcast","Core Surge","Ball Lightning","Go for the Eyes+1","White Noise","Sweeping Beam","Cold Snap","Static Discharge","Heatsinks+1","Electrodynamics","Rainbow","Turbo","Force Field","Capacitor","Consume","Coolheaded+1","Loop","Chill"],"special_seed":0,"relics":["FrozenCore","DataDisk","Du-Vu Doll","Potion Belt","Ancient Tea Set","Centennial Puzzle"],"potions_floor_usage":[8,12,18,25],"damage_taken":[{"damage":1.0,"enemies":"Cultist","floor":1.0,"turns":3.0},{"damage":5.0,"enemies":"Small Slimes","floor":2.0,"turns":3.0},{"damage":2.0,"enemies":"Jaw Worm","floor":3.0,"turns":2.0},{"damage":0.0,"enemies":"Large Slime","floor":4.0,"turns":4.0},{"damage":0.0,"enemies":"Exordium Wildlife","floor":5.0,"turns":2.0},{"damage":16.0,"enemies":"3 Sentries","floor":6.0,"turns":4.0},{"damage":5,"enemies":"Gremlin Nob","floor":8,"turns":3},{"damage":8,"enemies":"Lagavulin","floor":10,"turns":5},{"damage":12,"enemies":"Gremlin Gang","floor":12,"turns":3},{"damage":10,"enemies":"Blue Slaver","floor":13,"turns":4},{"damage":0,"enemies":"Slime Boss","floor":16,"turns":5},{"damage":14,"enemies":"Shell Parasite","floor":18,"turns":5},{"damage":3,"enemies":"3 Byrds","floor":19,"turns":2},{"damage":25,"enemies":"Sentry and Sphere","floor":21,"turns":9},{"damage":0,"enemies":"Chosen and Byrds","floor":22,"turns":6},{"damage":16,"enemies":"Gremlin Leader","floor":24,"turns":6},{"damage":10,"enemies":"Centurion and Healer","floor":25,"turns":1}],"seed_played":"4961057202721705305","potions_obtained":[{"floor":2.0,"key":"Regen Potion"},{"floor":4.0,"key":"FearPotion"},{"floor":12,"key":"EssenceOfSteel"},{"floor":22,"key":"SteroidPotion"},{"floor":24,"key":"SpeedPotion"}],"is_trial":false,"path_per_floor":["M","M","M","M","M","E","R","E","T","E","R","M","M","?","R","B",null,"M","M","$","M","M","R","E","M"],"character_chosen":"DEFECT","items_purchased":["Capacitor","Consume","Coolheaded"],"campfire_rested":1,"item_purchase_floors":[20,20,20],"current_hp_per_floor":[63,58,56,56,56,40,40,35,35,27,27,24,14,14,35,35,62,48,45,45,20,20,20,4,0],"gold":159,"neow_bonus":"THREE_RARE_CARDS","is_prod":false,"is_daily":false,"chose_seed":false,"campfire_upgraded":3,"win_rate":0,"timestamp":1564214362,"path_taken":["M","M","M","M","M","E","R","E","T","E","R","M","M","?","R","BOSS","M","M","$","M","M","R","E","M"],"build_version":"2019-07-17","purchased_purges":1,"victory":false,"max_hp_per_floor":[71,71,71,71,71,71,71,71,71,71,71,71,71,71,71,71,71,71,71,71,71,71,71,71,71],"card_choices":[{"not_picked":["Machine Learning","Meteor Strike"],"picked":"Core Surge","floor":0.0},{"not_picked":["Rebound","Gash"],"picked":"Ball Lightning","floor":1.0},{"not_picked":["Gash","Steam"],"picked":"Go for the Eyes","floor":2.0},{"not_picked":["Coolheaded","Aggregate"],"picked":"White Noise","floor":3.0},{"not_picked":["Cold Snap","Redo"],"picked":"Sweeping Beam","floor":4.0},{"not_picked":["Meteor Strike","Heatsinks"],"picked":"Cold Snap","floor":5.0},{"not_picked":["Cold Snap","FTL"],"picked":"Static Discharge","floor":6.0},{"not_picked":["Leap","Beam Cell"],"picked":"Heatsinks","floor":8},{"not_picked":["Conserve Battery","Double Energy"],"picked":"Electrodynamics","floor":10},{"not_picked":["Aggregate","Tempest","Leap"],"picked":"SKIP","floor":12},{"not_picked":["Heatsinks","Sunder","Turbo"],"picked":"SKIP","floor":13},{"not_picked":["Machine Learning","Electrodynamics"],"picked":"Rainbow","floor":16},{"not_picked":["Cold Snap","Sunder"],"picked":"Turbo","floor":18},{"not_picked":["Gash+1","Redo"],"picked":"Force Field","floor":19},{"not_picked":["Go for the Eyes","Redo"],"picked":"Loop","floor":21},{"not_picked":["Auto Shields+1","Rebound","Force Field"],"picked":"SKIP","floor":22},{"not_picked":["Compile Driver","Genetic Algorithm"],"picked":"Chill","floor":24}],"player_experience":1035477,"relics_obtained":[{"floor":6.0,"key":"DataDisk"},{"floor":8,"key":"Du-Vu Doll"},{"floor":9,"key":"Potion Belt"},{"floor":10,"key":"Ancient Tea Set"},{"floor":24,"key":"Centennial Puzzle"}],"event_choices":[{"damage_healed":0,"gold_gain":0,"player_choice":"Ignored","damage_taken":0,"max_hp_gain":0,"max_hp_loss":0,"event_name":"Shining Light","floor":14,"gold_loss":0}],"is_beta":false,"boss_relics":[{"not_picked":["Pandora\u0027s Box","Nuclear Battery"],"picked":"FrozenCore"}],"items_purged_floors":[20],"is_endless":false,"potions_floor_spawned":[2,4,5,12,22,24],"killed_by":"Centurion and Healer","ascension_level":20}