{"gold_per_floor":[116,126,138,154,169,169,184,184,184,184,20,20,78,78,78,78],"floor_reached":16,"playtime":944,"items_purged":[],"score":170,"play_id":"383a2f87-511c-44f5-9c0b-cfddd2bc7813","local_time":"20190724151536","is_ascension_mode":true,"campfire_choices":[{"data":"Neutralize","floor":6.0,"key":"SMITH"},{"data":"Caltrops","floor":8.0,"key":"SMITH"},{"floor":10.0,"key":"REST"},{"data":"Backflip","floor":15.0,"key":"SMITH"}],"neow_cost":"NONE","seed_source_timestamp":412970547609700,"circlet_count":0,"master_deck":["AscendersBane","Strike_G","Strike_G","Strike_G","Strike_G","Strike_G","Defend_G","Defend_G","Defend_G","Defend_G","Defend_G","Survivor","Neutralize+1","Night Terror","Caltrops+1","Deadly Poison","Bane","Backflip+1","Predator","Heel Hook","Panacea"],"special_seed":0,"relics":["Ring of the Snake","Lantern","Pear","Golden Idol"],"potions_floor_usage":[],"damage_taken":[{"damage":7.0,"enemies":"Cultist","floor":1.0,"turns":5.0},{"damage":7.0,"enemies":"Jaw Worm","floor":2.0,"turns":5.0},{"damage":14.0,"enemies":"Small Slimes","floor":3.0,"turns":4.0},{"damage":11.0,"enemies":"3 Louse","floor":4.0,"turns":5.0},{"damage":3.0,"enemies":"Large Slime","floor":5.0,"turns":11.0},{"damage":0.0,"enemies":"2 Fungi Beasts","floor":7.0,"turns":5.0},{"damage":30.0,"enemies":"Gremlin Nob","floor":13.0,"turns":4.0},{"damage":17,"enemies":"Hexaghost","floor":16,"turns":10}],"seed_played":"852999917520909322","potions_obtained":[{"floor":3.0,"key":"PowerPotion"},{"floor":5.0,"key":"EssenceOfSteel"}],"is_trial":false,"path_per_floor":["M","M","M","M","M","R","M","R","T","R","$","?","?","?","R","B"],"character_chosen":"THE_SILENT","items_purchased":["Panacea","Fire Potion"],"campfire_rested":1,"item_purchase_floors":[11,11],"current_hp_per_floor":[52,45,31,20,17,17,17,17,17,36,36,36,16,16,16,0],"gold":78,"neow_bonus":"ONE_RANDOM_RARE_CARD","is_prod":false,"is_daily":false,"chose_seed":false,"campfire_upgraded":3,"win_rate":0,"timestamp":1563974136,"path_taken":["M","M","?","M","M","R","M","R","T","R","$","?","?","?","R","BOSS"],"build_version":"2019-07-17","purchased_purges":0,"victory":false,"max_hp_per_floor":[66,66,66,66,66,66,66,66,66,66,66,66,76,69,69,69],"card_choices":[{"not_picked":["Outmaneuver","Choke"],"picked":"Caltrops","floor":1.0},{"not_picked":["Choke","Reflex"],"picked":"Deadly Poison","floor":2.0},{"not_picked":["Flechettes","Sucker Punch"],"picked":"Bane","floor":3.0},{"not_picked":["Prepared","PiercingWail"],"picked":"Backflip","floor":4.0},{"not_picked":["Choke","Accuracy"],"picked":"Predator","floor":5.0},{"not_picked":["Bane","Dagger Throw"],"picked":"Heel Hook","floor":7.0}],"player_experience":882726,"relics_obtained":[{"floor":9.0,"key":"Lantern"}],"event_choices":[{"damage_healed":0.0,"max_hp_gain":0.0,"max_hp_loss":0.0,"gold_gain":0.0,"event_name":"Liars Game","player_choice":"Ignored","floor":12.0,"gold_loss":0.0,"damage_taken":0.0},{"damage_healed":0.0,"max_hp_gain":0.0,"max_hp_loss":0.0,"gold_gain":0.0,"event_name":"Dead Adventurer","player_choice":"Searched \u00272\u0027 times","floor":13.0,"gold_loss":0.0,"damage_taken":0.0,"relics_obtained":["Pear"]},{"damage_healed":0.0,"max_hp_gain":0.0,"max_hp_loss":7.0,"gold_gain":0.0,"event_name":"Golden Idol","player_choice":"Lose Max HP","floor":14.0,"gold_loss":0.0,"damage_taken":0.0,"relics_obtained":["Golden Idol"]}],"is_beta":false,"boss_relics":[],"items_purged_floors":[],"is_endless":false,"potions_floor_spawned":[3,5],"killed_by":"Hexaghost","ascension_level":17}