{"gold_per_floor":[99,99,99,27,27,27,27,27,27,27,27],"floor_reached":11,"playtime":235,"items_purged":[],"score":124,"play_id":"14b15d79-e62a-4507-a827-2d04afeb9797","local_time":"20190116093555","is_ascension_mode":true,"campfire_choices":[{"data":"Noxious Fumes","floor":8,"key":"SMITH"}],"neow_cost":"NONE","seed_source_timestamp":655983070036610,"circlet_count":0,"master_deck":["AscendersBane","Defend_G","Defend_G","Defend_G+1","Defend_G","Defend_G","Strike_G","Strike_G","Strike_G","Strike_G","Strike_G","Survivor","Neutralize+1","Backflip+1","Quick Slash","Noxious Fumes+1","Cloak And Dagger","Catalyst"],"special_seed":0,"relics":["Ectoplasm","Sundial","War Paint"],"potions_floor_usage":[],"damage_taken":[{"damage":10.0,"enemies":"Jaw Worm","floor":1.0,"turns":6.0},{"damage":0,"enemies":"Cultist","floor":3,"turns":4},{"damage":31,"enemies":"Gremlin Nob","floor":6,"turns":5},{"damage":2,"enemies":"2 Louse","floor":7,"turns":3},{"damage":6,"enemies":"Lots of Slimes","floor":11,"turns":1}],"seed_played":"-8014601000251899218","potions_obtained":[{"floor":1.0,"key":"Energy Potion"},{"floor":7,"key":"Ancient Potion"}],"is_trial":false,"path_per_floor":["M","?","M","$","?","E","M","R","T","?","M"],"character_chosen":"THE_SILENT","items_purchased":["Noxious Fumes"],"campfire_rested":0,"item_purchase_floors":[4],"current_hp_per_floor":[49,49,49,49,38,7,5,5,5,5,0],"gold":27,"neow_bonus":"BOSS_RELIC","is_prod":false,"is_daily":false,"chose_seed":false,"campfire_upgraded":1,"win_rate":0,"timestamp":1547627755,"path_taken":["M","?","M","$","?","E","M","R","T","?","M"],"build_version":"2019-01-10","purchased_purges":0,"victory":false,"max_hp_per_floor":[66,66,66,66,66,66,66,66,66,66,66],"card_choices":[{"not_picked":["Eviscerate","Terror"],"picked":"Backflip","floor":1.0},{"not_picked":["Concentrate","Slice"],"picked":"Quick Slash","floor":3},{"not_picked":["Escape Plan","Quick Slash"],"picked":"Cloak And Dagger","floor":6},{"not_picked":["Deadly Poison","Quick Slash"],"picked":"Catalyst","floor":7}],"player_experience":751031,"relics_obtained":[{"floor":6,"key":"Sundial"},{"floor":9,"key":"War Paint"}],"event_choices":[{"damage_healed":0,"gold_gain":0,"player_choice":"Ignored","damage_taken":0,"max_hp_gain":0,"max_hp_loss":0,"event_name":"Shining Light","floor":2,"gold_loss":0},{"damage_healed":0,"gold_gain":75,"player_choice":"Gather Gold","damage_taken":11,"max_hp_gain":0,"max_hp_loss":0,"event_name":"World of Goop","floor":5,"gold_loss":0},{"damage_healed":0,"gold_gain":0,"player_choice":"Forge","damage_taken":0,"max_hp_gain":0,"max_hp_loss":0,"event_name":"Accursed Blacksmith","floor":10,"gold_loss":0,"cards_upgraded":["Neutralize"]}],"is_beta":false,"boss_relics":[],"items_purged_floors":[],"is_endless":false,"potions_floor_spawned":[1,7],"killed_by":"Lots of Slimes","ascension_level":15}