{"gold_per_floor":[113,113,113,38,52,87,87,100,125,135,151,51,51,70,70,175,175,188,37,57,80,91,91,91,37,37,37,70,87,12,30,30,127,127,146,160,43,43,55,55,155,170,224,574,574,590,590],"floor_reached":47,"playtime":1373,"items_purged":["Defend_R","Bash"],"score":472,"play_id":"327e07cc-7cdb-448b-87b3-66f7e22d1196","local_time":"20190730231640","is_ascension_mode":false,"campfire_choices":[{"data":"Immolate","floor":7,"key":"SMITH"},{"data":"Cleave","floor":15,"key":"SMITH"},{"data":"Double Tap","floor":24,"key":"SMITH"},{"data":"Trip","floor":27,"key":"SMITH"},{"floor":32,"key":"REST"},{"floor":40,"key":"REST"},{"floor":45,"key":"REST"}],"neow_cost":"PERCENT_DAMAGE","seed_source_timestamp":1658267059244626,"circlet_count":0,"master_deck":["Strike_R","Strike_R","Strike_R","Strike_R","Defend_R","Cleave+1","Immolate+1","Rampage","Double Tap+1","Cleave","Flex","Trip+1","Rage","Thunderclap","Offering","Rage+1","Flex","Seeing Red+1","Cleave+1","Pummel+1"],"relics":["Burning Blood","Torii","Regal Pillow","Ancient Tea Set","GremlinMask","Runic Cube","Dream Catcher","Incense Burner","Black Star","Champion Belt","Vajra","Old Coin"],"potions_floor_usage":[6,22,28,31,33,35,39,41,41,44,47,47],"damage_taken":[{"damage":0,"enemies":"2 Louse","floor":1,"turns":2},{"damage":2,"enemies":"Jaw Worm","floor":5,"turns":4},{"damage":36,"enemies":"Lagavulin","floor":6,"turns":5},{"damage":0,"enemies":"Cultist","floor":8,"turns":2},{"damage":13,"enemies":"Large Slime","floor":10,"turns":4},{"damage":8,"enemies":"Red Slaver","floor":11,"turns":2},{"damage":0,"enemies":"2 Fungi Beasts","floor":14,"turns":1},{"damage":51,"enemies":"Slime Boss","floor":16,"turns":9},{"damage":10,"enemies":"Shell Parasite","floor":18,"turns":3},{"damage":30,"enemies":"2 Thieves","floor":20,"turns":3},{"damage":15,"enemies":"Snake Plant","floor":22,"turns":3},{"damage":11,"enemies":"Gremlin Leader","floor":28,"turns":5},{"damage":32,"enemies":"Centurion and Healer","floor":29,"turns":3},{"damage":10,"enemies":"Snecko","floor":31,"turns":3},{"damage":26,"enemies":"Automaton","floor":33,"turns":8},{"damage":29,"enemies":"3 Darklings","floor":35,"turns":2},{"damage":18,"enemies":"3 Shapes","floor":36,"turns":3},{"damage":55,"enemies":"Jaw Worm Horde","floor":39,"turns":3},{"damage":18,"enemies":"Mind Bloom Boss Battle","floor":41,"turns":5},{"damage":17,"enemies":"Writhing Mass","floor":42,"turns":6},{"damage":17,"enemies":"2 Orb Walkers","floor":44,"turns":4},{"damage":7,"enemies":"3 Darklings","floor":46,"turns":2},{"damage":59,"enemies":"Nemesis","floor":47,"turns":4}],"seed_played":"5224702990217306748","potions_obtained":[{"floor":5,"key":"Energy Potion"},{"floor":8,"key":"Strength Potion"},{"floor":14,"key":"Strength Potion"},{"floor":16,"key":"Strength Potion"},{"floor":22,"key":"SteroidPotion"},{"floor":29,"key":"SteroidPotion"},{"floor":35,"key":"SteroidPotion"},{"floor":39,"key":"EntropicBrew"},{"floor":44,"key":"SpeedPotion"}],"is_trial":false,"path_per_floor":["M","?","?","$","M","E","R","M","T","M","M","$","?","M","R","B",null,"M","$","M","T","M","?","R","$","T","R","E","M","?","M","R","B",null,"M","M","$","?","M","R","?","M","T","?","R","M","E"],"character_chosen":"IRONCLAD","items_purchased":["Flex","Trip","Thunderclap","Flex","BloodPotion"],"campfire_rested":3,"item_purchase_floors":[19,19,25,37,37],"current_hp_per_floor":[62,62,80,80,80,50,50,56,56,49,47,47,47,53,53,8,80,76,76,52,52,43,43,43,43,43,43,38,12,12,8,47,27,80,57,45,45,45,16,55,43,32,32,21,60,59,0],"gold":590,"neow_bonus":"ONE_RARE_RELIC","is_prod":false,"is_daily":false,"chose_seed":false,"campfire_upgraded":4,"win_rate":0,"timestamp":1564543000,"path_taken":["M","?","?","$","M","E","R","M","T","?","M","$","?","M","R","BOSS","M","$","M","?","M","?","R","$","T","R","E","M","?","M","R","BOSS","M","M","$","?","?","R","?","M","T","?","R","M","E"],"build_version":"2019-07-17","purchased_purges":2,"victory":false,"max_hp_per_floor":[80,80,80,80,80,80,80,80,80,80,80,80,80,80,80,80,80,80,80,80,80,80,80,80,80,80,80,80,80,80,80,80,80,80,80,80,80,80,80,80,80,80,80,80,80,80,80],"card_choices":[{"not_picked":["Warcry","Headbutt","Dropkick"],"picked":"SKIP","floor":1},{"not_picked":["Twin Strike","Warcry"],"picked":"Cleave","floor":5},{"not_picked":["Hemokinesis","Armaments"],"picked":"Immolate","floor":6},{"not_picked":["Body Slam","Iron Wave","Uppercut"],"picked":"SKIP","floor":8},{"not_picked":["Anger","Disarm","Warcry"],"picked":"SKIP","floor":10},{"not_picked":["Anger","Shrug It Off"],"picked":"Rampage","floor":11},{"not_picked":["Metallicize","Armaments","Pommel Strike"],"picked":"SKIP","floor":14},{"not_picked":["Impervious","Reaper"],"picked":"Double Tap","floor":16},{"not_picked":["Anger","Wild Strike+1"],"picked":"Cleave","floor":18},{"not_picked":["Hemokinesis+1","Twin Strike"],"picked":"Rage","floor":20},{"not_picked":["Armaments","Wild Strike","Heavy Blade"],"picked":"SKIP","floor":22},{"not_picked":["Exhume","Corruption","True Grit"],"picked":"SKIP","floor":28},{"not_picked":["Clothesline","Sword Boomerang+1","Headbutt+1"],"picked":"SKIP","floor":29},{"not_picked":["Sword Boomerang","Iron Wave+1","Fire Breathing"],"picked":"SKIP","floor":31},{"not_picked":["Fiend Fire","Demon Form"],"picked":"Offering","floor":33},{"not_picked":["Clash","Twin Strike+1"],"picked":"Rage+1","floor":35},{"not_picked":["True Grit+1","Inflame","Intimidate+1"],"picked":"SKIP","floor":36},{"not_picked":["Anger","Clash+1","Headbutt"],"picked":"SKIP","floor":39},{"not_picked":["Cleave","True Grit"],"picked":"Seeing Red+1","floor":40},{"not_picked":["Headbutt+1","Shrug It Off+1","Second Wind+1"],"picked":"SKIP","floor":42},{"not_picked":["Shockwave","Berserk"],"picked":"Cleave+1","floor":44},{"not_picked":["Heavy Blade+1","Entrench"],"picked":"Pummel+1","floor":46}],"player_experience":247721,"relics_obtained":[{"floor":6,"key":"Regal Pillow"},{"floor":9,"key":"Ancient Tea Set"},{"floor":21,"key":"Dream Catcher"},{"floor":28,"key":"Incense Burner"},{"floor":41,"key":"Champion Belt"},{"floor":43,"key":"Vajra"},{"floor":44,"key":"Old Coin"}],"event_choices":[{"cards_removed":["Defend_R"],"damage_healed":0,"gold_gain":0,"player_choice":"Forget","damage_taken":0,"max_hp_gain":0,"max_hp_loss":0,"event_name":"Living Wall","floor":2,"gold_loss":0},{"damage_healed":18,"gold_gain":0,"player_choice":"Full Heal","damage_taken":0,"max_hp_gain":0,"max_hp_loss":0,"event_name":"Wheel of Change","floor":3,"gold_loss":0},{"damage_healed":0,"gold_gain":0,"player_choice":"Trade","damage_taken":0,"relics_obtained":["GremlinMask"],"max_hp_gain":0,"max_hp_loss":0,"event_name":"FaceTrader","floor":13,"gold_loss":0},{"damage_healed":0,"gold_gain":0,"player_choice":"Ignored","damage_taken":0,"max_hp_gain":0,"max_hp_loss":0,"event_name":"Ghosts","floor":23,"gold_loss":0},{"cards_removed":["Strike_R"],"damage_healed":0,"gold_gain":0,"player_choice":"Gave Gold","damage_taken":0,"max_hp_gain":0,"max_hp_loss":0,"event_name":"Beggar","floor":30,"gold_loss":75},{"cards_removed":["Defend_R"],"damage_healed":0,"gold_gain":0,"player_choice":"Purged","damage_taken":0,"max_hp_gain":0,"max_hp_loss":0,"event_name":"Purifier","floor":38,"gold_loss":0},{"damage_healed":0,"gold_gain":0,"player_choice":"Fight","damage_taken":0,"max_hp_gain":0,"max_hp_loss":0,"event_name":"MindBloom","floor":41,"gold_loss":0},{"damage_healed":0,"gold_gain":0,"player_choice":"Fight","damage_taken":0,"max_hp_gain":0,"max_hp_loss":0,"event_name":"Mysterious Sphere","floor":44,"gold_loss":0}],"is_beta":false,"boss_relics":[{"not_picked":["Fusion Hammer","Calling Bell"],"picked":"Runic Cube"},{"not_picked":["Runic Pyramid","Coffee Dripper"],"picked":"Black Star"}],"items_purged_floors":[4,12],"is_endless":false,"potions_floor_spawned":[5,8,14,16,20,22,29,35,39,44],"killed_by":"Nemesis","ascension_level":0}