{"gold_per_floor":[113,113,4,4,4,37,37,37,83,83,122,22,22,38,38,166,166,189,205,205,10,31,31,31,130,157,175,175,175,200,213,213,213],"floor_reached":33,"playtime":932,"items_purged":["Regret","Strike_R"],"score":301,"play_id":"2039cd9f-cbaf-4290-b45b-3662f6854baf","local_time":"20190409194344","is_ascension_mode":false,"campfire_choices":[{"floor":7,"key":"RECALL"},{"data":"Fire Breathing","floor":13,"key":"SMITH"},{"data":"Bash","floor":15,"key":"SMITH"},{"data":"J.A.X.","floor":23,"key":"SMITH"},{"data":"Warcry","floor":32,"key":"SMITH"}],"neow_cost":"NONE","seed_source_timestamp":388342245083736,"circlet_count":0,"master_deck":["Strike_R","Strike_R","Strike_R+1","Defend_R","Defend_R","Defend_R","Defend_R","Bash+1","Dropkick","Corruption+1","Burning Pact","Fire Breathing+1","Anger","Bludgeon","Headbutt","Thunderclap","J.A.X.+1","Mayhem","Flex","Inflame","Demon Form","Warcry","Warcry+1"],"relics":["Burning Blood","Self Forming Clay","Golden Idol","Juzu Bracelet","Meat on the Bone","Mark of Pain","Vajra","Nloth\u0027s Gift"],"potions_floor_usage":[16,30,31,33,33],"damage_taken":[{"damage":0,"enemies":"2 Louse","floor":1,"turns":1},{"damage":0,"enemies":"Lagavulin","floor":6,"turns":2},{"damage":0,"enemies":"3 Sentries","floor":11,"turns":2},{"damage":0,"enemies":"Jaw Worm","floor":14,"turns":3},{"damage":32,"enemies":"Slime Boss","floor":16,"turns":9},{"damage":8,"enemies":"Shell Parasite","floor":18,"turns":4},{"damage":10,"enemies":"3 Byrds","floor":19,"turns":5},{"damage":21,"enemies":"Centurion and Healer","floor":22,"turns":5},{"damage":23,"enemies":"Snake Plant","floor":27,"turns":4},{"damage":26,"enemies":"3 Cultists","floor":30,"turns":5},{"damage":10,"enemies":"Chosen and Byrds","floor":31,"turns":4},{"damage":72,"enemies":"Automaton","floor":33,"turns":6}],"seed_played":"-670493919987021913","potions_obtained":[{"floor":14,"key":"Fire Potion"},{"floor":16,"key":"Ancient Potion"},{"floor":18,"key":"Fire Potion"},{"floor":27,"key":"BloodPotion"},{"floor":30,"key":"SteroidPotion"}],"is_trial":false,"path_per_floor":["M","?","$","?","$","E","R","?","T","?","E","$","R","M","R","B",null,"M","M","?","$","M","R","?","?","T","M","?","?","M","M","R","B"],"character_chosen":"IRONCLAD","items_purchased":["Corruption","Mayhem"],"campfire_rested":0,"item_purchase_floors":[3,21],"current_hp_per_floor":[80,80,80,74,74,74,74,74,74,59,65,65,65,71,71,45,74,72,68,68,68,53,53,53,53,53,48,48,48,47,55,55,0],"gold":213,"neow_bonus":"THREE_ENEMY_KILL","is_prod":false,"is_daily":false,"chose_seed":false,"campfire_upgraded":4,"win_rate":0,"timestamp":1554857024,"path_taken":["M","?","$","?","?","E","R","?","T","?","E","$","R","M","R","BOSS","M","M","?","$","M","R","?","?","T","M","?","?","M","M","R","BOSS"],"build_version":"2019-01-23","purchased_purges":2,"victory":false,"max_hp_per_floor":[80,80,80,74,74,74,74,74,74,74,74,74,74,74,74,74,74,74,74,74,74,74,74,74,74,74,74,74,74,74,74,74,74],"card_choices":[{"not_picked":["Clash","Armaments"],"picked":"Dropkick","floor":1},{"not_picked":["Headbutt","Twin Strike"],"picked":"Burning Pact","floor":6},{"not_picked":["Evolve","Entrench"],"picked":"Fire Breathing","floor":11},{"not_picked":["Shockwave","Armaments"],"picked":"Anger","floor":14},{"not_picked":["Juggernaut","Impervious"],"picked":"Bludgeon","floor":16},{"not_picked":["Feel No Pain","Rupture+1"],"picked":"Headbutt","floor":18},{"not_picked":["Sever Soul","Clothesline+1"],"picked":"Thunderclap","floor":19},{"not_picked":["Sentinel","Clothesline"],"picked":"Flex","floor":22},{"not_picked":["Body Slam","Twin Strike"],"picked":"Inflame","floor":27},{"not_picked":["Anger","Clothesline"],"picked":"Warcry","floor":30},{"not_picked":["Fiend Fire","Body Slam"],"picked":"Warcry","floor":31}],"player_experience":748851,"relics_obtained":[{"floor":6,"key":"Juzu Bracelet"},{"floor":11,"key":"Meat on the Bone"},{"floor":26,"key":"Vajra"}],"event_choices":[{"damage_healed":0,"gold_gain":0,"player_choice":"Box","damage_taken":0,"relics_obtained":["Self Forming Clay"],"max_hp_gain":0,"max_hp_loss":0,"event_name":"Big Fish","floor":2,"gold_loss":0,"cards_obtained":["Regret"]},{"damage_healed":0,"gold_gain":0,"player_choice":"Lose Max HP","damage_taken":0,"relics_obtained":["Golden Idol"],"max_hp_gain":0,"max_hp_loss":6,"event_name":"Golden Idol","floor":4,"gold_loss":0},{"cards_removed":["Strike_R"],"damage_healed":0,"gold_gain":0,"player_choice":"Offered Basic","damage_taken":0,"max_hp_gain":0,"max_hp_loss":0,"event_name":"Bonfire Elementals","floor":8,"gold_loss":0},{"damage_healed":0,"gold_gain":0,"player_choice":"Entered Light","damage_taken":15,"max_hp_gain":0,"max_hp_loss":0,"event_name":"Shining Light","floor":10,"gold_loss":0,"cards_upgraded":["Corruption","Strike_R"]},{"damage_healed":0,"gold_gain":0,"player_choice":"Obtain J.A.X.","damage_taken":0,"max_hp_gain":0,"max_hp_loss":0,"event_name":"Drug Dealer","floor":20,"gold_loss":0,"cards_obtained":["J.A.X."]},{"damage_healed":0,"gold_gain":0,"player_choice":"Ignored","damage_taken":0,"max_hp_gain":0,"max_hp_loss":0,"event_name":"Beggar","floor":24,"gold_loss":0},{"damage_healed":0,"gold_gain":99,"player_choice":"Stole From Cult","damage_taken":0,"max_hp_gain":0,"max_hp_loss":0,"event_name":"Nest","floor":25,"gold_loss":0},{"damage_healed":0,"gold_gain":0,"player_choice":"Traded Relic","damage_taken":0,"relics_obtained":["Nloth\u0027s Gift"],"max_hp_gain":0,"max_hp_loss":0,"event_name":"N\u0027loth","floor":28,"relics_lost":["NeowsBlessing"],"gold_loss":0},{"damage_healed":0,"gold_gain":0,"player_choice":"Read","damage_taken":0,"max_hp_gain":0,"max_hp_loss":0,"event_name":"The Library","floor":29,"gold_loss":0,"cards_obtained":["Demon Form"]}],"is_beta":false,"boss_relics":[{"not_picked":["Eternal Feather","Pandora\u0027s Box"],"picked":"Mark of Pain"}],"items_purged_floors":[3,12],"is_endless":false,"potions_floor_spawned":[14,16,18,27,30],"killed_by":"Automaton","ascension_level":0}