{"gold_per_floor":[13,13,33,48,48,48,78,78,102,118,135,135,60,60,60,138,138,150,150,150],"floor_reached":20,"playtime":729,"items_purged":["Defend_R"],"score":344,"play_id":"56b08846-d0f1-4f91-a601-eb6ff495dafb","local_time":"20190306215522","is_ascension_mode":true,"campfire_choices":[{"data":"Bash","floor":6.0,"key":"SMITH"},{"data":"Battle Trance","floor":12.0,"key":"SMITH"},{"floor":15.0,"key":"REST"}],"neow_cost":"NO_GOLD","seed_source_timestamp":135598599798925,"circlet_count":0,"master_deck":["AscendersBane","Strike_R","Strike_R+1","Strike_R+1","Strike_R","Defend_R","Defend_R","Defend_R","Bash+1","Inflame+1","Battle Trance+1","Ghostly Armor","Demon Form","Metallicize","Evolve","Shrug It Off"],"special_seed":0,"relics":["Burning Blood","Pocketwatch","Omamori","Bag of Marbles","Orrery","Regal Pillow"],"potions_floor_usage":[18],"damage_taken":[{"damage":7.0,"enemies":"Jaw Worm","floor":1.0,"turns":3.0},{"damage":6.0,"enemies":"Cultist","floor":3.0,"turns":3.0},{"damage":11.0,"enemies":"Small Slimes","floor":4.0,"turns":3.0},{"damage":30.0,"enemies":"Lagavulin","floor":7.0,"turns":5.0},{"damage":9.0,"enemies":"2 Fungi Beasts","floor":10.0,"turns":4.0},{"damage":13.0,"enemies":"Red Slaver","floor":11.0,"turns":3.0},{"damage":26.0,"enemies":"The Guardian","floor":16.0,"turns":19.0},{"damage":40,"enemies":"2 Thieves","floor":18,"turns":5},{"damage":29,"enemies":"Spheric Guardian","floor":20,"turns":5}],"seed_played":"4334147510066640926","potions_obtained":[{"floor":3.0,"key":"Swift Potion"},{"floor":4.0,"key":"Weak Potion"},{"floor":7.0,"key":"SkillPotion"}],"is_trial":false,"path_per_floor":["M","?","M","M","?","R","E","?","T","M","M","R","$","?","R","B",null,"M","?","M"],"character_chosen":"IRONCLAD","items_purchased":[],"campfire_rested":1,"item_purchase_floors":[],"current_hp_per_floor":[67,67,67,62,67,67,43,43,43,40,33,33,33,9,33,13,63,29,29,0],"gold":150,"neow_bonus":"ONE_RARE_RELIC","is_prod":false,"is_daily":false,"chose_seed":false,"campfire_upgraded":2,"win_rate":0,"timestamp":1551905722,"path_taken":["M","?","?","M","?","R","E","?","T","?","M","R","$","?","R","BOSS","M","?","M"],"build_version":"2019-01-23","purchased_purges":1,"victory":false,"max_hp_per_floor":[75,75,75,75,80,80,80,80,80,80,80,80,80,80,80,80,80,80,80,80],"card_choices":[{"not_picked":["Body Slam","Rupture"],"picked":"Inflame","floor":1.0},{"not_picked":["Thunderclap","Whirlwind","Pommel Strike"],"picked":"SKIP","floor":3.0},{"not_picked":["Armaments","Searing Blow","Thunderclap"],"picked":"SKIP","floor":4.0},{"not_picked":["Dropkick","Exhume","Warcry"],"picked":"SKIP","floor":7.0},{"not_picked":["Dual Wield","Sword Boomerang"],"picked":"Battle Trance","floor":10.0},{"not_picked":["Anger","Pommel Strike"],"picked":"Ghostly Armor","floor":11.0},{"not_picked":["Brutality","Double Tap"],"picked":"Demon Form","floor":16.0},{"not_picked":["Uppercut","Evolve"],"picked":"Metallicize","floor":17},{"not_picked":["Power Through","Sentinel"],"picked":"Evolve","floor":17},{"not_picked":["Sever Soul","Havoc"],"picked":"Shrug It Off","floor":17},{"not_picked":["Burning Pact","Clothesline+1","Warcry"],"picked":"SKIP","floor":18}],"player_experience":948789,"relics_obtained":[{"floor":7.0,"key":"Omamori"},{"floor":9.0,"key":"Bag of Marbles"},{"floor":19,"key":"Regal Pillow"}],"event_choices":[{"cards_removed":["Strike_R"],"damage_healed":0.0,"max_hp_gain":0.0,"max_hp_loss":0.0,"gold_gain":0.0,"event_name":"Wheel of Change","player_choice":"Card Removal","floor":2.0,"gold_loss":0.0,"damage_taken":0.0},{"damage_healed":0.0,"max_hp_gain":5.0,"max_hp_loss":0.0,"gold_gain":0.0,"event_name":"Big Fish","player_choice":"Donut","floor":5.0,"gold_loss":0.0,"damage_taken":0.0},{"damage_healed":0.0,"max_hp_gain":0.0,"max_hp_loss":0.0,"gold_gain":0.0,"event_name":"Upgrade Shrine","player_choice":"Upgraded","floor":8.0,"gold_loss":0.0,"damage_taken":0.0,"cards_upgraded":["Inflame"]},{"damage_healed":0.0,"max_hp_gain":0.0,"max_hp_loss":0.0,"gold_gain":0.0,"event_name":"Shining Light","player_choice":"Entered Light","floor":14.0,"gold_loss":0.0,"damage_taken":24.0,"cards_upgraded":["Strike_R","Strike_R"]},{"damage_healed":0,"gold_gain":0,"player_choice":"Relic","damage_taken":0,"max_hp_gain":0,"max_hp_loss":0,"event_name":"Wheel of Change","floor":19,"gold_loss":0}],"is_beta":false,"boss_relics":[{"not_picked":["Lizard Tail","Black Star"],"picked":"Orrery"}],"items_purged_floors":[13],"is_endless":false,"potions_floor_spawned":[3,4,7,10],"killed_by":"Spheric Guardian","ascension_level":20}