{"gold_per_floor":[111,130,59,59,59,59,91,91,91,129,147,147,170,95,95,95],"floor_reached":16,"playtime":1528,"items_purged":["Strike_R"],"score":119,"play_id":"04dc5cba-55af-4db1-a832-33d8a13dee95","local_time":"20190728003937","is_ascension_mode":true,"campfire_choices":[{"data":"Bash","floor":6,"key":"SMITH"},{"data":"Armaments","floor":12,"key":"SMITH"},{"data":"Intimidate","floor":15,"key":"SMITH"}],"neow_cost":"NONE","seed_source_timestamp":295261059853169,"circlet_count":0,"master_deck":["Strike_R","Strike_R","Strike_R","Defend_R","Defend_R","Defend_R","Defend_R","Bash+1","Intimidate+1","Shockwave","Inflame+1","Cleave","Battle Trance","Armaments+1","Feel No Pain"],"relics":["Burning Blood","Potion Belt","Golden Idol","Singing Bowl","Molten Egg 2"],"potions_floor_usage":[],"damage_taken":[{"damage":5,"enemies":"2 Louse","floor":1,"turns":3},{"damage":0,"enemies":"Small Slimes","floor":2,"turns":3},{"damage":36,"enemies":"3 Sentries","floor":7,"turns":11},{"damage":20,"enemies":"Gremlin Nob","floor":10,"turns":4},{"damage":4,"enemies":"Jaw Worm","floor":11,"turns":4},{"damage":5,"enemies":"Exordium Wildlife","floor":13,"turns":5},{"damage":44,"enemies":"Slime Boss","floor":16,"turns":8}],"seed_played":"-6252818614681779372","potions_obtained":[{"floor":1,"key":"Regen Potion"},{"floor":10,"key":"SpeedPotion"}],"is_trial":false,"path_per_floor":["M","M","$","?","?","R","E","?","T","E","M","R","M","$","R","B"],"character_chosen":"IRONCLAD","items_purchased":["Inflame"],"campfire_rested":0,"item_purchase_floors":[3],"current_hp_per_floor":[80,80,80,85,85,85,55,55,55,41,43,43,44,44,44,0],"gold":95,"neow_bonus":"TRANSFORM_CARD","is_prod":false,"is_daily":false,"chose_seed":false,"campfire_upgraded":3,"win_rate":0,"timestamp":1564292377,"path_taken":["M","M","$","?","?","R","E","?","T","E","M","R","M","?","R","BOSS"],"build_version":"2019-07-17","purchased_purges":1,"victory":false,"max_hp_per_floor":[80,80,80,85,85,85,85,79,79,79,79,79,79,79,79,79],"card_choices":[{"not_picked":["Carnage","Clash"],"picked":"Shockwave","floor":1},{"not_picked":["Heavy Blade","Sever Soul","Entrench"],"picked":"SKIP","floor":2},{"not_picked":["Thunderclap","Havoc"],"picked":"Cleave","floor":7},{"not_picked":["Combust","Cleave"],"picked":"Battle Trance","floor":10},{"not_picked":["Second Wind","Headbutt+1"],"picked":"Armaments","floor":11},{"not_picked":["Clash+1","Entrench"],"picked":"Feel No Pain","floor":13}],"player_experience":142220,"relics_obtained":[{"floor":7,"key":"Potion Belt"},{"floor":9,"key":"Singing Bowl"},{"floor":10,"key":"Molten Egg 2"}],"event_choices":[{"damage_healed":0,"gold_gain":0,"player_choice":"Donut","damage_taken":0,"max_hp_gain":5,"max_hp_loss":0,"event_name":"Big Fish","floor":4,"gold_loss":0},{"damage_healed":0,"gold_gain":0,"player_choice":"Grow","damage_taken":0,"max_hp_gain":0,"max_hp_loss":0,"event_name":"Living Wall","floor":5,"gold_loss":0,"cards_upgraded":["Inflame"]},{"damage_healed":0,"gold_gain":0,"player_choice":"Lose Max HP","damage_taken":0,"relics_obtained":["Golden Idol"],"max_hp_gain":0,"max_hp_loss":6,"event_name":"Golden Idol","floor":8,"gold_loss":0}],"is_beta":false,"boss_relics":[],"items_purged_floors":[14],"is_endless":false,"potions_floor_spawned":[1,10],"killed_by":"Slime Boss","ascension_level":2}