{"path_per_floor":["M","M","?","$","M","R","M","?","T","M","R","E","$","?","R","B",null,"M","?"],"character_chosen":"DEFECT","items_purchased":["War Paint"],"gold_per_floor":[119,135,135,60,71,71,89,89,134,149,149,182,33,33,33,137,137,152,152,152],"floor_reached":20,"campfire_rested":1,"playtime":879,"item_purchase_floors":[],"current_hp_per_floor":[67,63,63,63,63,63,63,56,56,52,52,31,31,16,38,17,61,29,29,0],"items_purged":["Defend_B"],"gold":152,"score":232,"play_id":"a20b30bd-8b21-4f90-8b17-a700080879da","local_time":"20180609134753","is_prod":false,"is_daily":false,"chose_seed":false,"is_ascension_mode":true,"campfire_upgraded":2,"win_rate":0,"timestamp":1528544873,"campfire_choices":[{"data":"Zap","floor":6.0,"key":"SMITH"},{"data":"Dualcast","floor":11.0,"key":"SMITH"},{"floor":15.0,"key":"REST"}],"path_taken":["M","?","?","$","?","R","M","?","T","M","R","E","$","?","R","BOSS","M","?","M"],"build_version":"2018-06-07v3","seed_source_timestamp":0,"purchased_purges":1,"victory":false,"master_deck":["Strike_B","Strike_B","Defend_B","Defend_B+1","Defend_B+1","Zap+1","Dualcast+1","Reinforced Body+1","Capacitor","Coolheaded+1","Sweeping Beam","Compile Driver","BootSequence","Rainbow","Consume+1","Redo"],"max_hp_per_floor":[75,75,75,75,75,75,75,75,75,75,75,75,75,75,75,75,75,75,75,75],"relics":["Cracked Core","Pen Nib","Happy Flower","War Paint","White Beast Statue"],"card_choices":[{"not_picked":["Auto Shields","Streamline"],"picked":"Capacitor","floor":1.0},{"not_picked":["Undo","Conserve Battery"],"picked":"Coolheaded","floor":2.0},{"not_picked":["Leap","Gash","Rainbow"],"picked":"SKIP","floor":5.0},{"not_picked":["Rebound","Loop"],"picked":"Sweeping Beam","floor":7.0},{"not_picked":["Streamline","Hello World"],"picked":"Compile Driver","floor":10.0},{"not_picked":["Loop","Rebound"],"picked":"BootSequence","floor":12.0},{"not_picked":["Core Surge","Biased Cognition"],"picked":"Rainbow","floor":16.0},{"not_picked":["Chill+1","Steam Power"],"picked":"Consume+1","floor":18}],"player_experience":562368,"potions_floor_usage":[18,20],"damage_taken":[{"damage":1.0,"enemies":"Cultist","floor":1.0,"turns":4.0},{"damage":4.0,"enemies":"Small Slimes","floor":2.0,"turns":4.0},{"damage":0.0,"enemies":"2 Louse","floor":5.0,"turns":4.0},{"damage":0.0,"enemies":"Red Slaver","floor":7.0,"turns":3.0},{"damage":4.0,"enemies":"2 Fungi Beasts","floor":10.0,"turns":4.0},{"damage":21.0,"enemies":"Lagavulin","floor":12.0,"turns":6.0},{"damage":21.0,"enemies":"Hexaghost","floor":16.0,"turns":11.0},{"damage":32,"enemies":"3 Byrds","floor":18,"turns":6},{"damage":36,"enemies":"Chosen","floor":20,"turns":6}],"relics_obtained":[{"floor":9.0,"key":"Pen Nib"},{"floor":12.0,"key":"Happy Flower"}],"event_choices":[{"event_name":"Match and Keep!","player_choice":"0 cards matched","floor":3.0,"damage_taken":0.0},{"event_name":"Wheel of Change","player_choice":"Damage","floor":8.0,"damage_taken":0.0},{"event_name":"Shining Light","player_choice":"Entered Light","floor":14.0,"damage_taken":0.0},{"event_name":"Transmorgrifier","player_choice":"Transform","floor":19,"damage_taken":0}],"boss_relics":[{"not_picked":["Tiny House","Calling Bell"],"picked":"White Beast Statue"}],"items_purged_floors":[],"potions_floor_spawned":[1,7,16,18],"seed_played":"5329238017751507606","killed_by":"Chosen","ascension_level":7,"potions_obtained":[{"floor":1.0,"key":"FearPotion"},{"floor":7.0,"key":"SkillPotion"},{"floor":16.0,"key":"FocusPotion"},{"floor":18,"key":"SkillPotion"}],"is_trial":false}