{"gold_per_floor":[109,184,204,204,231,231,269,269,269,269,287,287,310,331,331,331],"floor_reached":16,"playtime":347,"items_purged":[],"score":200,"play_id":"15faee58-ad91-4681-ae52-5d1eddd03478","local_time":"20190303104411","is_ascension_mode":true,"campfire_choices":[{"data":"Zap","floor":6,"key":"SMITH"},{"data":"Tempest","floor":8,"key":"SMITH"},{"floor":10,"key":"REST"},{"data":"Dualcast","floor":12,"key":"SMITH"},{"data":"Darkness","floor":15,"key":"SMITH"}],"neow_cost":"NONE","seed_source_timestamp":176220286447467,"circlet_count":0,"master_deck":["AscendersBane","Strike_B+1","Strike_B+1","Strike_B","Defend_B","Defend_B","Defend_B","Defend_B","Zap+1","Dualcast+1","Tempest+1","Barrage","Auto Shields","Darkness+1"],"relics":["Cracked Core","Golden Idol","Bag of Marbles","Whetstone","Lantern"],"potions_floor_usage":[13],"damage_taken":[{"damage":1,"enemies":"Cultist","floor":1,"turns":3},{"damage":4,"enemies":"2 Louse","floor":3,"turns":2},{"damage":47,"enemies":"Lagavulin","floor":7,"turns":6},{"damage":0,"enemies":"Jaw Worm","floor":11,"turns":2},{"damage":8,"enemies":"Exordium Thugs","floor":13,"turns":2},{"damage":3,"enemies":"3 Louse","floor":14,"turns":2},{"damage":10,"enemies":"The Guardian","floor":16,"turns":4}],"seed_played":"1884263489452148043","potions_obtained":[{"floor":7,"key":"Fire Potion"},{"floor":14,"key":"Weak Potion"}],"is_trial":false,"path_per_floor":["M","?","M","?","T","R","E","R","T","R","M","R","M","M","R","B"],"character_chosen":"DEFECT","items_purchased":[],"campfire_rested":1,"item_purchase_floors":[],"current_hp_per_floor":[63,52,48,48,48,48,1,1,1,20,20,20,12,9,9,0],"gold":331,"neow_bonus":"REMOVE_CARD","is_prod":false,"is_daily":false,"chose_seed":false,"campfire_upgraded":4,"win_rate":0,"timestamp":1551606251,"path_taken":["M","?","M","?","?","R","E","R","T","R","M","R","M","?","R","BOSS"],"build_version":"2019-01-23","purchased_purges":0,"victory":false,"max_hp_per_floor":[71,71,71,64,64,64,64,64,64,64,64,64,64,64,64,64],"card_choices":[{"not_picked":["Gash","Stack"],"picked":"Tempest","floor":1},{"not_picked":["Storm","Sweeping Beam"],"picked":"Barrage","floor":3},{"not_picked":["Turbo","FTL"],"picked":"Auto Shields","floor":7},{"not_picked":["Barrage","Turbo","Force Field"],"picked":"SKIP","floor":11},{"not_picked":["Hologram","Force Field","Steam"],"picked":"SKIP","floor":13},{"not_picked":["Hologram","Rebound"],"picked":"Darkness","floor":14}],"player_experience":928483,"relics_obtained":[{"floor":5,"key":"Bag of Marbles"},{"floor":7,"key":"Whetstone"},{"floor":9,"key":"Lantern"}],"event_choices":[{"damage_healed":0,"gold_gain":75,"player_choice":"Gather Gold","damage_taken":11,"max_hp_gain":0,"max_hp_loss":0,"event_name":"World of Goop","floor":2,"gold_loss":0},{"damage_healed":0,"gold_gain":0,"player_choice":"Lose Max HP","damage_taken":0,"relics_obtained":["Golden Idol"],"max_hp_gain":0,"max_hp_loss":7,"event_name":"Golden Idol","floor":4,"gold_loss":0}],"is_beta":false,"boss_relics":[],"items_purged_floors":[],"is_endless":false,"potions_floor_spawned":[7,14],"killed_by":"The Guardian","ascension_level":20}