{"gold_per_floor":[117,128,11,22,37,37,68,68,68,68,68],"floor_reached":11,"playtime":274,"items_purged":[],"score":146,"play_id":"1b8b515c-438c-4489-9254-323d59f73f9e","local_time":"20190720193940","is_ascension_mode":true,"campfire_choices":[{"data":"Sword Boomerang","floor":6.0,"key":"SMITH"},{"data":"True Grit","floor":8,"key":"SMITH"},{"data":"Body Slam","floor":10,"key":"SMITH"}],"neow_cost":"NONE","seed_source_timestamp":204731019116027,"circlet_count":0,"master_deck":["AscendersBane","Strike_R","Strike_R","Strike_R","Strike_R","Strike_R","Defend_R","Defend_R","Defend_R","Defend_R","Bash","Madness","Sword Boomerang+1","Cleave","Infernal Blade","Shrug It Off","Body Slam+1","True Grit+1"],"special_seed":0,"relics":["Burning Blood","Ornamental Fan","Turnip"],"potions_floor_usage":[11],"damage_taken":[{"damage":7.0,"enemies":"Cultist","floor":1.0,"turns":4.0},{"damage":3.0,"enemies":"2 Louse","floor":2.0,"turns":3.0},{"damage":7.0,"enemies":"Small Slimes","floor":4.0,"turns":3.0},{"damage":7.0,"enemies":"2 Fungi Beasts","floor":5.0,"turns":3.0},{"damage":32.0,"enemies":"Gremlin Nob","floor":7.0,"turns":4.0},{"damage":48,"enemies":"Lagavulin","floor":11,"turns":6}],"seed_played":"-9036528346665173179","potions_obtained":[{"floor":2.0,"key":"PowerPotion"},{"floor":4.0,"key":"GamblersBrew"}],"is_trial":false,"path_per_floor":["M","M","$","M","M","R","E","R","T","R","E"],"character_chosen":"IRONCLAD","items_purchased":["Infernal Blade","Shrug It Off"],"campfire_rested":0,"item_purchase_floors":[3,3],"current_hp_per_floor":[67,70,70,69,68,68,42,42,42,42,0],"gold":68,"neow_bonus":"RANDOM_COLORLESS","is_prod":false,"is_daily":false,"chose_seed":false,"campfire_upgraded":3,"win_rate":0,"timestamp":1563619180,"path_taken":["M","?","$","M","M","R","E","R","T","R","E"],"build_version":"2019-07-17","purchased_purges":0,"victory":false,"max_hp_per_floor":[75,75,75,75,75,75,75,75,75,75,75],"card_choices":[{"not_picked":["Flex","Power Through"],"picked":"Sword Boomerang","floor":1.0},{"not_picked":["Clothesline","Corruption"],"picked":"Cleave","floor":2.0},{"not_picked":["Cleave","Shrug It Off","Rupture"],"picked":"SKIP","floor":4.0},{"not_picked":["Cleave","Shrug It Off","Rupture"],"picked":"SKIP","floor":4.0},{"not_picked":["Flex","Combust"],"picked":"Body Slam","floor":5.0},{"not_picked":["Anger","Perfected Strike"],"picked":"True Grit","floor":7.0}],"player_experience":998167,"relics_obtained":[{"floor":7.0,"key":"Ornamental Fan"},{"floor":9,"key":"Turnip"}],"event_choices":[],"is_beta":false,"boss_relics":[],"items_purged_floors":[],"is_endless":false,"potions_floor_spawned":[2,4],"killed_by":"Lagavulin","ascension_level":20}