{"gold_per_floor":[13,24,44,44,64,64,84,84,129,129,145,161,176,176,176,253,253,267,282,302,332,352,352,370,370,393,403,403,403,403],"floor_reached":30,"playtime":1414,"items_purged":[],"score":433,"play_id":"247bcf59-88a0-438d-975f-7358bb3ce927","local_time":"20190220150007","is_ascension_mode":true,"campfire_choices":[{"data":"Neutralize","floor":6,"key":"SMITH"},{"data":"Deadly Poison","floor":8,"key":"SMITH"},{"data":"Prepared","floor":10,"key":"SMITH"},{"data":"Cloak And Dagger","floor":15,"key":"SMITH"},{"floor":23,"key":"REST"},{"floor":29,"key":"REST"}],"neow_cost":"NO_GOLD","seed_source_timestamp":1213974932078441,"circlet_count":0,"master_deck":["AscendersBane","Defend_G","Defend_G","Defend_G","Defend_G","Defend_G","Strike_G","Strike_G","Strike_G","Strike_G","Survivor","Neutralize+1","Flying Knee","Cloak And Dagger+1","Prepared+1","Deadly Poison+1","Quick Slash","Dash","Prepared","Unload","Prepared+1","Slice","Deflect+1","Poisoned Stab+1","Decay"],"special_seed":0,"relics":["Ring of the Snake","Unceasing Top","Orichalcum","Bag of Marbles","Sozu","Red Mask","Singing Bowl","Bag of Preparation"],"potions_floor_usage":[12,18,21],"damage_taken":[{"damage":0.0,"enemies":"Cultist","floor":1.0,"turns":3.0},{"damage":1.0,"enemies":"Small Slimes","floor":2.0,"turns":4.0},{"damage":2.0,"enemies":"Jaw Worm","floor":3.0,"turns":4.0},{"damage":30,"enemies":"Lots of Slimes","floor":5,"turns":7},{"damage":2,"enemies":"2 Fungi Beasts","floor":7,"turns":4},{"damage":0,"enemies":"Exordium Wildlife","floor":11,"turns":2},{"damage":7,"enemies":"Gremlin Gang","floor":12,"turns":5},{"damage":0,"enemies":"Blue Slaver","floor":13,"turns":4},{"damage":9,"enemies":"Hexaghost","floor":16,"turns":10},{"damage":8,"enemies":"2 Thieves","floor":18,"turns":4},{"damage":21,"enemies":"3 Byrds","floor":19,"turns":5},{"damage":0,"enemies":"Centurion and Healer","floor":20,"turns":6},{"damage":9,"enemies":"Masked Bandits","floor":21,"turns":4},{"damage":8,"enemies":"Snecko","floor":22,"turns":4},{"damage":4,"enemies":"Snake Plant","floor":24,"turns":4},{"damage":22,"enemies":"Shelled Parasite and Fungi","floor":27,"turns":7},{"damage":33,"enemies":"Snecko","floor":30,"turns":4}],"seed_played":"-7380850930376775506","potions_obtained":[{"floor":5,"key":"FearPotion"},{"floor":7,"key":"Strength Potion"},{"floor":11,"key":"Poison Potion"},{"floor":16,"key":"Regen Potion"}],"is_trial":false,"path_per_floor":["M","M","M","?","M","R","M","R","T","R","M","M","M","T","R","B",null,"M","M","M","?","M","R","M","T","T","M","?","R","M"],"character_chosen":"THE_SILENT","items_purchased":[],"campfire_rested":2,"item_purchase_floors":[],"current_hp_per_floor":[59,58,56,49,19,19,17,17,17,17,17,10,10,10,10,1,50,42,21,21,24,16,35,31,31,31,9,9,28,0],"gold":403,"neow_bonus":"ONE_RARE_RELIC","is_prod":false,"is_daily":false,"chose_seed":false,"campfire_upgraded":4,"win_rate":0,"timestamp":1550671207,"path_taken":["M","?","?","?","M","R","M","R","T","R","M","M","M","?","R","BOSS","M","?","M","?","M","R","M","?","T","?","?","R","M"],"build_version":"2019-01-23","purchased_purges":0,"victory":false,"max_hp_per_floor":[66,66,66,66,66,66,66,66,66,66,66,66,66,66,66,66,66,66,66,66,66,66,66,66,66,66,66,66,66,66],"card_choices":[{"not_picked":["Cloak And Dagger","Sucker Punch"],"picked":"Flying Knee","floor":1.0},{"not_picked":["Skewer","Flying Knee"],"picked":"Cloak And Dagger","floor":2.0},{"not_picked":["Skewer","Poisoned Stab"],"picked":"Prepared","floor":3.0},{"not_picked":["Quick Slash","PiercingWail"],"picked":"Deadly Poison","floor":5},{"not_picked":["Blade Dance","Finisher"],"picked":"Quick Slash","floor":7},{"not_picked":["Deflect","Night Terror"],"picked":"Dash","floor":11},{"not_picked":["Eviscerate","Terror"],"picked":"Prepared","floor":12},{"not_picked":["Backstab","Expertise","Quick Slash"],"picked":"SKIP","floor":13},{"not_picked":["Storm of Steel","Corpse Explosion"],"picked":"Unload","floor":16},{"not_picked":["Blade Dance","Terror"],"picked":"Prepared+1","floor":18},{"not_picked":["Skewer","Outmaneuver","Setup"],"picked":"SKIP","floor":19},{"not_picked":["Acrobatics","Cloak And Dagger"],"picked":"Slice","floor":20},{"not_picked":["Sucker Punch","Wraith Form v2"],"picked":"Deflect+1","floor":21},{"not_picked":["Dodge and Roll","Flying Knee","Flechettes"],"picked":"SKIP","floor":22},{"not_picked":["Backflip","Cloak And Dagger","Terror"],"picked":"SKIP","floor":24},{"not_picked":["Slice+1","Terror"],"picked":"Poisoned Stab+1","floor":27}],"player_experience":828956,"relics_obtained":[{"floor":9,"key":"Orichalcum"},{"floor":14,"key":"Bag of Marbles"},{"floor":21,"key":"Red Mask"},{"floor":25,"key":"Singing Bowl"},{"floor":26,"key":"Bag of Preparation"}],"event_choices":[{"cards_removed":["Strike_G"],"damage_healed":0.0,"max_hp_gain":0.0,"max_hp_loss":0.0,"gold_gain":0.0,"event_name":"Golden Wing","player_choice":"Card Removal","floor":4.0,"gold_loss":0.0,"damage_taken":7.0},{"damage_healed":0,"gold_gain":0,"player_choice":"Fought Bandits","damage_taken":0,"max_hp_gain":0,"max_hp_loss":0,"event_name":"Masked Bandits","floor":21,"gold_loss":0},{"damage_healed":0,"gold_gain":0,"player_choice":"Smashed Altar","damage_taken":0,"max_hp_gain":0,"max_hp_loss":0,"event_name":"Forgotten Altar","floor":28,"gold_loss":0,"cards_obtained":["Decay"]}],"is_beta":false,"boss_relics":[{"not_picked":["Lizard Tail","White Beast Statue"],"picked":"Sozu"}],"items_purged_floors":[],"is_endless":false,"potions_floor_spawned":[5,7,11,16,19,27],"killed_by":"Snecko","ascension_level":18}