{"path_per_floor":["M","?","?","M","$","R","M","R","T","?","M","$","E","M","R","B",null,"M","M","?","?","M","R","M","M","T","$","M","?","R","M","R","B",null,"M","$","M","M","M","R","?","M","T","R","E","?","R","M","R"],"character_chosen":"IRONCLAD","items_purchased":["Whetstone","Headbutt","Vajra","Kunai"],"gold_per_floor":[116,191,191,203,46,46,64,64,64,64,79,25,55,73,73,170,170,189,208,208,208,225,225,241,255,255,110,125,125,125,136,136,235,235,250,7,26,43,57,57,57,73,125,125,150,203,203,216,216],"floor_reached":50,"campfire_rested":5,"playtime":7995,"current_hp_per_floor":[80,69,69,65,65,65,65,65,65,70,70,70,70,70,70,30,85,75,75,75,75,75,75,75,68,68,68,55,55,82,94,94,30,94,77,77,64,51,65,94,97,59,59,88,56,24,54,20,50],"items_purged":[],"gold":216,"play_id":"d1c4e94a-e057-48ba-99b8-fb23d79253c4","is_prod":false,"is_daily":false,"is_ascension_mode":false,"campfire_upgraded":5,"path_taken":["M","?","?","M","$","R","M","R","T","?","M","?","E","M","R","BOSS","M","M","?","?","M","R","M","?","T","$","M","?","R","M","R","BOSS","M","$","?","M","M","R","?","M","T","R","E","?","R","?","R","BOSS"],"build_version":"2018-02-01-PROD3","purchased_purges":2,"victory":false,"master_deck":["Strike_R+1","Strike_R+1","Strike_R+1","Strike_R+1","Defend_R+1","Defend_R+1","Defend_R+1","Battle Trance+1","Bloodletting+1","Fiend Fire+1","Thunderclap+1","Pommel Strike+1","Warcry+1","Armaments+1","Headbutt","Flex+1","Shockwave+1","Feed","Headbutt","Rupture","Seeing Red","Shrug It Off+1","Double Tap","Warcry+1","Flex+1","Blood for Blood+1","Infernal Blade+1","Metallicize+1"],"max_hp_per_floor":[80,80,80,80,80,80,80,80,80,85,85,85,85,85,85,85,85,85,85,85,85,88,88,91,91,91,91,91,91,91,94,94,94,94,94,94,94,94,97,97,97,97,97,97,97,100,100,103,103],"relics":["Astrolabe","Whetstone","Bronze Scales","Anchor","White Beast Statue","Magic Flower","Vajra","Question Card","Kunai","Bag of Preparation","Pen Nib","Calipers"],"card_choices":[{"not_picked":["Fire Breathing","Iron Wave"],"picked":"Thunderclap"},{"not_picked":["Iron Wave","Pummel"],"picked":"Pommel Strike"},{"not_picked":["Sword Boomerang","Berserk"],"picked":"Warcry"},{"not_picked":["Twin Strike","Disarm"],"picked":"Armaments"},{"not_picked":["Pommel Strike","Combust"],"picked":"Flex"},{"not_picked":["Shrug It Off","True Grit"],"picked":"Shockwave"},{"not_picked":["Offering","Impervious"],"picked":"Feed"},{"not_picked":["Flex","Sword Boomerang"],"picked":"Headbutt"},{"not_picked":["Twin Strike","Flex"],"picked":"Cleave"},{"not_picked":["Body Slam","Pommel Strike"],"picked":"Rupture"},{"not_picked":["Anger","Warcry"],"picked":"Seeing Red"},{"not_picked":["Armaments","Warcry"],"picked":"Shrug It Off"},{"not_picked":["Fiend Fire","Bludgeon"],"picked":"Double Tap"},{"not_picked":["Body Slam","Corruption","Shockwave"],"picked":"Warcry"},{"not_picked":["Thunderclap","Pummel","Sword Boomerang"],"picked":"Flex"},{"not_picked":["Searing Blow","Armaments","Barricade"],"picked":"Blood for Blood"},{"not_picked":["Clash","Anger","Warcry"],"picked":"Infernal Blade"},{"not_picked":["Battle Trance","Clothesline","Burning Pact"],"picked":"Metallicize"}],"player_experience":6508,"potions_floor_usage":[38,39,39,42,42,45,46,48,50],"damage_taken":[{"damage":0.0,"enemies":"Jaw Worm","floor":1.0,"turns":1.0},{"damage":4.0,"enemies":"2 Louse","floor":4.0,"turns":3.0},{"damage":0.0,"enemies":"Cultist","floor":7.0,"turns":2.0},{"damage":0.0,"enemies":"2 Fungi Beasts","floor":11.0,"turns":2.0},{"damage":0.0,"enemies":"Gremlin Nob","floor":13.0,"turns":2.0},{"damage":0.0,"enemies":"3 Louse","floor":14.0,"turns":2.0},{"damage":40.0,"enemies":"Hexaghost","floor":16.0,"turns":6.0},{"damage":10.0,"enemies":"Chosen","floor":18.0,"turns":4.0},{"damage":0.0,"enemies":"Shell Parasite","floor":19.0,"turns":2.0},{"damage":3.0,"enemies":"Centurion and Healer","floor":22.0,"turns":3.0},{"damage":3.0,"enemies":"3 Cultists","floor":24.0,"turns":3.0},{"damage":10.0,"enemies":"Chosen and Byrds","floor":25.0,"turns":3.0},{"damage":13.0,"enemies":"Centurion and Healer","floor":28.0,"turns":4.0},{"damage":16.0,"enemies":"Slaver and Parasite","floor":31.0,"turns":6.0},{"damage":64.0,"enemies":"Champ","floor":33.0,"turns":10.0},{"damage":17,"enemies":"3 Darklings","floor":35,"turns":5},{"damage":13,"enemies":"Orb Walker","floor":37,"turns":3},{"damage":13,"enemies":"3 Darklings","floor":38,"turns":4},{"damage":16,"enemies":"Maw","floor":39,"turns":7},{"damage":38,"enemies":"Sphere and 2 Shapes","floor":42,"turns":4},{"damage":32,"enemies":"Giant Head","floor":45,"turns":6},{"damage":37,"enemies":"신비한 구체","floor":46,"turns":4},{"damage":39,"enemies":"4 Shapes","floor":48,"turns":4},{"damage":57,"enemies":"Awakened One","floor":50,"turns":8}],"event_choices":[{"event_name":"World of Goop","player_choice":"Gather Gold","floor":2.0,"damage_taken":0.0},{"event_name":"Living Wall","player_choice":"Grow","floor":3.0,"damage_taken":0.0},{"event_name":"Big Fish","player_choice":"Donut","floor":10.0,"damage_taken":0.0},{"event_name":"Vampires","player_choice":"Ignored","floor":20.0,"damage_taken":0.0},{"event_name":"Beggar","player_choice":"Ignored","floor":21.0,"damage_taken":0.0},{"event_name":"Back to Basics","player_choice":"Simplicity","floor":29.0,"damage_taken":0.0},{"event_name":"Bonfire Elementals","player_choice":"COMMON","floor":41,"damage_taken":0},{"event_name":"Mysterious Sphere","player_choice":"Fight","floor":46,"damage_taken":0}],"boss_relics":[{"not_picked":["Philosopher\u0027s Stone","Eternal Feather"],"picked":"Question Card"}],"potions_floor_spawned":[1,7,14,18,19,22,24,25,28,31,33,35,37,38,39,42,45,46,48],"seed_played":"8093869135360255117","killed_by":"Awakened One","ascension_level":0,"is_trial":false}