{"gold_per_floor":[111,36,36,46,62,62,62,88,166,166,186,186],"floor_reached":12,"playtime":625,"items_purged":["Defend_G"],"score":90,"play_id":"a15c0a5b-7612-4420-95b0-f48f336b2169","local_time":"20190701205648","is_ascension_mode":true,"campfire_choices":[{"data":"Strike_G","floor":6,"key":"SMITH"},{"data":"Accuracy","floor":10,"key":"SMITH"}],"neow_cost":"NONE","seed_source_timestamp":1567674845556402,"circlet_count":0,"master_deck":["Strike_G+1","Strike_G","Strike_G","Strike_G","Strike_G","Defend_G","Defend_G","Defend_G","Defend_G","Survivor","Neutralize+1","Decay","Accuracy+1"],"relics":["Ring of the Snake","NeowsBlessing","PreservedInsect","Bottled Tornado"],"potions_floor_usage":[8,8],"damage_taken":[{"damage":0,"enemies":"Small Slimes","floor":1,"turns":1},{"damage":0,"enemies":"Cultist","floor":4,"turns":1},{"damage":0,"enemies":"Jaw Worm","floor":5,"turns":1},{"damage":36,"enemies":"Lagavulin","floor":8,"turns":11},{"damage":2,"enemies":"Red Slaver","floor":11,"turns":4},{"damage":40,"enemies":"3 Sentries","floor":12,"turns":8}],"seed_played":"-4188102252560019214","potions_obtained":[{"floor":1,"key":"LiquidBronze"},{"floor":5,"key":"SkillPotion"}],"is_trial":false,"path_per_floor":["M","$","?","M","M","R","?","E","T","R","M","E"],"character_chosen":"THE_SILENT","items_purchased":[],"campfire_rested":0,"item_purchase_floors":[],"current_hp_per_floor":[70,70,70,70,70,70,70,34,34,34,32,0],"gold":186,"neow_bonus":"THREE_ENEMY_KILL","is_prod":false,"is_daily":false,"chose_seed":false,"campfire_upgraded":2,"win_rate":0,"timestamp":1562029008,"path_taken":["M","$","?","?","M","R","?","E","T","R","?","E"],"build_version":"2019-07-01","purchased_purges":1,"victory":false,"max_hp_per_floor":[70,70,70,70,70,70,70,70,70,70,70,70],"card_choices":[{"not_picked":["Deflect","Leg Sweep","Dodge and Roll"],"picked":"SKIP","floor":1},{"not_picked":["Dodge and Roll","Deadly Poison","Leg Sweep"],"picked":"SKIP","floor":4},{"not_picked":["PiercingWail","Expertise","Dodge and Roll"],"picked":"SKIP","floor":5},{"not_picked":["Prepared","Slice"],"picked":"Accuracy","floor":8},{"not_picked":["Poisoned Stab","Flechettes","Eviscerate"],"picked":"SKIP","floor":11}],"player_experience":99829,"relics_obtained":[{"floor":8,"key":"PreservedInsect"},{"floor":9,"key":"Bottled Tornado"}],"event_choices":[{"damage_healed":0,"gold_gain":0,"player_choice":"Forge","damage_taken":0,"max_hp_gain":0,"max_hp_loss":0,"event_name":"Accursed Blacksmith","floor":3,"gold_loss":0,"cards_upgraded":["Neutralize"]},{"damage_healed":0,"gold_gain":0,"player_choice":"Cursed","damage_taken":0,"max_hp_gain":0,"max_hp_loss":0,"event_name":"Wheel of Change","floor":7,"gold_loss":0,"cards_obtained":["Decay"]}],"is_beta":false,"boss_relics":[],"items_purged_floors":[2],"is_endless":false,"potions_floor_spawned":[1,5],"killed_by":"3 Sentries","ascension_level":3}