{"gold_per_floor":[115,115,132,57,57,92,92,111,137,137,137,161,161,202,202,301,301,317,2,52,76,92,92,92,92,92,92,110,126,152,167,167,167],"floor_reached":33,"playtime":906,"items_purged":["Strike_B"],"score":546,"play_id":"b7a71ffb-ea7d-4510-9c43-986ed2bc83a4","local_time":"20190223000649","is_ascension_mode":true,"campfire_choices":[{"data":"Dualcast","floor":7.0,"key":"SMITH"},{"data":"Redo","floor":10.0,"key":"SMITH"},{"data":"Defend_B","floor":13.0,"key":"SMITH"},{"data":"Defragment","floor":15.0,"key":"SMITH"},{"data":"Defragment","floor":23,"key":"SMITH"},{"data":"Ghostly","floor":25,"key":"SMITH"},{"data":"Ghostly","floor":32,"key":"SMITH"}],"neow_cost":"NONE","seed_source_timestamp":1358237282854874,"circlet_count":0,"master_deck":["AscendersBane","Strike_B","Strike_B","Defend_B+1","Defend_B","Defend_B","Defend_B","Zap+1","Dualcast+1","Ball Lightning","Ball Lightning","Redo+1","Defragment+1","Machine Learning","BootSequence+1","Bandage Up","Cold Snap","Defragment+1","Ghostly+1","Ghostly+1","Ghostly+1","FTL+1"],"special_seed":0,"relics":["Cracked Core","NeowsBlessing","Centennial Puzzle","Anchor","Golden Idol","Pocketwatch","Sozu","Tiny Chest","Molten Egg 2","Ancient Tea Set"],"potions_floor_usage":[],"damage_taken":[{"damage":0.0,"enemies":"Small Slimes","floor":1.0,"turns":1.0},{"damage":0.0,"enemies":"Cultist","floor":3.0,"turns":1.0},{"damage":0.0,"enemies":"Lagavulin","floor":6.0,"turns":1.0},{"damage":0.0,"enemies":"Jaw Worm","floor":8.0,"turns":3.0},{"damage":11.0,"enemies":"Lots of Slimes","floor":12.0,"turns":3.0},{"damage":10.0,"enemies":"3 Sentries","floor":14.0,"turns":5.0},{"damage":10.0,"enemies":"Slime Boss","floor":16.0,"turns":7.0},{"damage":13,"enemies":"2 Thieves","floor":18,"turns":3},{"damage":8,"enemies":"Shell Parasite","floor":21,"turns":3},{"damage":19,"enemies":"3 Cultists","floor":22,"turns":5},{"damage":20,"enemies":"Cultist and Chosen","floor":28,"turns":5},{"damage":2,"enemies":"Chosen and Byrds","floor":29,"turns":5},{"damage":5,"enemies":"Sentry and Sphere","floor":31,"turns":5},{"damage":18,"enemies":"Collector","floor":33,"turns":5}],"seed_played":"6697912018032444140","potions_obtained":[{"floor":3.0,"key":"Ancient Potion"},{"floor":16.0,"key":"SpeedPotion"}],"is_trial":false,"path_per_floor":["M","?","M","?","$","E","R","M","T","R","?","M","R","E","R","B",null,"M","$","?","M","M","R","?","R","T","?","M","M","T","M","R","B"],"character_chosen":"DEFECT","items_purchased":["Tiny Chest","Bandage Up"],"campfire_rested":0,"item_purchase_floors":[19,19],"current_hp_per_floor":[64,64,64,64,64,64,64,64,64,64,64,53,53,43,43,33,56,43,43,43,39,24,24,24,24,24,24,8,10,10,9,9,0],"gold":167,"neow_bonus":"THREE_ENEMY_KILL","is_prod":false,"is_daily":false,"chose_seed":false,"campfire_upgraded":7,"win_rate":0,"timestamp":1550876809,"path_taken":["M","?","?","?","$","E","R","M","T","R","?","M","R","E","R","BOSS","M","$","?","M","?","R","?","R","T","?","M","?","?","?","R","BOSS"],"build_version":"2019-01-23","purchased_purges":1,"victory":false,"max_hp_per_floor":[71,71,71,71,71,71,71,71,71,71,64,64,64,64,64,64,64,64,64,64,64,64,64,32,32,32,32,32,32,32,32,32,32],"card_choices":[{"not_picked":["Stack","Sunder"],"picked":"Ball Lightning","floor":1.0},{"not_picked":["Streamline","Gash"],"picked":"Ball Lightning","floor":3.0},{"not_picked":["Sunder","Consume","Reprogram"],"picked":"SKIP","floor":6.0},{"not_picked":["Echo Form","Turbo"],"picked":"Redo","floor":8.0},{"not_picked":["Leap","Stack","Scrape"],"picked":"SKIP","floor":12.0},{"not_picked":["Stack","Gash"],"picked":"Defragment","floor":14.0},{"not_picked":["All For One","Echo Form"],"picked":"Machine Learning","floor":16.0},{"not_picked":["Doom and Gloom","Leap"],"picked":"BootSequence+1","floor":18},{"not_picked":["Stack","Cold Snap","Hello World"],"picked":"SKIP","floor":21},{"not_picked":["Stack","Hello World"],"picked":"Cold Snap","floor":21},{"not_picked":["Self Repair","Conserve Battery+1"],"picked":"Defragment","floor":22},{"not_picked":["Double Energy","Stack","Steam"],"picked":"SKIP","floor":28},{"not_picked":["Loop","Rebound+1"],"picked":"FTL+1","floor":29},{"not_picked":["Doom and Gloom+1","Steam","Stack"],"picked":"SKIP","floor":31}],"player_experience":870786,"relics_obtained":[{"floor":6.0,"key":"Centennial Puzzle"},{"floor":9.0,"key":"Anchor"},{"floor":14.0,"key":"Pocketwatch"},{"floor":26,"key":"Molten Egg 2"},{"floor":30,"key":"Ancient Tea Set"}],"event_choices":[{"damage_healed":0.0,"max_hp_gain":0.0,"max_hp_loss":0.0,"gold_gain":0.0,"event_name":"Upgrade Shrine","player_choice":"Upgraded","floor":2.0,"gold_loss":0.0,"damage_taken":0.0,"cards_upgraded":["Zap"]},{"cards_removed":["Strike_B"],"damage_healed":0.0,"max_hp_gain":0.0,"max_hp_loss":0.0,"gold_gain":0.0,"event_name":"The Cleric","player_choice":"Card Removal","floor":4.0,"gold_loss":75.0,"damage_taken":0.0},{"damage_healed":0.0,"max_hp_gain":0.0,"max_hp_loss":7.0,"gold_gain":0.0,"event_name":"Golden Idol","player_choice":"Lose Max HP","floor":11.0,"gold_loss":0.0,"damage_taken":0.0,"relics_obtained":["Golden Idol"]},{"damage_healed":0,"gold_gain":50,"player_choice":"Pray","damage_taken":0,"max_hp_gain":0,"max_hp_loss":0,"event_name":"Golden Shrine","floor":20,"gold_loss":0},{"damage_healed":0,"gold_gain":0,"player_choice":"Became a Ghost","damage_taken":0,"max_hp_gain":0,"max_hp_loss":32,"event_name":"Ghosts","floor":24,"gold_loss":0,"cards_obtained":["Ghostly","Ghostly","Ghostly"]},{"damage_healed":0,"gold_gain":0,"player_choice":"Upgraded","damage_taken":0,"max_hp_gain":0,"max_hp_loss":0,"event_name":"Upgrade Shrine","floor":27,"gold_loss":0,"cards_upgraded":["Ghostly"]}],"is_beta":false,"boss_relics":[{"not_picked":["Orrery","Fusion Hammer"],"picked":"Sozu"}],"items_purged_floors":[19],"is_endless":false,"potions_floor_spawned":[3,16,21,28,29],"killed_by":"Collector","ascension_level":19}