{"gold_per_floor":[110,120,134,144,156,156,186,204,228,240,271,271,283,134,134,134],"floor_reached":16,"playtime":910,"items_purged":["Strike_R"],"score":203,"play_id":"21c37218-c372-42d8-a384-837a66e77629","local_time":"20190727130103","is_ascension_mode":true,"campfire_choices":[{"data":"Bash","floor":6.0,"key":"SMITH"},{"floor":12.0,"key":"REST"},{"data":"Shockwave","floor":15.0,"key":"SMITH"}],"neow_cost":"NONE","seed_source_timestamp":839076044028244,"circlet_count":0,"master_deck":["AscendersBane","Strike_R","Strike_R","Strike_R","Strike_R","Defend_R","Defend_R","Defend_R","Defend_R","Bash+1","Spot Weakness","Heavy Blade","Warcry","Immolate","Shockwave+1","Battle Trance","Shrug It Off","Entrench","Corruption"],"special_seed":0,"relics":["Burning Blood","Blood Vial","Calipers","Centennial Puzzle","Magic Flower"],"potions_floor_usage":[16,16],"damage_taken":[{"damage":6.0,"enemies":"Cultist","floor":1.0,"turns":4.0},{"damage":3.0,"enemies":"Jaw Worm","floor":2.0,"turns":4.0},{"damage":0.0,"enemies":"2 Louse","floor":3.0,"turns":2.0},{"damage":11.0,"enemies":"Blue Slaver","floor":4.0,"turns":4.0},{"damage":9.0,"enemies":"Exordium Wildlife","floor":5.0,"turns":5.0},{"damage":35.0,"enemies":"Lagavulin","floor":7.0,"turns":6.0},{"damage":11.0,"enemies":"Lots of Slimes","floor":8.0,"turns":2.0},{"damage":18.0,"enemies":"Large Slime","floor":10.0,"turns":3.0},{"damage":15.0,"enemies":"3 Sentries","floor":11.0,"turns":6.0},{"damage":8.0,"enemies":"Exordium Thugs","floor":13.0,"turns":3.0},{"damage":68,"enemies":"Hexaghost","floor":16,"turns":11}],"seed_played":"-3462858166692687340","potions_obtained":[{"floor":3.0,"key":"Strength Potion"},{"floor":5.0,"key":"Strength Potion"},{"floor":7.0,"key":"Regen Potion"},{"floor":11.0,"key":"Swift Potion"}],"is_trial":false,"path_per_floor":["M","M","M","M","M","R","E","M","T","M","E","R","M","$","R","B"],"character_chosen":"IRONCLAD","items_purchased":["Corruption"],"campfire_rested":1,"item_purchase_floors":[14],"current_hp_per_floor":[70,75,75,70,69,69,42,39,39,29,22,44,48,48,48,0],"gold":134,"neow_bonus":"RANDOM_COMMON_RELIC","is_prod":false,"is_daily":false,"chose_seed":false,"campfire_upgraded":2,"win_rate":0,"timestamp":1564257663,"path_taken":["M","M","?","M","M","R","E","M","T","M","E","R","M","$","R","BOSS"],"build_version":"2019-07-18","purchased_purges":1,"victory":false,"max_hp_per_floor":[75,75,75,75,75,75,75,75,75,75,75,75,75,75,75,75],"card_choices":[{"not_picked":["Twin Strike","Anger"],"picked":"Spot Weakness","floor":1.0},{"not_picked":["Flex","Dual Wield"],"picked":"Heavy Blade","floor":2.0},{"not_picked":["Heavy Blade","Perfected Strike"],"picked":"Warcry","floor":3.0},{"not_picked":["Heavy Blade","Pommel Strike","Warcry"],"picked":"SKIP","floor":4.0},{"not_picked":["Second Wind","Metallicize"],"picked":"Immolate","floor":5.0},{"not_picked":["Flame Barrier","Iron Wave"],"picked":"Shockwave","floor":7.0},{"not_picked":["Second Wind","Searing Blow"],"picked":"Battle Trance","floor":8.0},{"not_picked":["Armaments","Anger"],"picked":"Shrug It Off","floor":10.0},{"not_picked":["Headbutt","Inflame"],"picked":"Entrench","floor":11.0},{"not_picked":["Heavy Blade","Warcry","Fire Breathing"],"picked":"SKIP","floor":13.0}],"player_experience":221824,"relics_obtained":[{"floor":7.0,"key":"Calipers"},{"floor":9.0,"key":"Centennial Puzzle"},{"floor":11.0,"key":"Magic Flower"}],"event_choices":[],"is_beta":true,"boss_relics":[],"items_purged_floors":[14],"is_endless":false,"potions_floor_spawned":[3,5,7,11],"killed_by":"Hexaghost","ascension_level":15}