{"gold_per_floor":[119,294,294,312,65,65,91,91,116,116,116,116,133,133,133,133],"floor_reached":16,"playtime":377,"items_purged":["Regret"],"score":96,"play_id":"0abb5892-2acf-4730-967d-7a965a19d264","local_time":"20190511225307","is_ascension_mode":false,"campfire_choices":[{"data":"Limit Break","floor":6,"key":"SMITH"},{"floor":10,"key":"REST"},{"data":"Mayhem","floor":12,"key":"SMITH"},{"floor":15,"key":"REST"}],"neow_cost":"NONE","seed_source_timestamp":381467084870300,"circlet_count":0,"master_deck":["Strike_R","Strike_R","Strike_R","Strike_R","Strike_R","Defend_R","Defend_R","Defend_R","Defend_R","Bash+1","Dropkick+1","Dropkick","Thunderclap","Limit Break+1","Doubt","Corruption","Mayhem+1","Rage"],"relics":["Orrery","Art of War","Vajra"],"potions_floor_usage":[7],"damage_taken":[{"damage":20,"enemies":"Jaw Worm","floor":1,"turns":4},{"damage":5,"enemies":"Small Slimes","floor":4,"turns":3},{"damage":35,"enemies":"Lagavulin","floor":7,"turns":6},{"damage":9,"enemies":"2 Louse","floor":13,"turns":3},{"damage":56,"enemies":"Hexaghost","floor":16,"turns":7}],"seed_played":"-1135839217415725457","potions_obtained":[{"floor":4,"key":"Poison Potion"}],"is_trial":false,"path_per_floor":["M","?","?","M","$","R","E","?","T","R","?","R","M","?","R","B"],"character_chosen":"IRONCLAD","items_purchased":["Mayhem"],"campfire_rested":2,"item_purchase_floors":[5],"current_hp_per_floor":[60,60,60,55,55,55,20,40,40,64,57,57,48,33,56,0],"gold":133,"neow_bonus":"BOSS_RELIC","is_prod":false,"is_daily":false,"chose_seed":false,"campfire_upgraded":2,"win_rate":0,"timestamp":1557633187,"path_taken":["M","?","?","M","$","R","E","?","T","R","?","R","M","?","R","BOSS"],"build_version":"2019-01-23","purchased_purges":1,"victory":false,"max_hp_per_floor":[80,80,80,80,80,80,80,80,80,80,77,77,77,77,77,77],"card_choices":[{"not_picked":["Sword Boomerang","Sentinel"],"picked":"Dropkick","floor":0},{"not_picked":["Sever Soul","Thunderclap"],"picked":"Dropkick","floor":0},{"not_picked":["Anger","Wild Strike"],"picked":"Thunderclap","floor":0},{"not_picked":["Iron Wave","Combust"],"picked":"Limit Break","floor":0},{"not_picked":["Metallicize","Cleave","Hemokinesis"],"picked":"SKIP","floor":1},{"not_picked":["Entrench","Wild Strike"],"picked":"Corruption","floor":4},{"not_picked":["Perfected Strike","Intimidate","Pummel"],"picked":"SKIP","floor":7},{"not_picked":["Rampage","Thunderclap"],"picked":"Rage","floor":13}],"player_experience":812678,"relics_obtained":[{"floor":7,"key":"Vajra"}],"event_choices":[{"damage_healed":0,"gold_gain":175,"player_choice":"AGREE","damage_taken":0,"max_hp_gain":0,"max_hp_loss":0,"event_name":"Liars Game","floor":2,"gold_loss":0,"cards_obtained":["Doubt"]},{"damage_healed":0,"gold_gain":0,"player_choice":"Box","damage_taken":0,"relics_obtained":["Art of War"],"max_hp_gain":0,"max_hp_loss":0,"event_name":"Big Fish","floor":3,"gold_loss":0,"cards_obtained":["Regret"]},{"damage_healed":20,"gold_gain":0,"player_choice":"Healed and dodged fight","damage_taken":0,"max_hp_gain":0,"max_hp_loss":0,"event_name":"Mushrooms","floor":8,"gold_loss":0,"cards_obtained":["Parasite"]},{"cards_removed":["Parasite"],"damage_healed":0,"gold_gain":0,"player_choice":"Card Removal","damage_taken":7,"max_hp_gain":0,"max_hp_loss":0,"event_name":"Golden Wing","floor":11,"gold_loss":0},{"damage_healed":0,"gold_gain":0,"player_choice":"Entered Light","damage_taken":15,"max_hp_gain":0,"max_hp_loss":0,"event_name":"Shining Light","floor":14,"gold_loss":0,"cards_upgraded":["Dropkick","Bash"]}],"is_beta":false,"boss_relics":[],"items_purged_floors":[5],"is_endless":false,"potions_floor_spawned":[4],"killed_by":"Hexaghost","ascension_level":0}