{"gold_per_floor":[115,115,115,131,131,166,178,208,274,301,337,349,361,393,405,543,555,588,614,626,638,668,680,707,339,369,468,492,492,511,558,558,689,689,708,733,751,876,891,926,926,341,341,341,362,362,385,416,416,416],"floor_reached":50,"playtime":2626,"items_purged":["Defend_G","Strike_G"],"score":607,"play_id":"d7f1dacb-fb95-464d-89c7-9b974677b1df","local_time":"20190110114242","is_ascension_mode":true,"campfire_choices":[{"data":"Neutralize","floor":7.0,"key":"SMITH"},{"floor":12.0,"key":"RECALL"},{"data":"Cloak And Dagger","floor":15.0,"key":"SMITH"},{"data":"After Image","floor":23.0,"key":"SMITH"},{"data":"Envenom","floor":32.0,"key":"SMITH"},{"data":"Acrobatics","floor":41.0,"key":"SMITH"},{"data":"Tools of the Trade","floor":44.0,"key":"SMITH"},{"data":"Prepared","floor":49,"key":"SMITH"}],"neow_cost":"NONE","seed_source_timestamp":289131316094649,"circlet_count":0,"master_deck":["Defend_G","Defend_G","Defend_G","Strike_G","Strike_G","Survivor","Neutralize+1","Dagger Spray","Backflip","Cloak And Dagger+1","After Image+1","Deflect","Infinite Blades","After Image","Slice","Envenom+1","Tools of the Trade+1","Blur","Prepared+1","Acrobatics+1","Noxious Fumes","Concentrate+1","Cloak And Dagger+1"],"special_seed":0,"relics":["Ring of the Snake","NeowsBlessing","Golden Idol","MawBank","Sozu","Vajra","Oddly Smooth Stone","Tiny Chest","Boot","Ancient Tea Set","Empty Cage","Strawberry","Peace Pipe","Anchor","Snake Skull","Kunai","Art of War"],"potions_floor_usage":[50],"damage_taken":[{"damage":0.0,"enemies":"Cultist","floor":1.0,"turns":1.0},{"damage":0.0,"enemies":"2 Louse","floor":4.0,"turns":1.0},{"damage":0.0,"enemies":"Lagavulin","floor":6.0,"turns":1.0},{"damage":0.0,"enemies":"Jaw Worm","floor":8.0,"turns":4.0},{"damage":9.0,"enemies":"Exordium Thugs","floor":10.0,"turns":5.0},{"damage":0.0,"enemies":"2 Fungi Beasts","floor":11.0,"turns":4.0},{"damage":2.0,"enemies":"Large Slime","floor":14.0,"turns":8.0},{"damage":13.0,"enemies":"Slime Boss","floor":16.0,"turns":10.0},{"damage":0.0,"enemies":"3 Byrds","floor":18.0,"turns":6.0},{"damage":7.0,"enemies":"Chosen","floor":19.0,"turns":8.0},{"damage":4.0,"enemies":"Colosseum Slavers","floor":21.0,"turns":6.0},{"damage":8.0,"enemies":"Snecko","floor":22.0,"turns":10.0},{"damage":0.0,"enemies":"Shelled Parasite and Fungi","floor":24.0,"turns":9.0},{"damage":0.0,"enemies":"Sentry and Sphere","floor":28.0,"turns":7.0},{"damage":0.0,"enemies":"Centurion and Healer","floor":30.0,"turns":9.0},{"damage":31.0,"enemies":"Automaton","floor":33.0,"turns":12.0},{"damage":6.0,"enemies":"3 Darklings","floor":35.0,"turns":8.0},{"damage":0.0,"enemies":"Orb Walker","floor":37.0,"turns":5.0},{"damage":6.0,"enemies":"Mind Bloom Boss Battle","floor":38.0,"turns":10.0},{"damage":2.0,"enemies":"Spire Growth","floor":39.0,"turns":7.0},{"damage":26.0,"enemies":"Nemesis","floor":40.0,"turns":9.0},{"damage":0,"enemies":"Writhing Mass","floor":45,"turns":6},{"damage":0,"enemies":"Jaw Worm Horde","floor":47,"turns":5},{"damage":0,"enemies":"Giant Head","floor":48,"turns":8},{"damage":43,"enemies":"Awakened One","floor":50,"turns":6}],"seed_played":"7288481677567550120","potions_obtained":[{"floor":1.0,"key":"Strength Potion"},{"floor":6.0,"key":"Energy Potion"},{"floor":11.0,"key":"EssenceOfSteel"},{"floor":16.0,"key":"Block Potion"}],"is_trial":false,"path_per_floor":["M","?","?","M","?","E","R","M","T","M","M","R","?","M","R","B",null,"M","M","$","?","M","R","M","$","T","?","M","T","M","T","R","B",null,"M","T","M","?","M","E","R","$","T","R","M","?","M","E","R","B"],"character_chosen":"THE_SILENT","items_purchased":["Vajra","Oddly Smooth Stone","Snake Skull","Kunai","Noxious Fumes"],"campfire_rested":0,"item_purchase_floors":[25,25,42,42,42],"current_hp_per_floor":[70,53,58,58,58,58,58,58,58,49,49,49,49,47,47,34,75,75,68,68,64,56,56,56,56,56,56,56,56,56,56,56,25,75,69,76,76,70,68,42,42,42,42,42,42,42,42,42,42,0],"gold":416,"neow_bonus":"THREE_ENEMY_KILL","is_prod":false,"is_daily":false,"chose_seed":false,"campfire_upgraded":7,"win_rate":0,"timestamp":1547116962,"path_taken":["M","?","?","M","?","E","R","?","T","M","M","R","?","M","R","BOSS","M","M","$","?","M","R","M","$","T","?","M","?","M","?","R","BOSS","M","?","M","?","M","E","R","$","T","R","M","?","M","E","R","BOSS"],"build_version":"2019-01-03v4","purchased_purges":2,"victory":false,"max_hp_per_floor":[70,70,75,75,75,75,75,75,75,75,75,75,75,75,75,75,75,75,75,75,75,75,75,75,75,75,75,75,75,75,75,75,75,75,75,82,82,82,82,82,82,82,82,82,82,78,78,78,78,78],"card_choices":[{"not_picked":["Concentrate","Sucker Punch"],"picked":"Dagger Spray","floor":1.0},{"not_picked":["Deflect","Poisoned Stab"],"picked":"Backflip","floor":4.0},{"not_picked":["Sucker Punch","Flying Knee"],"picked":"Cloak And Dagger","floor":6.0},{"not_picked":["Dodge and Roll","Poisoned Stab"],"picked":"After Image","floor":8.0},{"not_picked":["Bane","Dagger Throw"],"picked":"Deflect","floor":10.0},{"not_picked":["Masterful Stab","Dodge and Roll","Outmaneuver"],"picked":"SKIP","floor":11.0},{"not_picked":["Dash","Caltrops"],"picked":"Infinite Blades","floor":14.0},{"not_picked":["Bullet Time","Envenom"],"picked":"After Image","floor":16.0},{"not_picked":["Tactician+1","Terror"],"picked":"Slice","floor":18.0},{"not_picked":["Bane","Blade Dance","Underhanded Strike"],"picked":"SKIP","floor":19.0},{"not_picked":["Underhanded Strike","Poisoned Stab+1","Sucker Punch+1"],"picked":"SKIP","floor":22.0},{"not_picked":["Sucker Punch","Backstab","Deflect"],"picked":"SKIP","floor":24.0},{"not_picked":["Sucker Punch","Backstab","Deflect"],"picked":"SKIP","floor":24.0},{"not_picked":["Masterful Stab","Catalyst","Deflect"],"picked":"SKIP","floor":28.0},{"not_picked":["Underhanded Strike","Bane"],"picked":"Envenom","floor":30.0},{"not_picked":["Storm of Steel","Die Die Die"],"picked":"Tools of the Trade","floor":33.0},{"not_picked":["Outmaneuver","Blade Dance"],"picked":"Blur","floor":35.0},{"not_picked":["Masterful Stab","Dagger Throw"],"picked":"Prepared","floor":37.0},{"not_picked":["Endless Agony","Sucker Punch","Deflect"],"picked":"SKIP","floor":39.0},{"not_picked":["Choke+1","Tactician+1"],"picked":"Acrobatics","floor":40.0},{"not_picked":["Eviscerate","Dagger Spray+1"],"picked":"Concentrate+1","floor":45},{"not_picked":["Bane+1","Flying Knee+1"],"picked":"Cloak And Dagger+1","floor":47},{"not_picked":["Riddle With Holes","Prepared","Predator"],"picked":"SKIP","floor":48}],"player_experience":671287,"relics_obtained":[{"floor":6.0,"key":"MawBank"},{"floor":26.0,"key":"Tiny Chest"},{"floor":29.0,"key":"Boot"},{"floor":31.0,"key":"Ancient Tea Set"},{"floor":36.0,"key":"Strawberry"},{"floor":38.0,"key":"Peace Pipe"},{"floor":40.0,"key":"Anchor"},{"floor":43.0,"key":"Art of War"}],"event_choices":[{"damage_healed":0.0,"max_hp_gain":0.0,"max_hp_loss":0.0,"gold_gain":0.0,"event_name":"Golden Idol","player_choice":"Take Damage","floor":2.0,"gold_loss":0.0,"damage_taken":17.0,"relics_obtained":["Golden Idol"]},{"damage_healed":0.0,"max_hp_gain":5.0,"max_hp_loss":0.0,"gold_gain":0.0,"event_name":"Big Fish","player_choice":"Donut","floor":3.0,"gold_loss":0.0,"damage_taken":0.0},{"damage_healed":0.0,"max_hp_gain":0.0,"max_hp_loss":0.0,"gold_gain":0.0,"event_name":"The Woman in Blue","player_choice":"Bought 0 Potions","floor":5.0,"gold_loss":0.0,"damage_taken":0.0},{"cards_removed":["Strike_G"],"damage_healed":0.0,"max_hp_gain":0.0,"max_hp_loss":0.0,"gold_gain":0.0,"event_name":"Living Wall","player_choice":"Forget","floor":13.0,"gold_loss":0.0,"damage_taken":0.0},{"damage_healed":0.0,"max_hp_gain":0.0,"max_hp_loss":0.0,"gold_gain":0.0,"event_name":"Colosseum","player_choice":"Fight","floor":21.0,"gold_loss":0.0,"damage_taken":0.0},{"damage_healed":0.0,"max_hp_gain":0.0,"max_hp_loss":0.0,"gold_gain":0.0,"event_name":"Colosseum","player_choice":"Fled From Nobs","floor":21.0,"gold_loss":0.0,"damage_taken":0.0},{"damage_healed":0.0,"max_hp_gain":0.0,"max_hp_loss":0.0,"gold_gain":99.0,"event_name":"Nest","player_choice":"Stole From Cult","floor":27.0,"gold_loss":0.0,"damage_taken":0.0},{"damage_healed":0.0,"max_hp_gain":0.0,"max_hp_loss":0.0,"gold_gain":0.0,"event_name":"MindBloom","player_choice":"Fight","floor":38.0,"gold_loss":0.0,"damage_taken":0.0},{"damage_healed":0,"gold_gain":0,"player_choice":"Max HP","damage_taken":0,"max_hp_gain":0,"max_hp_loss":4,"event_name":"Winding Halls","floor":46,"gold_loss":0}],"is_beta":false,"boss_relics":[{"not_picked":["Coffee Dripper","Philosopher\u0027s Stone"],"picked":"Sozu"},{"not_picked":["Cursed Key","Velvet Choker"],"picked":"Empty Cage"}],"items_purged_floors":[25,42],"is_endless":false,"potions_floor_spawned":[1,6,11,16,18,24,33,37,39,45,48],"killed_by":"Awakened One","ascension_level":1}