{"gold_per_floor":[364,381,381,50,50,50,68,17,67,80,5,5,65,116,116,116],"floor_reached":16,"playtime":247,"items_purged":["Strike_B"],"score":154,"play_id":"4e5f6aa5-843e-4745-ad27-cbc68362245d","local_time":"20190112182733","is_ascension_mode":true,"campfire_choices":[{"data":"Zap","floor":6,"key":"SMITH"},{"data":"Redo","floor":12,"key":"SMITH"},{"data":"Coolheaded","floor":15,"key":"SMITH"}],"neow_cost":"TEN_PERCENT_HP_LOSS","seed_source_timestamp":464109849905471,"circlet_count":0,"master_deck":["AscendersBane","Strike_B","Strike_B","Strike_B","Defend_B+1","Defend_B","Defend_B","Defend_B","Zap+1","Dualcast+1","Steam","BootSequence","Redo+1","Coolheaded+1"],"relics":["Cracked Core","Peace Pipe","Regal Pillow","PreservedInsect","Tiny Chest","Bag of Preparation"],"potions_floor_usage":[],"damage_taken":[{"damage":9,"enemies":"Small Slimes","floor":1,"turns":3},{"damage":4,"enemies":"Jaw Worm","floor":2,"turns":3},{"damage":0,"enemies":"Cultist","floor":7,"turns":3},{"damage":3,"enemies":"Looter","floor":10,"turns":3},{"damage":31,"enemies":"Slime Boss","floor":16,"turns":3}],"seed_played":"2794023846834888903","potions_obtained":[{"floor":10,"key":"Dexterity Potion"}],"is_trial":false,"path_per_floor":["M","M","?","$","?","R","M","?","T","M","$","R","?","T","R","B"],"character_chosen":"DEFECT","items_purchased":["Peace Pipe","Redo"],"campfire_rested":0,"item_purchase_floors":[4,4],"current_hp_per_floor":[55,51,32,32,32,32,32,32,32,29,29,29,29,29,29,0],"gold":116,"neow_bonus":"TWO_FIFTY_GOLD","is_prod":false,"is_daily":false,"chose_seed":false,"campfire_upgraded":3,"win_rate":0,"timestamp":1547314053,"path_taken":["M","M","?","$","?","R","M","?","T","?","$","R","?","?","R","BOSS"],"build_version":"2019-01-10","purchased_purges":1,"victory":false,"max_hp_per_floor":[64,64,64,64,64,64,64,64,64,64,64,64,64,64,64,64],"card_choices":[{"not_picked":["Turbo","Lockon"],"picked":"Steam","floor":1},{"not_picked":["Rebound","Gash"],"picked":"BootSequence","floor":2},{"not_picked":["Compile Driver","Redo"],"picked":"Coolheaded","floor":7},{"not_picked":["Leap","Hologram","Rebound"],"picked":"SKIP","floor":10}],"player_experience":710662,"relics_obtained":[{"floor":9,"key":"PreservedInsect"},{"floor":14,"key":"Bag of Preparation"}],"event_choices":[{"damage_healed":0,"gold_gain":0,"player_choice":"Entered Light","damage_taken":19,"max_hp_gain":0,"max_hp_loss":0,"event_name":"Shining Light","floor":3,"gold_loss":0,"cards_upgraded":["Dualcast","Defend_B"]},{"damage_healed":0,"gold_gain":0,"player_choice":"Ignored","damage_taken":0,"max_hp_gain":0,"max_hp_loss":0,"event_name":"Golden Idol","floor":5,"gold_loss":0},{"damage_healed":0,"gold_gain":0,"player_choice":"Paid Gold","damage_taken":0,"relics_obtained":["Regal Pillow"],"max_hp_gain":0,"max_hp_loss":0,"event_name":"WeMeetAgain","floor":8,"gold_loss":51},{"damage_healed":0,"gold_gain":30,"player_choice":"Searched \u00272\u0027 times","damage_taken":0,"relics_obtained":["Tiny Chest"],"max_hp_gain":0,"max_hp_loss":0,"event_name":"Dead Adventurer","floor":13,"gold_loss":0}],"is_beta":false,"boss_relics":[],"items_purged_floors":[11],"is_endless":false,"potions_floor_spawned":[10],"killed_by":"Slime Boss","ascension_level":15}