{"path_per_floor":["M","?","M","M","M","R","M","M","T","M","$","M","T","?","R"],"character_chosen":"DEFECT","items_purchased":[],"gold_per_floor":[13,13,26,44,58,58,77,92,92,110,35,46,69,90,90,90],"floor_reached":16,"campfire_rested":1,"playtime":568,"current_hp_per_floor":[75,75,75,70,45,45,38,38,38,31,31,23,23,9,31,0],"items_purged":["Decay"],"gold":90,"score":115,"play_id":"a9fbf303-c5ca-4c7f-ae84-5b5977cbcfef","local_time":"20180505010133","is_prod":false,"is_daily":false,"chose_seed":false,"is_ascension_mode":true,"campfire_upgraded":1,"timestamp":1525474893,"path_taken":["M","?","?","M","M","R","M","?","T","M","$","M","?","?","R","BOSS"],"build_version":"2018-05-03","seed_source_timestamp":34604008303312,"purchased_purges":1,"victory":false,"master_deck":["Strike_B","Strike_B","Strike_B","Strike_B","Defend_B","Defend_B","Defend_B","Defend_B","Zap+1","Dualcast","Rebound","Ball Lightning","Barrage","Cold Snap","Capacitor","Chaos","Impulse","Streamline"],"max_hp_per_floor":[75,75,75,75,75,75,75,75,75,75,75,75,75,75,75,75],"relics":["Cracked Core","Girya","Kunai","Singing Bowl","Odd Mushroom"],"card_choices":[{"not_picked":["Leap","Rip and Tear"],"picked":"Rebound","floor":1.0},{"not_picked":["Buffer","Consume"],"picked":"Ball Lightning","floor":3.0},{"not_picked":["Hologram","Tempest"],"picked":"Barrage","floor":5.0},{"not_picked":["Sweeping Beam","Stack"],"picked":"Cold Snap","floor":7.0},{"not_picked":["Barrage","Blizzard"],"picked":"Capacitor","floor":8.0},{"not_picked":["Doom and Gloom","Skim"],"picked":"Chaos","floor":10.0},{"not_picked":["Barrage","Steam Power"],"picked":"Impulse","floor":12},{"not_picked":["Rebound","Lockon"],"picked":"Streamline","floor":14}],"player_experience":601299,"potions_floor_usage":[12,14,16],"damage_taken":[{"damage":0.0,"enemies":"Small Slimes","floor":1.0,"turns":3.0},{"damage":0.0,"enemies":"Cultist","floor":3.0,"turns":3.0},{"damage":5.0,"enemies":"2 Louse","floor":4.0,"turns":3.0},{"damage":25.0,"enemies":"Lots of Slimes","floor":5.0,"turns":3.0},{"damage":7.0,"enemies":"Exordium Wildlife","floor":7.0,"turns":3.0},{"damage":0.0,"enemies":"Large Slime","floor":8.0,"turns":4.0},{"damage":7.0,"enemies":"2 Fungi Beasts","floor":10.0,"turns":2.0},{"damage":8,"enemies":"Exordium Thugs","floor":12,"turns":3},{"damage":14,"enemies":"The Mushroom Lair","floor":14,"turns":3},{"damage":33,"enemies":"Hexaghost","floor":16,"turns":9}],"event_choices":[{"event_name":"Match and Keep!","player_choice":"1 cards matched","floor":2.0,"damage_taken":0.0},{"event_name":"Mushrooms","player_choice":"Fought Mushrooms","floor":14,"damage_taken":0}],"boss_relics":[],"potions_floor_spawned":[3,7,10,14],"seed_played":"128936293647145714","killed_by":"Hexaghost","ascension_level":4,"is_trial":false}