{"path_per_floor":["M","?","M","M","M","E","R","$","T","?","?","R","M","$","R","B",null,"M","?","$","M","M","R","M","?","T","$","M","R","E","T","R","B",null,"M","$","M","M","M","R","E","R","T","M","R","E","M","M","R","B"],"character_chosen":"DEFECT","items_purchased":["Toxic Egg 2","Hologram","Capacitor","Regal Pillow"],"gold_per_floor":[115,115,130,149,167,500,500,76,76,99,99,99,112,12,12,115,115,129,129,4,17,27,27,45,45,114,114,131,131,164,212,212,310,310,326,174,193,206,217,217,245,245,326,339,339,372,383,400,400,400],"floor_reached":51,"campfire_rested":5,"playtime":4122,"current_hp_per_floor":[68,61,59,58,58,45,45,45,45,38,38,38,38,38,38,21,75,69,69,69,69,61,61,55,55,55,55,41,41,14,14,36,35,75,63,63,38,3,2,39,6,43,43,27,64,64,35,34,71,61],"items_purged":["Defend_B","Strike_B","Defend_B"],"gold":400,"score":754,"play_id":"d7e173d3-eb9b-41ff-8e44-5d539b6b2d78","local_time":"20180501180227","is_prod":false,"is_daily":false,"chose_seed":false,"is_ascension_mode":false,"campfire_upgraded":5,"timestamp":1525190547,"path_taken":["M","?","M","M","?","E","R","$","T","?","?","R","M","$","R","BOSS","M","?","$","M","M","R","M","?","T","?","M","R","E","?","R","BOSS","M","$","M","M","M","R","E","R","T","?","R","E","M","M","R","BOSS"],"build_version":"2018-04-30","seed_source_timestamp":0,"purchased_purges":4,"victory":true,"master_deck":["Strike_B","Strike_B","Defend_B","Defend_B","Zap+1","Dualcast+1","Beam Cell","Melter","FTL","Cold Snap","Coolheaded","Hologram+1","Capacitor+1","White Noise+1","Skim+1","Fusion+1","Capacitor+1","Sunder+1","Reprieve+1","Barrage+1","Machine Learning","Seek+1","Turbo+1","Chill+1","Creative AI","Consume+1","Rebound"],"max_hp_per_floor":[75,75,75,75,75,75,75,75,75,75,75,75,75,75,75,75,75,75,75,75,75,75,75,75,75,75,75,75,75,75,75,75,75,75,75,75,75,75,75,75,75,75,75,75,75,75,75,75,75,75],"relics":["Cracked Core","Torii","Old Coin","Toxic Egg 2","Gambling Chip","Odd Mushroom","Bag of Marbles","Nloth\u0027s Gift","Mummified Hand","Lantern","Pen Nib","Nuclear Battery","Regal Pillow","Shuriken","Gremlin Horn","Centennial Puzzle"],"card_choices":[{"not_picked":["Skim","Buffer"],"picked":"Beam Cell","floor":1.0},{"not_picked":["Impulse","Loop"],"picked":"Melter","floor":3.0},{"not_picked":["Blaster","Steam Power"],"picked":"FTL","floor":4.0},{"not_picked":["Ball Lightning","Coolheaded"],"picked":"Cold Snap","floor":5.0},{"not_picked":["Beam Cell","Melter"],"picked":"Coolheaded","floor":6.0},{"not_picked":["Leap","Coolheaded"],"picked":"White Noise","floor":10.0},{"not_picked":["Turbo","Capacitor"],"picked":"Skim","floor":13.0},{"not_picked":["Meteor Strike","Prime"],"picked":"Fusion","floor":16.0},{"not_picked":["Hologram","Streamline"],"picked":"Capacitor","floor":18.0},{"not_picked":["Beam Cell","Stack"],"picked":"Sunder","floor":22.0},{"not_picked":["Cold Snap","Beam Cell"],"picked":"Reprieve","floor":24.0},{"not_picked":["Hello World","Go for the Eyes"],"picked":"Barrage","floor":28.0},{"not_picked":["Axe Kick","Coolheaded"],"picked":"Machine Learning","floor":30.0},{"not_picked":["All For One","Redo"],"picked":"Seek","floor":33.0},{"not_picked":["Streamline","Barrage"],"picked":"Turbo","floor":35.0},{"not_picked":["Leap","Sweeping Beam"],"picked":"Chill","floor":39.0},{"not_picked":["Cold Snap","Biased Cognition"],"picked":"Creative AI","floor":41.0},{"not_picked":["Beam Cell","Axe Kick"],"picked":"Consume","floor":44.0},{"not_picked":["Hologram","Heatsinks"],"picked":"Rebound","floor":47.0}],"player_experience":565013,"potions_floor_usage":[50,50,50],"damage_taken":[{"damage":7.0,"enemies":"Small Slimes","floor":1.0,"turns":3.0},{"damage":2.0,"enemies":"Jaw Worm","floor":3.0,"turns":3.0},{"damage":1.0,"enemies":"Cultist","floor":4.0,"turns":3.0},{"damage":0.0,"enemies":"Exordium Wildlife","floor":5.0,"turns":2.0},{"damage":13.0,"enemies":"Gremlin Nob","floor":6.0,"turns":4.0},{"damage":7.0,"enemies":"The Mushroom Lair","floor":10.0,"turns":3.0},{"damage":0.0,"enemies":"2 Fungi Beasts","floor":13.0,"turns":2.0},{"damage":17.0,"enemies":"The Guardian","floor":16.0,"turns":13.0},{"damage":6.0,"enemies":"3 Byrds","floor":18.0,"turns":5.0},{"damage":0.0,"enemies":"Spheric Guardian","floor":21.0,"turns":2.0},{"damage":8.0,"enemies":"Cultist and Chosen","floor":22.0,"turns":6.0},{"damage":6.0,"enemies":"Sentry and Sphere","floor":24.0,"turns":3.0},{"damage":14.0,"enemies":"Snake Plant","floor":28.0,"turns":3.0},{"damage":27.0,"enemies":"Slavers","floor":30.0,"turns":4.0},{"damage":1.0,"enemies":"Automaton","floor":33.0,"turns":7.0},{"damage":12.0,"enemies":"Flame Bruiser 1 Orb","floor":35.0,"turns":4.0},{"damage":32.0,"enemies":"3 Darklings","floor":37.0,"turns":4.0},{"damage":41.0,"enemies":"Spire Growth","floor":38.0,"turns":4.0},{"damage":1.0,"enemies":"4 Shapes","floor":39.0,"turns":4.0},{"damage":33.0,"enemies":"Nemesis","floor":41.0,"turns":3.0},{"damage":22.0,"enemies":"Maw","floor":44.0,"turns":5.0},{"damage":0.0,"enemies":"Giant Head","floor":46.0,"turns":7.0},{"damage":29.0,"enemies":"Spire Growth","floor":47.0,"turns":4.0},{"damage":1.0,"enemies":"Sphere and 2 Shapes","floor":48.0,"turns":4.0},{"damage":10,"enemies":"Awakened One","floor":50,"turns":9}],"event_choices":[{"event_name":"Scrap Ooze","player_choice":"success","floor":2.0,"damage_taken":7.0},{"event_name":"Mushrooms","player_choice":"Fought Mushrooms","floor":10.0,"damage_taken":0.0},{"event_name":"Dead Adventurer","player_choice":"Searched \u00271\u0027 times","floor":11.0,"damage_taken":0.0},{"event_name":"N\u0027loth","player_choice":"Traded a Eternal Feather","floor":19.0,"damage_taken":0.0},{"event_name":"Drug Dealer","player_choice":"Ignored","floor":25.0,"damage_taken":0.0}],"boss_relics":[],"potions_floor_spawned":[6,16,24,30,33,37,39,41,44,46,47],"seed_played":"-506818944985348536","ascension_level":0,"is_trial":false}