{"path_per_floor":["M","?","M","?","M","R","M","M","T","$","E","M","R","M","R","B",null,"M","?","M"],"character_chosen":"THE_SILENT","items_purchased":["Apotheosis","Well Laid Plans"],"gold_per_floor":[111,211,230,230,246,246,263,283,356,14,46,62,62,77,77,175,175,190,190,209],"floor_reached":21,"campfire_rested":2,"playtime":1190,"current_hp_per_floor":[59,59,55,41,40,40,36,35,35,35,5,4,24,19,39,21,56,40,28,11],"items_purged":["Parasite"],"gold":209,"score":284,"play_id":"eaafd40a-20f1-4a35-bda9-e83e51a46a41","local_time":"20180317155035","is_prod":false,"is_daily":false,"is_ascension_mode":true,"campfire_upgraded":1,"timestamp":1521298235,"path_taken":["M","?","M","?","M","R","M","M","T","$","E","M","R","M","R","BOSS","M","?","M","?"],"build_version":"2018-03-15v2","purchased_purges":1,"victory":false,"master_deck":["Defend_G","Defend_G","Defend_G","Defend_G+1","Defend_G","Strike_G","Strike_G+1","Strike_G+1","Strike_G","Strike_G","Survivor","Neutralize","Cloak And Dagger+1","Acrobatics","Dagger Throw","Choke+1","Cloak And Dagger","Apotheosis","Well Laid Plans+1","Tools of the Trade+1","Noxious Fumes+1","Tactician","Backflip","Underhanded Strike+1"],"max_hp_per_floor":[70,70,70,70,70,70,70,70,70,67,67,67,67,67,67,67,67,67,72,72],"relics":["Ring of the Snake","Frozen Egg 2","Whetstone","Question Card"],"card_choices":[{"not_picked":["Sucker Punch","Slice"],"picked":"Cloak And Dagger"},{"not_picked":["Deflect","Dodge and Roll"],"picked":"Acrobatics"},{"not_picked":["Outmaneuver","Escape Plan"],"picked":"Dagger Throw"},{"not_picked":["Masterful Stab","PiercingWail"],"picked":"Choke"},{"not_picked":["Outmaneuver","Backflip"],"picked":"Cloak And Dagger"},{"not_picked":["Sucker Punch","Eviscerate"],"picked":"Tools of the Trade"},{"not_picked":["Reflex","Deflect"],"picked":"Noxious Fumes"},{"not_picked":["A Thousand Cuts","Phantasmal Killer"],"picked":"Tactician"},{"not_picked":["Riddle With Holes","Flying Knee","Sucker Punch"],"picked":"Backflip"},{"not_picked":["Masterful Stab","Skewer","Bullet Time"],"picked":"Underhanded Strike"}],"player_experience":406521,"potions_floor_usage":[21],"damage_taken":[{"damage":4.0,"enemies":"Jaw Worm","floor":1.0,"turns":4.0},{"damage":4.0,"enemies":"Cultist","floor":3.0,"turns":5.0},{"damage":1.0,"enemies":"2 Louse","floor":5.0,"turns":2.0},{"damage":4.0,"enemies":"Exordium Thugs","floor":7.0,"turns":6.0},{"damage":1.0,"enemies":"Looter","floor":8.0,"turns":3.0},{"damage":30.0,"enemies":"Gremlin Nob","floor":11.0,"turns":4.0},{"damage":1.0,"enemies":"2 Fungi Beasts","floor":12.0,"turns":4.0},{"damage":5.0,"enemies":"Lots of Slimes","floor":14.0,"turns":6.0},{"damage":18.0,"enemies":"The Guardian","floor":16.0,"turns":12.0},{"damage":16.0,"enemies":"2 Thieves","floor":18.0,"turns":4.0},{"damage":17.0,"enemies":"Shell Parasite","floor":20.0,"turns":5.0},{"damage":14,"enemies":"Centurion and Healer","floor":21,"turns":1}],"event_choices":[{"event_name":"Golden Shrine","player_choice":"Pray","floor":2.0,"damage_taken":0.0},{"event_name":"Shining Light","player_choice":"Entered Light","floor":4.0,"damage_taken":0.0},{"event_name":"Forgotten Altar","player_choice":"Shed Blood","floor":19.0,"damage_taken":0.0}],"boss_relics":[],"potions_floor_spawned":[3,11,12,14,20],"seed_played":"-3811317757489489233","killed_by":"Centurion and Healer","ascension_level":11,"is_trial":false}