{"gold_per_floor":[113,128,128,148,111,111,136,136,136,136],"floor_reached":10,"playtime":506,"items_purged":[],"score":89,"play_id":"40cfcccd-b1fb-4153-845e-ee1d9e39671d","local_time":"20190721224745","is_ascension_mode":true,"campfire_choices":[{"data":"Inflame","floor":6,"key":"SMITH"}],"neow_cost":"NONE","seed_source_timestamp":356440337584159,"circlet_count":0,"master_deck":["Strike_R","Strike_R","Strike_R","Strike_R","Defend_R","Defend_R","Defend_R","Defend_R","Bash","Inflame+1","PanicButton","Corruption","Bash","Warcry","Power Through"],"relics":["Burning Blood","NeowsBlessing","Torii","Frozen Egg 2"],"potions_floor_usage":[7,7],"damage_taken":[{"damage":0,"enemies":"Small Slimes","floor":1,"turns":1},{"damage":0,"enemies":"Cultist","floor":2,"turns":1},{"damage":0,"enemies":"2 Louse","floor":4,"turns":1},{"damage":50,"enemies":"3 Sentries","floor":7,"turns":15},{"damage":59,"enemies":"Gremlin Nob","floor":10,"turns":5}],"seed_played":"5102652220384655575","potions_obtained":[{"floor":2,"key":"Fire Potion"},{"floor":4,"key":"Fruit Juice"}],"is_trial":false,"path_per_floor":["M","M","?","M","$","R","E","?","T","E"],"character_chosen":"IRONCLAD","items_purchased":["Power Through"],"campfire_rested":0,"item_purchase_floors":[5],"current_hp_per_floor":[78,80,80,80,80,80,41,41,41,0],"gold":136,"neow_bonus":"THREE_ENEMY_KILL","is_prod":false,"is_daily":false,"chose_seed":false,"campfire_upgraded":1,"win_rate":0,"timestamp":1563774465,"path_taken":["M","M","?","?","$","R","E","?","T","E"],"build_version":"2019-07-05","purchased_purges":0,"victory":false,"max_hp_per_floor":[80,80,80,80,80,80,85,85,85,85],"card_choices":[{"not_picked":["Flex","Rampage"],"picked":"Inflame","floor":1},{"not_picked":["Bloodletting","Fire Breathing","Body Slam"],"picked":"SKIP","floor":2},{"not_picked":["Flex","Metallicize","Clothesline"],"picked":"SKIP","floor":4},{"not_picked":["Wild Strike","Dual Wield","Clothesline"],"picked":"SKIP","floor":7}],"player_experience":95891,"relics_obtained":[{"floor":7,"key":"Torii"},{"floor":9,"key":"Frozen Egg 2"}],"event_choices":[{"damage_healed":0,"gold_gain":0,"player_choice":"4 cards matched","damage_taken":0,"max_hp_gain":0,"max_hp_loss":0,"event_name":"Match and Keep!","floor":3,"gold_loss":0,"cards_obtained":["PanicButton","Corruption","Bash","Warcry"]},{"cards_removed":["Strike_R"],"damage_healed":0,"gold_gain":0,"player_choice":"Forget","damage_taken":0,"max_hp_gain":0,"max_hp_loss":0,"event_name":"Living Wall","floor":8,"gold_loss":0}],"is_beta":false,"boss_relics":[],"items_purged_floors":[],"is_endless":false,"potions_floor_spawned":[2,4],"killed_by":"Gremlin Nob","ascension_level":7}