{"gold_per_floor":[114,114,189,207,222,222,242,242,269,2,2,2,18,29,29,129,129,139,64,81,81],"floor_reached":21,"playtime":545,"items_purged":["Strike_B"],"score":188,"play_id":"7a83bcdc-a8d0-4a9b-8e88-7ade8c7c02e3","local_time":"20190716225117","is_ascension_mode":true,"campfire_choices":[{"data":"Defragment","floor":6,"key":"SMITH"},{"data":"Reinforced Body","floor":8,"key":"SMITH"},{"data":"Beam Cell","floor":11,"key":"SMITH"},{"data":"Chaos","floor":15,"key":"SMITH"}],"neow_cost":"NONE","seed_source_timestamp":447961592793801,"circlet_count":0,"master_deck":["Strike_B","Strike_B","Defend_B","Defend_B","Defend_B","Defend_B","Zap","Dualcast","Defragment+1","Beam Cell+1","Reinforced Body+1","Chaos+1","Leap","Electrodynamics","Capacitor","Static Discharge"],"relics":["Cracked Core","Vajra","TheAbacus","PreservedInsect","Philosopher\u0027s Stone"],"potions_floor_usage":[4,20],"damage_taken":[{"damage":0,"enemies":"2 Louse","floor":1,"turns":2},{"damage":2,"enemies":"Jaw Worm","floor":4,"turns":3},{"damage":1,"enemies":"Cultist","floor":5,"turns":3},{"damage":7,"enemies":"Looter","floor":7,"turns":4},{"damage":2,"enemies":"2 Fungi Beasts","floor":13,"turns":3},{"damage":0,"enemies":"Blue Slaver","floor":14,"turns":3},{"damage":14,"enemies":"Slime Boss","floor":16,"turns":7},{"damage":14,"enemies":"Shell Parasite","floor":18,"turns":4},{"damage":18,"enemies":"3 Byrds","floor":20,"turns":2},{"damage":60,"enemies":"Masked Bandits","floor":21,"turns":3}],"seed_played":"-6977110569142034797","potions_obtained":[{"floor":4,"key":"Fruit Juice"},{"floor":13,"key":"SteroidPotion"},{"floor":14,"key":"LiquidBronze"}],"is_trial":false,"path_per_floor":["M","?","?","M","M","R","M","R","T","$","R","?","M","M","R","B",null,"M","$","M","?"],"character_chosen":"DEFECT","items_purchased":["TheAbacus","Capacitor"],"campfire_rested":0,"item_purchase_floors":[10,19],"current_hp_per_floor":[82,75,67,70,69,69,62,62,62,62,62,55,53,53,53,39,87,73,73,55,0],"gold":81,"neow_bonus":"TEN_PERCENT_HP_BONUS","is_prod":false,"is_daily":false,"chose_seed":false,"campfire_upgraded":4,"win_rate":0,"timestamp":1563331877,"path_taken":["M","?","?","?","M","R","M","R","T","$","R","?","M","M","R","BOSS","M","$","M","?"],"build_version":"2019-07-05","purchased_purges":1,"victory":false,"max_hp_per_floor":[82,82,82,87,87,87,87,87,87,87,87,87,87,87,87,87,87,87,87,87,87],"card_choices":[{"not_picked":["Ball Lightning","Streamline"],"picked":"Defragment","floor":1},{"not_picked":["Double Energy","Compile Driver","Heatsinks"],"picked":"SKIP","floor":4},{"not_picked":["Ball Lightning","Reinforced Body"],"picked":"Beam Cell","floor":5},{"not_picked":["Storm","Steam"],"picked":"Reinforced Body","floor":7},{"not_picked":["Genetic Algorithm","Blizzard"],"picked":"Chaos","floor":13},{"not_picked":["Sunder","Compile Driver"],"picked":"Leap","floor":14},{"not_picked":["Biased Cognition","Core Surge"],"picked":"Electrodynamics","floor":16},{"not_picked":["Steam","Rip and Tear","Barrage"],"picked":"SKIP","floor":18},{"not_picked":["Conserve Battery","Scrape"],"picked":"Static Discharge","floor":20}],"player_experience":182222,"relics_obtained":[{"floor":9,"key":"Vajra"}],"event_choices":[{"cards_removed":["Strike_B"],"damage_healed":0,"gold_gain":0,"player_choice":"Card Removal","damage_taken":7,"max_hp_gain":0,"max_hp_loss":0,"event_name":"Golden Wing","floor":2,"gold_loss":0},{"damage_healed":0,"gold_gain":75,"player_choice":"Touch","damage_taken":8,"max_hp_gain":0,"max_hp_loss":0,"event_name":"FaceTrader","floor":3,"gold_loss":0},{"damage_healed":0,"gold_gain":0,"player_choice":"Success","damage_taken":7,"relics_obtained":["PreservedInsect"],"max_hp_gain":0,"max_hp_loss":0,"event_name":"Scrap Ooze","floor":12,"gold_loss":0},{"damage_healed":0,"gold_gain":0,"player_choice":"Fought Bandits","damage_taken":0,"max_hp_gain":0,"max_hp_loss":0,"event_name":"Masked Bandits","floor":21,"gold_loss":0}],"is_beta":false,"boss_relics":[{"not_picked":["Orrery","Fusion Hammer"],"picked":"Philosopher\u0027s Stone"}],"items_purged_floors":[10],"is_endless":false,"potions_floor_spawned":[4,13,14],"killed_by":"Masked Bandits","ascension_level":2}