{"gold_per_floor":[110,128,128,128,78,108,30,30,84,84,95,130,152,164,176,289,301,326,438,450,309,309,309,324,324,324,324,324,343,358,558,558,558],"floor_reached":33,"playtime":1253,"items_purged":["Strike_G"],"score":290,"play_id":"b05c41d6-4287-4a78-9a7d-e6265524a645","local_time":"20190110145922","is_ascension_mode":true,"campfire_choices":[{"data":"Noxious Fumes","floor":10,"key":"SMITH"},{"data":"Neutralize","floor":15,"key":"SMITH"},{"floor":23,"key":"REST"},{"data":"Footwork","floor":25,"key":"SMITH"},{"floor":27,"key":"REST"},{"floor":32,"key":"RECALL"}],"neow_cost":"NONE","seed_source_timestamp":302358146150536,"circlet_count":0,"master_deck":["Defend_G","Defend_G","Defend_G","Strike_G","Strike_G","Survivor","Neutralize+1","Infinite Blades","Footwork+1","Noxious Fumes+1","Slice","Backflip","Slice","PiercingWail","Deflect","Deflect","Normality","Dagger Throw"],"relics":["Ring of the Snake","NeowsBlessing","Happy Flower","Boot","Lantern","MawBank","Cursed Key","WingedGreaves","MutagenicStrength","Bird Faced Urn"],"potions_floor_usage":[16,19,19,30,33],"damage_taken":[{"damage":0,"enemies":"Jaw Worm","floor":1,"turns":1},{"damage":0,"enemies":"2 Louse","floor":2,"turns":1},{"damage":0,"enemies":"Lagavulin","floor":6,"turns":1},{"damage":2,"enemies":"Small Slimes","floor":11,"turns":3},{"damage":21,"enemies":"Gremlin Nob","floor":12,"turns":5},{"damage":0,"enemies":"Blue Slaver","floor":13,"turns":4},{"damage":3,"enemies":"Hexaghost","floor":16,"turns":9},{"damage":0,"enemies":"Shell Parasite","floor":18,"turns":6},{"damage":7,"enemies":"Colosseum Slavers","floor":19,"turns":5},{"damage":50,"enemies":"Colosseum Nobs","floor":19,"turns":6},{"damage":0,"enemies":"3 Byrds","floor":24,"turns":5},{"damage":11,"enemies":"Snake Plant","floor":29,"turns":7},{"damage":8,"enemies":"Chosen and Byrds","floor":30,"turns":8},{"damage":66,"enemies":"Collector","floor":33,"turns":6}],"seed_played":"-6777974725257619347","potions_obtained":[{"floor":6,"key":"AttackPotion"},{"floor":11,"key":"LiquidBronze"},{"floor":12,"key":"Poison Potion"},{"floor":16,"key":"Energy Potion"},{"floor":19,"key":"AttackPotion"}],"is_trial":false,"path_per_floor":["M","M","?","?","?","E","$","?","T","R","M","E","M","?","R","B",null,"M","?","?","$","?","R","M","R","T","R","?","M","M","?","R","B"],"character_chosen":"THE_SILENT","items_purchased":["Noxious Fumes","GhostInAJar"],"campfire_rested":2,"item_purchase_floors":[7,21],"current_hp_per_floor":[70,70,67,67,67,67,67,67,67,67,65,44,44,37,37,34,70,70,13,13,13,13,34,34,34,34,55,55,50,48,48,48,0],"gold":558,"neow_bonus":"THREE_ENEMY_KILL","is_prod":false,"is_daily":false,"chose_seed":false,"campfire_upgraded":3,"win_rate":0,"timestamp":1547128762,"path_taken":["M","M","?","?","?","E","?","?","T","R","M","E","M","?","R","BOSS","M","?","?","$","?","R","?","R","T","R","?","M","M","?","R","BOSS"],"build_version":"2019-01-03v4","purchased_purges":1,"victory":false,"max_hp_per_floor":[70,70,70,70,70,70,70,70,70,70,70,70,70,70,70,70,70,70,70,70,70,70,70,70,70,70,70,70,70,70,70,70,70],"card_choices":[{"not_picked":["Poisoned Stab","Dagger Spray"],"picked":"Infinite Blades","floor":1},{"not_picked":["Terror","Dodge and Roll","Masterful Stab"],"picked":"SKIP","floor":2},{"not_picked":["Noxious Fumes","Deadly Poison"],"picked":"Footwork","floor":6},{"not_picked":["Outmaneuver","Dodge and Roll"],"picked":"Slice","floor":11},{"not_picked":["Predator","Quick Slash"],"picked":"Backflip","floor":12},{"not_picked":["Dagger Spray","Flying Knee"],"picked":"Slice","floor":13},{"not_picked":["Cloak And Dagger","Concentrate"],"picked":"PiercingWail","floor":18},{"not_picked":["Sucker Punch","Crippling Poison"],"picked":"Deflect","floor":19},{"not_picked":["Flying Knee","Accuracy+1"],"picked":"Deflect","floor":24},{"not_picked":["Outmaneuver","Blade Dance","Wraith Form v2"],"picked":"SKIP","floor":29},{"not_picked":["Sucker Punch","Caltrops"],"picked":"Dagger Throw","floor":30}],"player_experience":674445,"relics_obtained":[{"floor":6,"key":"Boot"},{"floor":9,"key":"Lantern"},{"floor":12,"key":"MawBank"},{"floor":19,"key":"WingedGreaves"},{"floor":26,"key":"Bird Faced Urn"}],"event_choices":[{"damage_healed":0,"gold_gain":0,"player_choice":"Success","damage_taken":3,"relics_obtained":["Happy Flower"],"max_hp_gain":0,"max_hp_loss":0,"event_name":"Scrap Ooze","floor":3,"gold_loss":0},{"damage_healed":0,"gold_gain":0,"player_choice":"Ignored","damage_taken":0,"max_hp_gain":0,"max_hp_loss":0,"event_name":"Liars Game","floor":4,"gold_loss":0},{"cards_removed":["Strike_G"],"damage_healed":0,"gold_gain":0,"player_choice":"Card Removal","damage_taken":0,"max_hp_gain":0,"max_hp_loss":0,"event_name":"The Cleric","floor":5,"gold_loss":50},{"cards_removed":["Defend_G"],"damage_healed":0,"gold_gain":0,"player_choice":"Forget","damage_taken":0,"max_hp_gain":0,"max_hp_loss":0,"event_name":"Living Wall","floor":8,"gold_loss":0},{"cards_removed":["Strike_G"],"damage_healed":0,"gold_gain":0,"player_choice":"Card Removal","damage_taken":7,"max_hp_gain":0,"max_hp_loss":0,"event_name":"Golden Wing","floor":14,"gold_loss":0},{"damage_healed":0,"gold_gain":0,"player_choice":"Fight","damage_taken":0,"max_hp_gain":0,"max_hp_loss":0,"event_name":"Colosseum","floor":19,"gold_loss":0},{"damage_healed":0,"gold_gain":0,"player_choice":"Fought Nobs","damage_taken":0,"max_hp_gain":0,"max_hp_loss":0,"event_name":"Colosseum","floor":19,"gold_loss":0},{"damage_healed":0,"gold_gain":0,"player_choice":"Inject Mutagens","damage_taken":0,"relics_obtained":["MutagenicStrength"],"max_hp_gain":0,"max_hp_loss":0,"event_name":"Drug Dealer","floor":20,"gold_loss":0},{"cards_removed":["Defend_G"],"damage_healed":0,"gold_gain":0,"player_choice":"Purged","damage_taken":0,"max_hp_gain":0,"max_hp_loss":0,"event_name":"Purifier","floor":22,"gold_loss":0},{"damage_healed":0,"gold_gain":0,"player_choice":"Ignored","damage_taken":0,"max_hp_gain":0,"max_hp_loss":0,"event_name":"Vampires","floor":28,"gold_loss":0},{"damage_healed":0,"gold_gain":250,"player_choice":"Bet on Owner","damage_taken":0,"max_hp_gain":0,"max_hp_loss":0,"event_name":"The Joust","floor":31,"gold_loss":50}],"is_beta":false,"boss_relics":[{"not_picked":["Runic Pyramid","Calling Bell"],"picked":"Cursed Key"}],"items_purged_floors":[21],"is_endless":false,"potions_floor_spawned":[6,11,12,16,19,19,24],"killed_by":"Collector","ascension_level":1}