{"gold_per_floor":[15,15,31,47,47,47,47,47,71,71,85,96,96,122,122,197,197,208,258,258,278,296,296,310,310,334,334,334,125,145,156,156,233,233,253,264,281,281,281],"floor_reached":39,"playtime":1769,"items_purged":[],"score":766,"play_id":"7b50616c-3c23-40da-8f5c-6039ecbb5cfe","local_time":"20190223200114","is_ascension_mode":true,"campfire_choices":[{"data":"Redo","floor":6.0,"key":"SMITH"},{"data":"Dualcast","floor":8.0,"key":"SMITH"},{"data":"Coolheaded","floor":13.0,"key":"SMITH"},{"data":"Coolheaded","floor":15.0,"key":"SMITH"},{"floor":23.0,"key":"REST"},{"data":"Turbo","floor":27.0,"key":"SMITH"},{"floor":32.0,"key":"REST"}],"neow_cost":"NO_GOLD","seed_source_timestamp":1411058765112856,"circlet_count":0,"master_deck":["AscendersBane","Defend_B+1","Defend_B+1","Zap+1","Dualcast+1","Leap","Redo+1","Coolheaded+1","Coolheaded+1","Machine Learning","Rainbow+1","Chaos+1","Thunder Strike+1","Turbo+1","Undo","Conserve Battery","BootSequence","Echo Form","Loop+1","Redo+1","Force Field","Creative AI"],"special_seed":0,"relics":["Cracked Core","War Paint","Pear","Astrolabe","Centennial Puzzle","Shuriken","Membership Card","Cursed Key"],"potions_floor_usage":[],"damage_taken":[{"damage":7.0,"enemies":"Jaw Worm","floor":1.0,"turns":3.0},{"damage":1.0,"enemies":"Cultist","floor":3.0,"turns":3.0},{"damage":0.0,"enemies":"Small Slimes","floor":4.0,"turns":3.0},{"damage":0.0,"enemies":"Blue Slaver","floor":11.0,"turns":3.0},{"damage":0.0,"enemies":"Exordium Wildlife","floor":12.0,"turns":4.0},{"damage":17.0,"enemies":"3 Sentries","floor":14.0,"turns":7.0},{"damage":9.0,"enemies":"The Guardian","floor":16.0,"turns":16.0},{"damage":13.0,"enemies":"3 Byrds","floor":18.0,"turns":4.0},{"damage":0.0,"enemies":"Spheric Guardian","floor":21.0,"turns":3.0},{"damage":30.0,"enemies":"Shelled Parasite and Fungi","floor":22.0,"turns":6.0},{"damage":22.0,"enemies":"Snecko","floor":24.0,"turns":6.0},{"damage":0.0,"enemies":"Snake Plant","floor":30.0,"turns":3.0},{"damage":21.0,"enemies":"Cultist and Chosen","floor":31.0,"turns":4.0},{"damage":7.0,"enemies":"Champ","floor":33.0,"turns":13.0},{"damage":0.0,"enemies":"3 Shapes","floor":35.0,"turns":6.0},{"damage":11.0,"enemies":"Orb Walker","floor":36.0,"turns":4.0},{"damage":52.0,"enemies":"Writhing Mass","floor":37.0,"turns":5.0},{"damage":33,"enemies":"4 Shapes","floor":39,"turns":3}],"seed_played":"-5675399961027886594","potions_obtained":[{"floor":12.0,"key":"SpeedPotion"},{"floor":14.0,"key":"FairyPotion"},{"floor":24.0,"key":"FairyPotion"},{"floor":36.0,"key":"FocusPotion"}],"is_trial":false,"path_per_floor":["M","?","M","M","?","R","?","R","T","$","M","M","R","E","R","B",null,"M","?","?","M","M","R","M","?","T","R","T","$","M","M","R","B",null,"M","M","M","?","M"],"character_chosen":"DEFECT","items_purchased":["Membership Card"],"campfire_rested":2,"item_purchase_floors":[29],"current_hp_per_floor":[57,57,56,56,56,56,49,49,49,49,49,49,49,42,42,33,69,56,56,61,61,31,55,33,33,33,33,33,33,33,12,36,29,68,68,57,5,5,0],"gold":281,"neow_bonus":"REMOVE_TWO","is_prod":false,"is_daily":false,"chose_seed":false,"campfire_upgraded":5,"win_rate":0,"timestamp":1550948474,"path_taken":["M","?","?","M","?","R","?","R","T","?","M","?","R","E","R","BOSS","M","?","?","?","M","R","M","?","T","R","?","$","M","M","R","BOSS","M","?","M","?","?"],"build_version":"2019-01-23","purchased_purges":0,"victory":false,"max_hp_per_floor":[71,71,71,71,71,71,71,71,71,71,71,71,71,81,81,81,81,81,81,81,81,81,81,81,81,81,81,81,81,81,81,81,81,81,81,81,81,81,81],"card_choices":[{"not_picked":["Go for the Eyes","FTL"],"picked":"Sweeping Beam","floor":1.0},{"not_picked":["Go for the Eyes","Darkness"],"picked":"Leap","floor":3.0},{"not_picked":["Self Repair","Steam"],"picked":"Redo","floor":4.0},{"not_picked":["Doom and Gloom","Loop"],"picked":"Coolheaded","floor":11.0},{"not_picked":["Hologram","Beam Cell"],"picked":"Coolheaded","floor":12.0},{"not_picked":["Steam","Buffer","Sweeping Beam"],"picked":"SKIP","floor":14.0},{"not_picked":["Echo Form","Seek"],"picked":"Machine Learning","floor":16.0},{"not_picked":["Hologram","Streamline"],"picked":"Turbo","floor":18.0},{"not_picked":["Recycle","Beam Cell","Scrape"],"picked":"SKIP","floor":21.0},{"not_picked":["Stack","Ball Lightning","Undo"],"picked":"SKIP","floor":22.0},{"not_picked":["Stack","Ball Lightning"],"picked":"Undo","floor":22.0},{"not_picked":["Reboot","Hologram"],"picked":"Conserve Battery","floor":24.0},{"not_picked":["Sweeping Beam","Stack","Hologram"],"picked":"SKIP","floor":30.0},{"not_picked":["Cold Snap","Barrage"],"picked":"BootSequence","floor":31.0},{"not_picked":["Fission","Amplify"],"picked":"Echo Form","floor":33.0},{"not_picked":["Leap","Steam"],"picked":"Loop+1","floor":35.0},{"not_picked":["Hologram+1","Conserve Battery"],"picked":"Redo+1","floor":36.0},{"not_picked":["Echo Form","Redo"],"picked":"Force Field","floor":37.0}],"player_experience":879626,"relics_obtained":[{"floor":9.0,"key":"War Paint"},{"floor":14.0,"key":"Pear"},{"floor":26.0,"key":"Centennial Puzzle"},{"floor":28.0,"key":"Shuriken"}],"event_choices":[{"damage_healed":0.0,"max_hp_gain":0.0,"max_hp_loss":0.0,"gold_gain":0.0,"event_name":"Accursed Blacksmith","player_choice":"Forge","floor":2.0,"gold_loss":0.0,"damage_taken":0.0,"cards_upgraded":["Zap"]},{"damage_healed":0.0,"max_hp_gain":0.0,"max_hp_loss":0.0,"gold_gain":0.0,"event_name":"The Cleric","player_choice":"Leave","floor":5.0,"gold_loss":0.0,"damage_taken":0.0},{"cards_removed":["Strike_B"],"damage_healed":0.0,"max_hp_gain":0.0,"max_hp_loss":0.0,"gold_gain":0.0,"event_name":"Golden Wing","player_choice":"Card Removal","floor":7.0,"gold_loss":0.0,"damage_taken":7.0},{"damage_healed":0.0,"max_hp_gain":0.0,"max_hp_loss":0.0,"gold_gain":50.0,"event_name":"Nest","player_choice":"Stole From Cult","floor":19.0,"gold_loss":0.0,"damage_taken":0.0},{"cards_removed":["Sweeping Beam"],"damage_healed":5.0,"max_hp_gain":0.0,"max_hp_loss":0.0,"gold_gain":0.0,"event_name":"Bonfire Elementals","player_choice":"Offered Common","floor":20.0,"gold_loss":0.0,"damage_taken":0.0},{"cards_removed":["Sweeping Beam"],"damage_healed":5.0,"max_hp_gain":0.0,"max_hp_loss":0.0,"gold_gain":0.0,"event_name":"Bonfire Elementals","player_choice":"Offered Special","floor":20.0,"gold_loss":0.0,"damage_taken":0.0},{"damage_healed":0.0,"max_hp_gain":0.0,"max_hp_loss":0.0,"gold_gain":0.0,"event_name":"Beggar","player_choice":"Ignored","floor":25.0,"gold_loss":0.0,"damage_taken":0.0},{"damage_healed":0,"gold_gain":0,"player_choice":"1 cards matched","damage_taken":0,"max_hp_gain":0,"max_hp_loss":0,"event_name":"Match and Keep!","floor":38,"gold_loss":0,"cards_obtained":["Creative AI"]}],"is_beta":false,"boss_relics":[{"not_picked":["Ectoplasm","Coffee Dripper"],"picked":"Astrolabe"},{"not_picked":["Runic Dome","White Beast Statue"],"picked":"Cursed Key"}],"items_purged_floors":[],"is_endless":false,"potions_floor_spawned":[12,14,24,30,35,36],"killed_by":"4 Shapes","ascension_level":20}