{"gold_per_floor":[118,293,293,311,321,355,355,369,393,393],"floor_reached":10,"playtime":258,"items_purged":[],"score":68,"play_id":"739c5303-da17-4478-90ab-272be04e95a5","local_time":"20190511214735","is_ascension_mode":false,"campfire_choices":[],"neow_cost":"NONE","seed_source_timestamp":377653348053900,"circlet_count":0,"master_deck":["Strike_R","Strike_R","Strike_R","Strike_R","Strike_R","Defend_R","Defend_R","Defend_R","Defend_R","Bash","Doubt","Bludgeon","Shrug It Off","Armaments","Offering"],"relics":["Burning Blood","NeowsBlessing","Boot","Red Skull","PreservedInsect"],"potions_floor_usage":[],"damage_taken":[{"damage":0,"enemies":"2 Louse","floor":1,"turns":1},{"damage":0,"enemies":"Small Slimes","floor":4,"turns":1},{"damage":0,"enemies":"Cultist","floor":5,"turns":1},{"damage":68,"enemies":"Lagavulin","floor":6,"turns":9},{"damage":0,"enemies":"2 Fungi Beasts","floor":8,"turns":4},{"damage":28,"enemies":"3 Sentries","floor":10,"turns":5}],"seed_played":"7167753430919633424","potions_obtained":[{"floor":1,"key":"SneckoOil"},{"floor":5,"key":"Swift Potion"}],"is_trial":false,"path_per_floor":["M","?","?","M","M","E","?","M","T","E"],"character_chosen":"IRONCLAD","items_purchased":[],"campfire_rested":0,"item_purchase_floors":[],"current_hp_per_floor":[80,80,80,80,80,18,18,24,24,0],"gold":393,"neow_bonus":"THREE_ENEMY_KILL","is_prod":false,"is_daily":false,"chose_seed":false,"campfire_upgraded":0,"win_rate":0,"timestamp":1557629255,"path_taken":["M","?","?","M","?","E","?","M","T","E"],"build_version":"2019-01-23","purchased_purges":0,"victory":false,"max_hp_per_floor":[80,80,80,80,80,80,80,80,80,80],"card_choices":[{"not_picked":["Perfected Strike","Clothesline","Warcry"],"picked":"SKIP","floor":1},{"not_picked":["Sword Boomerang","Body Slam"],"picked":"Shrug It Off","floor":4},{"not_picked":["Fire Breathing","Bloodletting"],"picked":"Armaments","floor":5},{"not_picked":["Twin Strike","Power Through","Pummel"],"picked":"SKIP","floor":6},{"not_picked":["Spot Weakness","Armaments"],"picked":"Offering","floor":8}],"player_experience":809385,"relics_obtained":[{"floor":6,"key":"Boot"},{"floor":9,"key":"PreservedInsect"}],"event_choices":[{"damage_healed":0,"gold_gain":175,"player_choice":"AGREE","damage_taken":0,"max_hp_gain":0,"max_hp_loss":0,"event_name":"Liars Game","floor":2,"gold_loss":0,"cards_obtained":["Doubt"]},{"damage_healed":0,"gold_gain":0,"player_choice":"1 cards matched","damage_taken":0,"max_hp_gain":0,"max_hp_loss":0,"event_name":"Match and Keep!","floor":3,"gold_loss":0,"cards_obtained":["Bludgeon"]},{"damage_healed":0,"gold_gain":0,"player_choice":"Searched \u00271\u0027 times","damage_taken":0,"relics_obtained":["Red Skull"],"max_hp_gain":0,"max_hp_loss":0,"event_name":"Dead Adventurer","floor":7,"gold_loss":0}],"is_beta":false,"boss_relics":[],"items_purged_floors":[],"is_endless":false,"potions_floor_spawned":[1,5],"killed_by":"3 Sentries","ascension_level":0}