{"path_per_floor":["M","?","M","?","M","R","M","?","T","R","M","$","E","M","R","B",null,"M","$","M","$","$","R"],"character_chosen":"DEFECT","items_purchased":["Capacitor","Regal Pillow"],"gold_per_floor":[112,112,125,125,135,135,146,146,169,169,185,84,149,163,163,261,261,278,21,35,35,35,35,35],"floor_reached":24,"campfire_rested":1,"playtime":1115,"item_purchase_floors":[12,19],"current_hp_per_floor":[68,68,67,72,70,70,68,68,68,68,59,59,36,33,33,22,66,22,22,4,4,4,43,0],"items_purged":["Strike_B","Strike_B"],"gold":35,"score":304,"play_id":"588f63b3-817b-4500-bb4f-8d74becd5304","local_time":"20180524212108","is_prod":false,"is_daily":false,"chose_seed":false,"is_ascension_mode":true,"campfire_upgraded":3,"win_rate":0,"timestamp":1527189668,"campfire_choices":[{"data":"Zap","floor":6,"key":"SMITH"},{"data":"Defragment","floor":10,"key":"SMITH"},{"data":"Coolheaded","floor":15,"key":"SMITH"},{"floor":23,"key":"REST"}],"path_taken":["M","?","M","?","?","R","M","?","T","R","M","$","E","M","R","BOSS","M","?","M","?","$","R","E"],"build_version":"2018-05-23v2","seed_source_timestamp":381325167106937,"purchased_purges":2,"victory":false,"master_deck":["Strike_B","Strike_B","Defend_B","Defend_B","Defend_B","Defend_B","Zap+1","Dualcast","AscendersBane","Defragment+1","Compile Driver","Beam Cell","Coolheaded+1","Capacitor","Steam+1"],"max_hp_per_floor":[75,75,75,80,80,80,80,80,80,80,80,80,80,80,80,80,80,80,80,80,80,80,80,80],"relics":["Cracked Core","Bronze Scales","Ancient Tea Set","Tiny Chest","Inserter","Regal Pillow"],"card_choices":[{"not_picked":["Fusion","Loop"],"picked":"Defragment","floor":1.0},{"not_picked":["Self Repair","Redo"],"picked":"Compile Driver","floor":3},{"not_picked":["Hologram","Turbo"],"picked":"Beam Cell","floor":5},{"not_picked":["Reinforced Body","Fusion","Stack"],"picked":"SKIP","floor":7},{"not_picked":["Force Field","Streamline"],"picked":"Coolheaded","floor":11},{"not_picked":["Redo","Streamline","Stack"],"picked":"SKIP","floor":13},{"not_picked":["Capacitor","Stack","Turbo"],"picked":"SKIP","floor":14},{"not_picked":["Capacitor","Force Field"],"picked":"Steam+1","floor":18},{"not_picked":["Force Field","Hologram","Capacitor"],"picked":"SKIP","floor":20}],"player_experience":716260,"potions_floor_usage":[11,11,18],"damage_taken":[{"damage":0.0,"enemies":"2 Louse","floor":1.0,"turns":2.0},{"damage":1,"enemies":"Cultist","floor":3,"turns":3},{"damage":2,"enemies":"Small Slimes","floor":5,"turns":3},{"damage":2,"enemies":"2 Fungi Beasts","floor":7,"turns":3},{"damage":9,"enemies":"Lots of Slimes","floor":11,"turns":3},{"damage":23,"enemies":"Lagavulin","floor":13,"turns":5},{"damage":3,"enemies":"Large Slime","floor":14,"turns":4},{"damage":11,"enemies":"The Guardian","floor":16,"turns":9},{"damage":44,"enemies":"2 Thieves","floor":18,"turns":5},{"damage":18,"enemies":"Spheric Guardian","floor":20,"turns":4},{"damage":49,"enemies":"Book of Stabbing","floor":24,"turns":3}],"relics_obtained":[{"floor":9,"key":"Ancient Tea Set"},{"floor":13,"key":"Tiny Chest"}],"event_choices":[{"event_name":"The Woman in Blue","player_choice":"Bought 0 Potions","floor":2.0,"damage_taken":0.0},{"event_name":"Big Fish","player_choice":"Donut","floor":4,"damage_taken":0},{"event_name":"Match and Keep!","player_choice":"0 cards matched","floor":8,"damage_taken":0}],"boss_relics":[{"not_picked":["Runic Pyramid","Runic Dome"],"picked":"Inserter"}],"items_purged_floors":[12,19],"potions_floor_spawned":[1,3,11,14,16,20],"seed_played":"6996250230675195149","killed_by":"Book of Stabbing","ascension_level":11,"potions_obtained":[{"floor":1.0,"key":"Block Potion"},{"floor":3,"key":"EssenceOfSteel"},{"floor":11,"key":"Dexterity Potion"},{"floor":14,"key":"Poison Potion"},{"floor":16,"key":"LiquidBronze"},{"floor":20,"key":"Ancient Potion"}],"is_trial":false}