{"path_per_floor":["M","M","$","M","?","R","?","?","T","R","M","M","?","$","R","B",null,"M","?","$","?","T","R","?"],"character_chosen":"IRONCLAD","items_purchased":["Shrug It Off","Champion Belt"],"gold_per_floor":[111,130,33,46,46,46,46,46,346,346,358,369,369,67,67,156,156,179,94,94,19,19,19,19,19],"floor_reached":25,"campfire_rested":2,"playtime":945,"current_hp_per_floor":[72,69,69,70,70,70,70,70,70,70,64,61,43,43,65,31,64,39,39,39,39,39,61,61,0],"items_purged":["Strike_R"],"gold":19,"score":318,"play_id":"172e621f-a911-4b96-947c-fe9000ff2a2b","local_time":"20180330181122","is_prod":false,"is_daily":false,"is_ascension_mode":true,"campfire_upgraded":2,"timestamp":1522426282,"path_taken":["M","M","$","M","?","R","?","?","T","R","?","M","?","$","R","BOSS","M","?","$","?","?","R","?","E"],"build_version":"2018-03-29v2","purchased_purges":1,"victory":false,"master_deck":["Strike_R","Strike_R","Strike_R","Defend_R","Defend_R","Defend_R","Defend_R","Bash+1","AscendersBane","Body Slam+1","Brutality","Shrug It Off+1","Headbutt","Headbutt","Immolate"],"max_hp_per_floor":[75,75,75,75,75,75,75,75,75,75,75,75,75,75,75,75,75,75,75,75,75,75,75,75,75],"relics":["Black Blood","Dodecahedron","Old Coin","Golden Idol","Champion Belt","Meat on the Bone","Ice Cream"],"card_choices":[{"not_picked":["Clash","Cleave"],"picked":"Body Slam","floor":1.0},{"not_picked":["Sword Boomerang","Reckless Charge"],"picked":"Brutality","floor":2.0},{"not_picked":["Wild Strike","Twin Strike"],"picked":"Headbutt","floor":4.0},{"not_picked":["Metallicize","Twin Strike"],"picked":"Headbutt","floor":12.0},{"not_picked":["Fiend Fire","Juggernaut"],"picked":"Immolate","floor":16.0}],"player_experience":483309,"potions_floor_usage":[25],"damage_taken":[{"damage":2.0,"enemies":"Jaw Worm","floor":1.0,"turns":3.0},{"damage":9.0,"enemies":"2 Louse","floor":2.0,"turns":3.0},{"damage":5.0,"enemies":"Cultist","floor":4.0,"turns":4.0},{"damage":12.0,"enemies":"Looter","floor":11.0,"turns":3.0},{"damage":9.0,"enemies":"Large Slime","floor":12.0,"turns":8.0},{"damage":40.0,"enemies":"The Guardian","floor":16.0,"turns":15.0},{"damage":35.0,"enemies":"2 Thieves","floor":18.0,"turns":5.0},{"damage":66,"enemies":"Gremlin Leader","floor":25,"turns":8}],"event_choices":[{"event_name":"The Cleric","player_choice":"Leave","floor":5.0,"damage_taken":0.0},{"event_name":"Dead Adventurer","player_choice":"Searched \u00272\u0027 times","floor":7.0,"damage_taken":0.0},{"event_name":"Match and Keep!","player_choice":"0 cards matched","floor":8.0,"damage_taken":0.0},{"event_name":"Golden Idol","player_choice":"Take Damage","floor":13.0,"damage_taken":0.0},{"event_name":"Addict","player_choice":"Obtained Relic","floor":19.0,"damage_taken":0.0},{"event_name":"Beggar","player_choice":"Gave Gold","floor":21.0,"damage_taken":0.0},{"event_name":"Vampires","player_choice":"Ignored","floor":24.0,"damage_taken":0.0}],"boss_relics":[],"potions_floor_spawned":[11,12,16],"seed_played":"2764906268590627873","killed_by":"Gremlin Leader","ascension_level":14,"is_trial":false}