{"path_per_floor":["M","$","?","M","?","E","R","E","T","$","?","R","M","M","R","B",null,"M","$","M","?","?","R","M","R","T","?"],"character_chosen":"DEFECT","items_purchased":[],"gold_per_floor":[116,41,41,61,61,92,92,117,117,17,17,17,32,49,49,154,154,129,4,17,17,17,17,32,32,32,32,32],"floor_reached":28,"campfire_rested":1,"playtime":807,"current_hp_per_floor":[57,57,50,47,47,37,37,20,20,20,20,42,42,39,39,1,57,25,25,23,23,48,48,22,22,22,22,0],"items_purged":["Strike_B","Strike_B","Strike_B"],"gold":32,"score":314,"play_id":"c77e158a-0661-4dd0-8e06-e9c16215c5d1","local_time":"20180517122003","is_prod":false,"is_daily":false,"chose_seed":false,"is_ascension_mode":true,"campfire_upgraded":2,"timestamp":1526552403,"campfire_choices":[{"floor":7.0,"key":"DIG"},{"floor":12.0,"key":"REST"},{"floor":15,"key":"DIG"},{"data":"Defragment","floor":23,"key":"SMITH"},{"data":"Hologram","floor":25,"key":"SMITH"}],"path_taken":["M","$","?","M","?","E","R","E","T","$","?","R","M","M","R","BOSS","M","$","M","?","?","R","M","R","T","?","M"],"build_version":"2018-05-16","seed_source_timestamp":282489864703342,"purchased_purges":3,"victory":false,"master_deck":["Strike_B","Defend_B","Defend_B","Zap+1","Dualcast+1","Beam Cell","Sweeping Beam","Defragment+1","Hologram+1","Creative AI","Glacier","Turbo"],"max_hp_per_floor":[75,75,75,75,75,75,75,75,75,75,75,75,75,75,75,75,75,75,75,75,75,75,75,75,75,75,75,75],"relics":["Cracked Core","Shovel","Vajra","Dodecahedron","Letter Opener","Juzu Bracelet","Orrery","Pantograph"],"card_choices":[{"not_picked":["Self Repair","Go for the Eyes"],"picked":"Beam Cell","floor":1.0},{"not_picked":["Chill","Go for the Eyes"],"picked":"Sweeping Beam","floor":4.0},{"not_picked":["Self Repair","Heatsinks","Capacitor"],"picked":"SKIP","floor":6.0},{"not_picked":["Chaos","Amplify"],"picked":"Defragment","floor":8.0},{"not_picked":["Leap","Storm"],"picked":"Hologram","floor":13.0},{"not_picked":["Capacitor","Beam Cell","Sunder"],"picked":"SKIP","floor":14},{"not_picked":["Biased Cognition","Reboot"],"picked":"Creative AI","floor":16},{"not_picked":["Leap","Auto Shields"],"picked":"Glacier","floor":17},{"not_picked":["Ball Lightning","Undo"],"picked":"Turbo","floor":17},{"not_picked":["Chaos","Streamline","Stack+1"],"picked":"SKIP","floor":18},{"not_picked":["Darkness+1","Skim","Sunder"],"picked":"SKIP","floor":20},{"not_picked":["Meteor Strike","Rip and Tear+1","Cold Snap"],"picked":"SKIP","floor":24}],"player_experience":673946,"potions_floor_usage":[],"damage_taken":[{"damage":11.0,"enemies":"Small Slimes","floor":1.0,"turns":3.0},{"damage":3.0,"enemies":"2 Louse","floor":4.0,"turns":2.0},{"damage":10.0,"enemies":"Gremlin Nob","floor":6.0,"turns":3.0},{"damage":17.0,"enemies":"3 Sentries","floor":8.0,"turns":6.0},{"damage":0.0,"enemies":"Cultist","floor":13.0,"turns":2.0},{"damage":3,"enemies":"3 Louse","floor":14,"turns":2},{"damage":38,"enemies":"Hexaghost","floor":16,"turns":9},{"damage":32,"enemies":"2 Thieves","floor":18,"turns":5},{"damage":2,"enemies":"Shell Parasite","floor":20,"turns":7},{"damage":26,"enemies":"Snake Plant","floor":24,"turns":5},{"damage":48,"enemies":"Cultist and Chosen","floor":28,"turns":5}],"relics_obtained":[{"floor":6.0,"key":"Shovel"},{"floor":7.0,"key":"Vajra"},{"floor":8.0,"key":"Dodecahedron"},{"floor":9.0,"key":"Letter Opener"},{"floor":15,"key":"Juzu Bracelet"},{"floor":26,"key":"Pantograph"}],"event_choices":[{"event_name":"Golden Wing","player_choice":"Card Removal","floor":3.0,"damage_taken":0.0},{"event_name":"Upgrade Shrine","player_choice":"Upgraded","floor":5.0,"damage_taken":0.0},{"event_name":"Golden Idol","player_choice":"Ignored","floor":11.0,"damage_taken":0.0},{"event_name":"Ghosts","player_choice":"Ignored","floor":21,"damage_taken":0},{"event_name":"The Library","player_choice":"Heal","floor":22,"damage_taken":0},{"event_name":"Purifier","player_choice":"One Purge","floor":27,"damage_taken":0}],"boss_relics":[{"not_picked":["Astrolabe","Velvet Choker"],"picked":"Orrery"}],"potions_floor_spawned":[1,6,16,20],"seed_played":"4254970345567094010","killed_by":"Cultist and Chosen","ascension_level":8,"potions_obtained":[{"floor":1.0,"key":"PowerPotion"},{"floor":6.0,"key":"Swift Potion"},{"floor":16,"key":"Strength Potion"},{"floor":20,"key":"Poison Potion"}],"is_trial":false}