{"gold_per_floor":[19,33,33,33,82,82,108,33,58,78,78,106,106,156,156,156],"floor_reached":16,"playtime":390,"items_purged":["Strike_R"],"score":208,"play_id":"bb8877c6-6156-4c70-8d8f-b1dbc8ac6ee3","local_time":"20190303110113","is_ascension_mode":true,"campfire_choices":[{"data":"Bludgeon","floor":6,"key":"SMITH"},{"data":"Limit Break","floor":11,"key":"SMITH"},{"data":"Bash","floor":15,"key":"SMITH"}],"neow_cost":"NO_GOLD","seed_source_timestamp":177200119151124,"circlet_count":0,"master_deck":["AscendersBane","Strike_R","Strike_R","Defend_R","Defend_R","Defend_R","Bash+1","Limit Break+1","Bludgeon+1","Spot Weakness","Headbutt","Heavy Blade"],"relics":["Burning Blood","Oddly Smooth Stone","Blue Candle","Bronze Scales","Odd Mushroom","Juzu Bracelet"],"potions_floor_usage":[],"damage_taken":[{"damage":9,"enemies":"Small Slimes","floor":1,"turns":3},{"damage":0,"enemies":"2 Louse","floor":2,"turns":3},{"damage":20,"enemies":"Lagavulin","floor":7,"turns":3},{"damage":21,"enemies":"The Mushroom Lair","floor":10,"turns":5},{"damage":28,"enemies":"Gremlin Nob","floor":12,"turns":4},{"damage":30,"enemies":"Slime Boss","floor":16,"turns":4}],"seed_played":"5700384113923016574","potions_obtained":[{"floor":2,"key":"EssenceOfSteel"},{"floor":7,"key":"Ancient Potion"}],"is_trial":false,"path_per_floor":["M","M","?","?","T","R","E","$","T","?","R","E","?","?","R","B"],"character_chosen":"IRONCLAD","items_purchased":[],"campfire_rested":0,"item_purchase_floors":[],"current_hp_per_floor":[65,71,71,76,76,76,62,62,62,47,47,25,18,18,18,0],"gold":156,"neow_bonus":"TRANSFORM_TWO_CARDS","is_prod":false,"is_daily":false,"chose_seed":false,"campfire_upgraded":3,"win_rate":0,"timestamp":1551607273,"path_taken":["M","M","?","?","?","R","E","$","T","?","R","E","?","?","R","BOSS"],"build_version":"2019-01-23","purchased_purges":1,"victory":false,"max_hp_per_floor":[75,75,75,80,80,80,80,80,80,80,80,80,80,80,80,80],"card_choices":[{"not_picked":["Body Slam","Anger","True Grit"],"picked":"SKIP","floor":1},{"not_picked":["Perfected Strike","Blood for Blood"],"picked":"Spot Weakness","floor":2},{"not_picked":["Sword Boomerang","Twin Strike"],"picked":"Headbutt","floor":7},{"not_picked":["Clash","Barricade"],"picked":"Heavy Blade","floor":10},{"not_picked":["Combust","Sword Boomerang","Fire Breathing"],"picked":"SKIP","floor":12}],"player_experience":929380,"relics_obtained":[{"floor":5,"key":"Oddly Smooth Stone"},{"floor":7,"key":"Blue Candle"},{"floor":9,"key":"Bronze Scales"},{"floor":10,"key":"Odd Mushroom"},{"floor":12,"key":"Juzu Bracelet"}],"event_choices":[{"damage_healed":0,"gold_gain":0,"player_choice":"Leave","damage_taken":0,"max_hp_gain":0,"max_hp_loss":0,"event_name":"The Cleric","floor":3,"gold_loss":0},{"damage_healed":0,"gold_gain":0,"player_choice":"Donut","damage_taken":0,"max_hp_gain":5,"max_hp_loss":0,"event_name":"Big Fish","floor":4,"gold_loss":0},{"damage_healed":0,"gold_gain":0,"player_choice":"Fought Mushrooms","damage_taken":0,"max_hp_gain":0,"max_hp_loss":0,"event_name":"Mushrooms","floor":10,"gold_loss":0},{"cards_removed":["Strike_R"],"damage_healed":0,"gold_gain":0,"player_choice":"Card Removal","damage_taken":7,"max_hp_gain":0,"max_hp_loss":0,"event_name":"Golden Wing","floor":13,"gold_loss":0},{"damage_healed":0,"gold_gain":50,"player_choice":"Pray","damage_taken":0,"max_hp_gain":0,"max_hp_loss":0,"event_name":"Golden Shrine","floor":14,"gold_loss":0}],"is_beta":false,"boss_relics":[],"items_purged_floors":[8],"is_endless":false,"potions_floor_spawned":[2,7],"killed_by":"Slime Boss","ascension_level":20}