{"path_per_floor":["M","?","M","M","M","R","E","R","T","?","M","M","M","?","R"],"character_chosen":"DEFECT","items_purchased":[],"gold_per_floor":[114,64,83,97,111,111,141,141,171,171,188,207,219,219,219,219],"floor_reached":16,"campfire_rested":1,"playtime":611,"current_hp_per_floor":[65,65,63,56,39,39,33,33,33,33,33,29,21,7,27,0],"items_purged":[],"gold":219,"score":104,"play_id":"985fbb5c-a3df-4a6d-b2e6-8efc4bdf86c4","local_time":"20180501220935","is_prod":false,"is_daily":false,"chose_seed":false,"is_ascension_mode":false,"campfire_upgraded":2,"timestamp":1525205375,"path_taken":["M","?","M","M","M","R","E","R","T","?","M","M","?","?","R","BOSS"],"build_version":"2018-04-30","seed_source_timestamp":565796541016769,"purchased_purges":0,"victory":false,"master_deck":["Strike_B","Strike_B+1","Defend_B","Defend_B","Defend_B+1","Defend_B","Zap+1","Dualcast","Capacitor+1","Cold Snap","Leap","Rebound","Cold Snap","Lockon","Darkness"],"max_hp_per_floor":[68,68,68,68,68,68,68,68,68,68,68,68,68,68,68,68],"relics":["Cracked Core","Girya","Ancient Tea Set","Tiny Chest"],"card_choices":[{"not_picked":["Skim","Darkness"],"picked":"Capacitor","floor":1.0},{"not_picked":["Ball Lightning","Skim"],"picked":"Cold Snap","floor":3.0},{"not_picked":["Axe Kick","Sweeping Beam"],"picked":"Leap","floor":4.0},{"not_picked":["Conserve Battery","Hologram"],"picked":"Rebound","floor":5.0},{"not_picked":["Recycle","Hologram"],"picked":"Cold Snap","floor":7.0},{"not_picked":["Gash","Recycle"],"picked":"Lockon","floor":11.0},{"not_picked":["Chill","Lockon"],"picked":"Darkness","floor":13}],"player_experience":572581,"potions_floor_usage":[],"damage_taken":[{"damage":3.0,"enemies":"Jaw Worm","floor":1.0,"turns":4.0},{"damage":2.0,"enemies":"2 Louse","floor":3.0,"turns":4.0},{"damage":7.0,"enemies":"Small Slimes","floor":4.0,"turns":3.0},{"damage":17.0,"enemies":"Exordium Thugs","floor":5.0,"turns":7.0},{"damage":6.0,"enemies":"3 Sentries","floor":7.0,"turns":4.0},{"damage":0.0,"enemies":"2 Fungi Beasts","floor":11.0,"turns":3.0},{"damage":4.0,"enemies":"Lots of Slimes","floor":12.0,"turns":4.0},{"damage":8,"enemies":"Blue Slaver","floor":13,"turns":3},{"damage":31,"enemies":"Hexaghost","floor":16,"turns":10}],"event_choices":[{"event_name":"The Cleric","player_choice":"Card Removal","floor":2.0,"damage_taken":0.0},{"event_name":"Bonfire Elementals","player_choice":"BASIC","floor":10.0,"damage_taken":0.0},{"event_name":"Shining Light","player_choice":"Entered Light","floor":14,"damage_taken":0}],"boss_relics":[],"potions_floor_spawned":[3,4,11,13],"seed_played":"5304595711940935935","killed_by":"Hexaghost","ascension_level":0,"is_trial":false}