{"gold_per_floor":[118,118,118,137,147,157,157,168,168,168,200,215,215,228,228,228],"floor_reached":16,"playtime":394,"items_purged":[],"score":208,"play_id":"bea11527-7564-4d22-9292-43be88fa8119","local_time":"20190223153543","is_ascension_mode":true,"campfire_choices":[{"data":"Redo","floor":7,"key":"SMITH"},{"floor":10,"key":"REST"},{"data":"Redo","floor":13,"key":"SMITH"},{"data":"Barrage","floor":15,"key":"SMITH"}],"neow_cost":"NONE","seed_source_timestamp":1396703508461176,"circlet_count":0,"master_deck":["AscendersBane","Strike_B","Strike_B","Strike_B","Strike_B","Defend_B","Defend_B","Defend_B","Defend_B","Zap+1","Dualcast","Purity","Barrage+1","Redo+1","Ball Lightning","Redo+1","Sweeping Beam","FTL"],"special_seed":0,"relics":["Cracked Core","Mercury Hourglass","PreservedInsect"],"potions_floor_usage":[11,12],"damage_taken":[{"damage":3,"enemies":"2 Louse","floor":1,"turns":3},{"damage":15,"enemies":"Small Slimes","floor":4,"turns":4},{"damage":2,"enemies":"Cultist","floor":5,"turns":4},{"damage":15,"enemies":"Large Slime","floor":6,"turns":5},{"damage":13,"enemies":"Red Slaver","floor":8,"turns":3},{"damage":20,"enemies":"3 Sentries","floor":11,"turns":5},{"damage":13,"enemies":"Exordium Thugs","floor":12,"turns":3},{"damage":7,"enemies":"Exordium Wildlife","floor":14,"turns":2},{"damage":12,"enemies":"Slime Boss","floor":16,"turns":4}],"seed_played":"-4084186770853210451","potions_obtained":[{"floor":1,"key":"Regen Potion"},{"floor":3,"key":"Energy Potion"},{"floor":11,"key":"Energy Potion"},{"floor":14,"key":"SpeedPotion"}],"is_trial":false,"path_per_floor":["M","?","?","M","M","M","R","M","T","R","E","M","R","M","R","B"],"character_chosen":"DEFECT","items_purchased":[],"campfire_rested":1,"item_purchase_floors":[],"current_hp_per_floor":[61,61,61,46,44,29,29,16,16,37,31,18,18,11,11,0],"gold":228,"neow_bonus":"RANDOM_COLORLESS","is_prod":false,"is_daily":false,"chose_seed":false,"campfire_upgraded":3,"win_rate":0,"timestamp":1550932543,"path_taken":["M","?","?","M","M","M","R","M","T","R","E","M","R","?","R","BOSS"],"build_version":"2019-01-23","purchased_purges":0,"victory":false,"max_hp_per_floor":[71,71,71,71,71,71,71,71,71,71,71,71,71,71,71,71],"card_choices":[{"not_picked":["Leap","Scrape"],"picked":"Barrage","floor":1},{"not_picked":["Lockon","Hello World","Scrape"],"picked":"SKIP","floor":4},{"not_picked":["Sweeping Beam","Barrage"],"picked":"Redo","floor":5},{"not_picked":["Steam","Hyperbeam"],"picked":"Ball Lightning","floor":6},{"not_picked":["Steam Power","Turbo"],"picked":"Redo","floor":8},{"not_picked":["White Noise","Redo"],"picked":"Sweeping Beam","floor":11},{"not_picked":["Lockon","Turbo"],"picked":"FTL","floor":12},{"not_picked":["Sunder","Steam","Reprogram"],"picked":"SKIP","floor":14}],"player_experience":876001,"relics_obtained":[{"floor":9,"key":"Mercury Hourglass"},{"floor":11,"key":"PreservedInsect"}],"event_choices":[{"damage_healed":0,"gold_gain":0,"player_choice":"Grow","damage_taken":0,"max_hp_gain":0,"max_hp_loss":0,"event_name":"Living Wall","floor":2,"gold_loss":0,"cards_upgraded":["Zap"]},{"damage_healed":0,"gold_gain":0,"player_choice":"Got Potions","damage_taken":0,"max_hp_gain":0,"max_hp_loss":0,"event_name":"Lab","floor":3,"gold_loss":0}],"is_beta":false,"boss_relics":[],"items_purged_floors":[],"is_endless":false,"potions_floor_spawned":[1,4,11,14],"killed_by":"Slime Boss","ascension_level":20}