{"gold_per_floor":[109,109,129,129,146,146,164,179,203,232,248,248,266,277,277,376,376,346,346,37,37,37,37,37,37,37,37,37,37],"floor_reached":29,"playtime":1938,"items_purged":["Defend_B"],"score":249,"play_id":"2f213da9-3575-49c2-a296-6eac61e47c72","local_time":"20190630030941","is_ascension_mode":false,"campfire_choices":[{"data":"Static Discharge","floor":6,"key":"SMITH"},{"data":"Loop","floor":12,"key":"SMITH"},{"data":"Multi-Cast","floor":15,"key":"SMITH"},{"data":"Storm","floor":25,"key":"SMITH"},{"data":"Echo Form","floor":27,"key":"SMITH"}],"neow_cost":"NONE","seed_source_timestamp":1415932184566132,"circlet_count":0,"master_deck":["Strike_B","Strike_B","Strike_B","Strike_B","Defend_B","Defend_B","Defend_B","Zap","Dualcast","Cold Snap","Static Discharge+1","Reinforced Body","Loop+1","Multi-Cast+1","Rebound","Ball Lightning","Ball Lightning","Echo Form+1","Rebound+1","Ball Lightning","Secret Technique","Capacitor","Undo","Hello World+1","Storm+1"],"relics":["Cracked Core","Pen Nib","Lantern","Bag of Preparation","Ectoplasm","Blood Vial","StoneCalendar"],"potions_floor_usage":[16,23,24,24],"damage_taken":[{"damage":5,"enemies":"2 Louse","floor":1,"turns":3},{"damage":1,"enemies":"Cultist","floor":3,"turns":3},{"damage":4,"enemies":"Jaw Worm","floor":5,"turns":3},{"damage":7,"enemies":"Red Slaver","floor":7,"turns":4},{"damage":3,"enemies":"Gremlin Gang","floor":8,"turns":5},{"damage":11,"enemies":"Lagavulin","floor":10,"turns":6},{"damage":14,"enemies":"Exordium Wildlife","floor":11,"turns":5},{"damage":0,"enemies":"Large Slime","floor":13,"turns":4},{"damage":7,"enemies":"Lots of Slimes","floor":14,"turns":2},{"damage":10,"enemies":"Slime Boss","floor":16,"turns":8},{"damage":15,"enemies":"2 Thieves","floor":18,"turns":2},{"damage":3,"enemies":"Spheric Guardian","floor":19,"turns":2},{"damage":16,"enemies":"Cultist and Chosen","floor":21,"turns":4},{"damage":9,"enemies":"Gremlin Leader","floor":23,"turns":5},{"damage":14,"enemies":"Centurion and Healer","floor":24,"turns":4},{"damage":22,"enemies":"3 Cultists","floor":29,"turns":4}],"seed_played":"4092131248760540121","potions_obtained":[{"floor":1,"key":"Swift Potion"},{"floor":7,"key":"Dexterity Potion"},{"floor":11,"key":"LiquidBronze"},{"floor":13,"key":"Strength Potion"},{"floor":19,"key":"Fire Potion"},{"floor":23,"key":"Block Potion"}],"is_trial":false,"path_per_floor":["M","?","M","?","M","R","M","M","T","E","M","R","M","M","R","B",null,"M","M","$","M","$","E","M","R","T","R","$","M"],"character_chosen":"DEFECT","items_purchased":["Secret Technique","Capacitor"],"campfire_rested":0,"item_purchase_floors":[20,20],"current_hp_per_floor":[70,75,74,75,71,71,64,61,61,50,36,36,36,29,29,19,75,60,57,57,41,41,32,20,20,20,20,20,0],"gold":37,"neow_bonus":"RANDOM_COMMON_RELIC","is_prod":false,"is_daily":false,"chose_seed":false,"campfire_upgraded":5,"win_rate":0.0,"timestamp":1561878581,"path_taken":["M","?","?","?","?","R","M","M","T","E","M","R","?","M","R","BOSS","M","?","$","M","$","E","M","R","T","R","?","M"],"build_version":"2019-01-23","purchased_purges":1,"victory":false,"max_hp_per_floor":[75,75,75,75,75,75,75,75,75,75,75,75,75,75,75,75,75,75,75,75,75,75,75,75,75,75,75,75,75],"card_choices":[{"not_picked":["Conserve Battery","Leap"],"picked":"Glacier","floor":1},{"not_picked":["Recycle","Scrape"],"picked":"Cold Snap","floor":3},{"not_picked":["Streamline","Turbo"],"picked":"Static Discharge","floor":5},{"not_picked":["Coolheaded","Steam Power"],"picked":"Reinforced Body","floor":7},{"not_picked":["Recycle","Scrape"],"picked":"Loop","floor":8},{"not_picked":["Auto Shields","Lockon"],"picked":"Multi-Cast","floor":10},{"not_picked":["Aggregate","Reprogram"],"picked":"Rebound","floor":11},{"not_picked":["Conserve Battery","Doom and Gloom"],"picked":"Ball Lightning","floor":13},{"not_picked":["Turbo","Sweeping Beam"],"picked":"Ball Lightning","floor":14},{"not_picked":["Thunder Strike","Rainbow"],"picked":"Echo Form","floor":16},{"not_picked":["BootSequence","Sweeping Beam"],"picked":"Rebound+1","floor":18},{"not_picked":["Steam","Go for the Eyes"],"picked":"Ball Lightning","floor":19},{"not_picked":["Lockon","Scrape"],"picked":"Undo","floor":21},{"not_picked":["Defragment","Redo"],"picked":"Hello World+1","floor":23},{"not_picked":["Aggregate","FTL"],"picked":"Storm","floor":24}],"player_experience":37769,"relics_obtained":[{"floor":9,"key":"Lantern"},{"floor":10,"key":"Bag of Preparation"},{"floor":23,"key":"Blood Vial"},{"floor":26,"key":"StoneCalendar"}],"event_choices":[{"cards_removed":["Glacier"],"damage_healed":5,"gold_gain":0,"player_choice":"Offered Uncommon","damage_taken":0,"max_hp_gain":0,"max_hp_loss":0,"event_name":"Bonfire Elementals","floor":2,"gold_loss":0},{"damage_healed":1,"gold_gain":0,"player_choice":"Full Heal","damage_taken":0,"max_hp_gain":0,"max_hp_loss":0,"event_name":"Wheel of Change","floor":4,"gold_loss":0}],"is_beta":false,"boss_relics":[{"not_picked":["Black Star","Calling Bell"],"picked":"Ectoplasm"}],"items_purged_floors":[20],"is_endless":false,"potions_floor_spawned":[1,7,11,13,19,21,23],"killed_by":"3 Cultists","ascension_level":0}