{"gold_per_floor":[12,12,287,306,325,361,381,381],"floor_reached":8,"playtime":409,"items_purged":[],"score":58,"play_id":"f4260e34-e4ae-4c2b-801e-3778cadf0eca","local_time":"20190414124214","is_ascension_mode":false,"campfire_choices":[],"neow_cost":"NO_GOLD","seed_source_timestamp":321832390503315,"circlet_count":0,"master_deck":["Strike_R","Strike_R","Strike_R","Strike_R","Strike_R","Defend_R","Defend_R","Defend_R","Defend_R","Bash","Body Slam","Regret","Twin Strike","Flex","Body Slam","Entrench"],"relics":["Burning Blood","Torii","Golden Idol","Strawberry"],"potions_floor_usage":[6,8],"damage_taken":[{"damage":6,"enemies":"Jaw Worm","floor":1,"turns":3},{"damage":13,"enemies":"Cultist","floor":4,"turns":5},{"damage":10,"enemies":"Small Slimes","floor":5,"turns":4},{"damage":40,"enemies":"Lagavulin","floor":6,"turns":5},{"damage":17,"enemies":"Gremlin Gang","floor":7,"turns":6},{"damage":25,"enemies":"Gremlin Nob","floor":8,"turns":3}],"seed_played":"-8632220517871121795","potions_obtained":[{"floor":1,"key":"PowerPotion"},{"floor":6,"key":"FearPotion"}],"is_trial":false,"path_per_floor":["M","?","?","M","M","E","M","E"],"character_chosen":"IRONCLAD","items_purchased":[],"campfire_rested":0,"item_purchase_floors":[],"current_hp_per_floor":[80,74,74,67,63,36,25,0],"gold":381,"neow_bonus":"ONE_RARE_RELIC","is_prod":false,"is_daily":false,"chose_seed":false,"campfire_upgraded":0,"win_rate":0,"timestamp":1555263734,"path_taken":["M","?","?","M","M","E","M","E"],"build_version":"2019-01-23","purchased_purges":0,"victory":false,"max_hp_per_floor":[80,74,74,74,74,81,81,81],"card_choices":[{"not_picked":["Combust","Sword Boomerang"],"picked":"Body Slam","floor":1},{"not_picked":["Sword Boomerang","Sentinel"],"picked":"Twin Strike","floor":4},{"not_picked":["Clothesline","Anger"],"picked":"Flex","floor":5},{"not_picked":["Blood for Blood","Headbutt"],"picked":"Body Slam","floor":6},{"not_picked":["Anger","Blood for Blood"],"picked":"Entrench","floor":7}],"player_experience":767863,"relics_obtained":[{"floor":6,"key":"Strawberry"}],"event_choices":[{"damage_healed":0,"gold_gain":0,"player_choice":"Lose Max HP","damage_taken":0,"relics_obtained":["Golden Idol"],"max_hp_gain":0,"max_hp_loss":6,"event_name":"Golden Idol","floor":2,"gold_loss":0},{"damage_healed":0,"gold_gain":275,"player_choice":"Desecrate","damage_taken":0,"max_hp_gain":0,"max_hp_loss":0,"event_name":"Golden Shrine","floor":3,"gold_loss":0,"cards_obtained":["Regret"]}],"is_beta":false,"boss_relics":[],"items_purged_floors":[],"is_endless":false,"potions_floor_spawned":[1,6],"killed_by":"Gremlin Nob","ascension_level":0}