{"gold_per_floor":[118,293,293,368,384,384,400,400,400,417,445,445,445],"floor_reached":13,"playtime":396,"items_purged":[],"score":83,"play_id":"c2f7479b-980d-4208-9beb-bd9f3d1e833d","local_time":"20190630050511","is_ascension_mode":false,"campfire_choices":[{"data":"Loop","floor":6,"key":"SMITH"},{"floor":8,"key":"REST"}],"neow_cost":"PERCENT_DAMAGE","seed_source_timestamp":1424405243641424,"circlet_count":0,"master_deck":["Strike_B","Strike_B","Strike_B","Strike_B","Defend_B","Defend_B","Defend_B+1","Defend_B","Zap","Dualcast+1","Loop+1","Defragment+1","Melter"],"relics":["Cracked Core","Torii","Frozen Egg 2","Ornamental Fan"],"potions_floor_usage":[11,11],"damage_taken":[{"damage":7,"enemies":"2 Louse","floor":1,"turns":3},{"damage":2,"enemies":"Jaw Worm","floor":5,"turns":4},{"damage":0,"enemies":"Small Slimes","floor":7,"turns":3},{"damage":8,"enemies":"Blue Slaver","floor":10,"turns":4},{"damage":10,"enemies":"3 Sentries","floor":11,"turns":6},{"damage":29,"enemies":"Gremlin Nob","floor":13,"turns":4}],"seed_played":"-8653794782002493979","potions_obtained":[{"floor":1,"key":"SpeedPotion"},{"floor":5,"key":"LiquidBronze"},{"floor":10,"key":"Energy Potion"}],"is_trial":false,"path_per_floor":["M","?","?","?","M","R","M","R","T","M","E","?","E"],"character_chosen":"DEFECT","items_purchased":[],"campfire_rested":1,"item_purchase_floors":[],"current_hp_per_floor":[47,47,47,36,34,34,34,56,56,48,38,23,0],"gold":445,"neow_bonus":"ONE_RARE_RELIC","is_prod":false,"is_daily":false,"chose_seed":false,"campfire_upgraded":1,"win_rate":0.0,"timestamp":1561885511,"path_taken":["M","?","?","?","M","R","M","R","T","M","E","?","E"],"build_version":"2019-01-23","purchased_purges":0,"victory":false,"max_hp_per_floor":[75,75,75,75,75,75,75,75,75,75,75,75,75],"card_choices":[{"not_picked":["Rip and Tear","Redo"],"picked":"Loop","floor":1},{"not_picked":["Coolheaded","Cold Snap","Turbo"],"picked":"SKIP","floor":5},{"not_picked":["Gash","Sweeping Beam","Steam"],"picked":"SKIP","floor":7},{"not_picked":["Scrape","Doom and Gloom"],"picked":"Defragment+1","floor":10},{"not_picked":["Hologram","Thunder Strike"],"picked":"Melter","floor":11}],"player_experience":46152,"relics_obtained":[{"floor":9,"key":"Frozen Egg 2"},{"floor":11,"key":"Ornamental Fan"}],"event_choices":[{"damage_healed":0,"gold_gain":175,"player_choice":"AGREE","damage_taken":0,"max_hp_gain":0,"max_hp_loss":0,"event_name":"Liars Game","floor":2,"gold_loss":0,"cards_obtained":["Doubt"]},{"cards_removed":["Doubt"],"damage_healed":0,"gold_gain":0,"player_choice":"Forget","damage_taken":0,"max_hp_gain":0,"max_hp_loss":0,"event_name":"Living Wall","floor":3,"gold_loss":0},{"damage_healed":0,"gold_gain":75,"player_choice":"Gather Gold","damage_taken":11,"max_hp_gain":0,"max_hp_loss":0,"event_name":"World of Goop","floor":4,"gold_loss":0},{"damage_healed":0,"gold_gain":0,"player_choice":"Entered Light","damage_taken":15,"max_hp_gain":0,"max_hp_loss":0,"event_name":"Shining Light","floor":12,"gold_loss":0,"cards_upgraded":["Dualcast","Defend_B"]}],"is_beta":false,"boss_relics":[],"items_purged_floors":[],"is_endless":false,"potions_floor_spawned":[1,5,10],"killed_by":"Gremlin Nob","ascension_level":0}