{"gold_per_floor":[113,130,31,48,48,80,80,92,119,119,119],"floor_reached":11,"playtime":412,"items_purged":["Defend_R"],"score":77,"play_id":"c57190c8-afe5-41c3-bc4c-b4ea9ab2c2e6","local_time":"20190630165258","is_ascension_mode":true,"campfire_choices":[],"neow_cost":"NONE","seed_source_timestamp":1466856041549453,"circlet_count":0,"master_deck":["Strike_R","Strike_R","Strike_R","Strike_R","Strike_R","Defend_R","Defend_R","Defend_R","Bash","Warcry"],"relics":["Burning Blood","Lantern","Bag of Preparation","Darkstone Periapt"],"potions_floor_usage":[8,8],"damage_taken":[{"damage":11,"enemies":"Jaw Worm","floor":1,"turns":4},{"damage":7,"enemies":"Small Slimes","floor":2,"turns":4},{"damage":0,"enemies":"2 Louse","floor":4,"turns":3},{"damage":72,"enemies":"Lagavulin","floor":6,"turns":7},{"damage":16,"enemies":"Large Slime","floor":8,"turns":8},{"damage":17,"enemies":"Exordium Wildlife","floor":11,"turns":3}],"seed_played":"1463754446366521087","potions_obtained":[{"floor":4,"key":"BloodPotion"},{"floor":6,"key":"EssenceOfSteel"}],"is_trial":false,"path_per_floor":["M","M","$","M","?","E","?","M","T","T","M"],"character_chosen":"IRONCLAD","items_purchased":["Warcry"],"campfire_rested":0,"item_purchase_floors":[3],"current_hp_per_floor":[83,82,82,88,88,22,19,17,17,17,0],"gold":119,"neow_bonus":"TEN_PERCENT_HP_BONUS","is_prod":false,"is_daily":false,"chose_seed":false,"campfire_upgraded":0,"win_rate":0,"timestamp":1561927978,"path_taken":["M","M","$","M","?","E","?","M","T","?","M"],"build_version":"2019-01-23","purchased_purges":1,"victory":false,"max_hp_per_floor":[88,88,88,88,88,88,88,88,88,88,88],"card_choices":[{"not_picked":["Clothesline","Pommel Strike","Flame Barrier"],"picked":"SKIP","floor":1},{"not_picked":["Clothesline","Clash","Heavy Blade"],"picked":"SKIP","floor":2},{"not_picked":["Wild Strike","Second Wind","Corruption"],"picked":"SKIP","floor":4},{"not_picked":["Whirlwind","Clothesline","Twin Strike"],"picked":"SKIP","floor":6},{"not_picked":["Clothesline","Thunderclap","Dark Embrace"],"picked":"SKIP","floor":8}],"player_experience":72253,"relics_obtained":[{"floor":6,"key":"Lantern"},{"floor":10,"key":"Darkstone Periapt"}],"event_choices":[{"damage_healed":0,"gold_gain":0,"player_choice":"Leave","damage_taken":0,"max_hp_gain":0,"max_hp_loss":0,"event_name":"The Cleric","floor":5,"gold_loss":0},{"damage_healed":0,"gold_gain":0,"player_choice":"Success","damage_taken":3,"relics_obtained":["Bag of Preparation"],"max_hp_gain":0,"max_hp_loss":0,"event_name":"Scrap Ooze","floor":7,"gold_loss":0}],"is_beta":false,"boss_relics":[],"items_purged_floors":[3],"is_endless":false,"potions_floor_spawned":[4,6],"killed_by":"Exordium Wildlife","ascension_level":1}