{"gold_per_floor":[20,30,45,59,77,77,87,87,113,113,138,138,149,74,74,172,172,144,157,256,121,133,133,133],"floor_reached":24,"playtime":903,"items_purged":["Strike_B","Strike_B"],"score":320,"play_id":"fefa06f0-09d3-46e7-929a-9dbe27eb2798","local_time":"20190111090934","is_ascension_mode":true,"campfire_choices":[{"data":"Zap","floor":6.0,"key":"SMITH"},{"data":"Blind","floor":8.0,"key":"SMITH"},{"floor":12.0,"key":"REST"},{"data":"Secret Weapon","floor":15.0,"key":"SMITH"},{"data":"Defragment","floor":23,"key":"SMITH"}],"neow_cost":"NO_GOLD","seed_source_timestamp":343482023578056,"circlet_count":0,"master_deck":["AscendersBane","Strike_B","Strike_B","Defend_B","Defend_B","Defend_B","Defend_B","Zap+1","Dualcast+1","Secret Weapon+1","Blind+1","Streamline","Ball Lightning","Core Surge","Conserve Battery","Cold Snap","Sweeping Beam","Capacitor","Rainbow","Defragment+1","Glacier","Compile Driver+1","Defragment","Consume+1"],"special_seed":0,"relics":["Cracked Core","Art of War","Ornamental Fan","Orrery"],"potions_floor_usage":[24,24],"damage_taken":[{"damage":2.0,"enemies":"Cultist","floor":1.0,"turns":4.0},{"damage":7.0,"enemies":"Small Slimes","floor":2.0,"turns":3.0},{"damage":0.0,"enemies":"2 Louse","floor":3.0,"turns":3.0},{"damage":5.0,"enemies":"Blue Slaver","floor":4.0,"turns":3.0},{"damage":4.0,"enemies":"Exordium Wildlife","floor":5.0,"turns":3.0},{"damage":6.0,"enemies":"Large Slime","floor":7.0,"turns":5.0},{"damage":27.0,"enemies":"Gremlin Nob","floor":11.0,"turns":4.0},{"damage":4.0,"enemies":"Looter","floor":13.0,"turns":3.0},{"damage":19.0,"enemies":"Slime Boss","floor":16.0,"turns":11.0},{"damage":18.0,"enemies":"2 Thieves","floor":18.0,"turns":5.0},{"damage":26,"enemies":"Chosen","floor":19,"turns":5},{"damage":9,"enemies":"Shelled Parasite and Fungi","floor":22,"turns":8},{"damage":9,"enemies":"Snake Plant","floor":24,"turns":3}],"seed_played":"-755362157793248558","potions_obtained":[{"floor":1.0,"key":"SkillPotion"},{"floor":5.0,"key":"SkillPotion"},{"floor":7.0,"key":"Block Potion"},{"floor":19,"key":"SkillPotion"}],"is_trial":false,"path_per_floor":["M","M","M","M","M","R","M","R","T","?","E","R","M","$","R","B",null,"M","M","?","$","M","R","M"],"character_chosen":"DEFECT","items_purchased":["Defragment"],"campfire_rested":1,"item_purchase_floors":[21],"current_hp_per_floor":[66,59,59,54,50,50,44,44,44,44,17,39,35,35,35,16,60,42,16,16,16,7,7,0],"gold":133,"neow_bonus":"RANDOM_COLORLESS_2","is_prod":false,"is_daily":false,"chose_seed":false,"campfire_upgraded":4,"win_rate":0,"timestamp":1547194174,"path_taken":["M","M","M","?","?","R","M","R","T","?","E","R","?","$","R","BOSS","M","M","?","$","M","R","M"],"build_version":"2019-01-10","purchased_purges":2,"victory":false,"max_hp_per_floor":[75,75,75,75,75,75,75,75,75,75,75,75,75,75,75,75,75,75,75,75,75,75,75,75],"card_choices":[{"not_picked":["Hologram","Scrape"],"picked":"Streamline","floor":1.0},{"not_picked":["Darkness","Recycle"],"picked":"Ball Lightning","floor":2.0},{"not_picked":["Leap","Redo"],"picked":"Core Surge","floor":3.0},{"not_picked":["Reprogram","Fusion","Streamline"],"picked":"SKIP","floor":4.0},{"not_picked":["Go for the Eyes","Steam"],"picked":"Conserve Battery","floor":5.0},{"not_picked":["Reinforced Body","Rebound"],"picked":"Cold Snap","floor":7.0},{"not_picked":["Reinforced Body","Leap"],"picked":"Sweeping Beam","floor":11.0},{"not_picked":["Compile Driver","Streamline"],"picked":"Capacitor","floor":13.0},{"not_picked":["Fission","Amplify"],"picked":"Rainbow","floor":16.0},{"not_picked":["Go for the Eyes","Ball Lightning"],"picked":"Defragment","floor":17.0},{"not_picked":["Sweeping Beam","Coolheaded"],"picked":"Glacier","floor":17.0},{"not_picked":["Beam Cell","Scrape","Conserve Battery"],"picked":"SKIP","floor":18.0},{"not_picked":["Beam Cell","Scrape","Conserve Battery"],"picked":"SKIP","floor":18.0},{"not_picked":["Sweeping Beam","Leap"],"picked":"Compile Driver+1","floor":19},{"not_picked":["Darkness","Beam Cell"],"picked":"Consume+1","floor":22}],"player_experience":687466,"relics_obtained":[{"floor":9.0,"key":"Art of War"},{"floor":11.0,"key":"Ornamental Fan"}],"event_choices":[{"damage_healed":0.0,"max_hp_gain":0.0,"max_hp_loss":0.0,"gold_gain":0.0,"event_name":"Accursed Blacksmith","player_choice":"Forge","floor":10.0,"gold_loss":0.0,"damage_taken":0.0,"cards_upgraded":["Dualcast"]},{"damage_healed":0,"gold_gain":99,"player_choice":"Stole From Cult","damage_taken":0,"max_hp_gain":0,"max_hp_loss":0,"event_name":"Nest","floor":20,"gold_loss":0}],"is_beta":false,"boss_relics":[{"not_picked":["Philosopher\u0027s Stone","Lizard Tail"],"picked":"Orrery"}],"items_purged_floors":[14,21],"is_endless":false,"potions_floor_spawned":[1,5,7,13,19,22],"killed_by":"Snake Plant","ascension_level":12}