{"gold_per_floor":[115,129,54,2,17,52,52,72,72,72],"floor_reached":10,"playtime":287,"items_purged":["Defend_R"],"score":75,"play_id":"2c5d8623-4a84-4ec8-8bf8-3a190aa75f73","local_time":"20190701230113","is_ascension_mode":true,"campfire_choices":[{"floor":7,"key":"REST"}],"neow_cost":"NONE","seed_source_timestamp":1575477473148592,"circlet_count":0,"master_deck":["Strike_R","Strike_R","Strike_R","Strike_R","Strike_R","Defend_R","Defend_R","Defend_R","Bash"],"relics":["Burning Blood","NeowsBlessing","Prayer Wheel","Paper Frog","Turnip"],"potions_floor_usage":[6],"damage_taken":[{"damage":0,"enemies":"Small Slimes","floor":1,"turns":1},{"damage":0,"enemies":"Cultist","floor":2,"turns":1},{"damage":0,"enemies":"Jaw Worm","floor":5,"turns":1},{"damage":49,"enemies":"3 Sentries","floor":6,"turns":8},{"damage":58,"enemies":"Exordium Wildlife","floor":8,"turns":7},{"damage":0,"enemies":"Gremlin Nob","floor":10,"turns":2}],"seed_played":"5927290026509793444","potions_obtained":[{"floor":1,"key":"BloodPotion"},{"floor":5,"key":"Energy Potion"}],"is_trial":false,"path_per_floor":["M","M","$","?","M","E","R","M","T","E"],"character_chosen":"IRONCLAD","items_purchased":[],"campfire_rested":1,"item_purchase_floors":[],"current_hp_per_floor":[80,80,80,80,80,37,61,9,9,9],"gold":72,"neow_bonus":"THREE_ENEMY_KILL","is_prod":false,"is_daily":false,"chose_seed":false,"campfire_upgraded":0,"win_rate":0,"timestamp":1562036473,"path_taken":["M","M","$","?","?","E","R","M","T","E"],"build_version":"2019-07-01","purchased_purges":1,"victory":false,"max_hp_per_floor":[80,80,80,80,80,80,80,80,80,80],"card_choices":[{"not_picked":["Power Through","Flame Barrier","Iron Wave"],"picked":"SKIP","floor":1},{"not_picked":["Rupture","Combust","Entrench"],"picked":"SKIP","floor":2},{"not_picked":["Clothesline","Rage","Clash"],"picked":"SKIP","floor":5},{"not_picked":["Bloodletting","Twin Strike","Infernal Blade"],"picked":"SKIP","floor":5},{"not_picked":["Clash","True Grit","Cleave"],"picked":"SKIP","floor":6},{"not_picked":["Shrug It Off","Pommel Strike","Reckless Charge"],"picked":"SKIP","floor":8},{"not_picked":["Body Slam","Sentinel","Wild Strike"],"picked":"SKIP","floor":8}],"player_experience":107389,"relics_obtained":[{"floor":6,"key":"Paper Frog"},{"floor":9,"key":"Turnip"}],"event_choices":[{"damage_healed":0,"gold_gain":0,"player_choice":"Paid Gold","damage_taken":0,"relics_obtained":["Prayer Wheel"],"max_hp_gain":0,"max_hp_loss":0,"event_name":"WeMeetAgain","floor":4,"gold_loss":52}],"is_beta":false,"boss_relics":[],"items_purged_floors":[3],"is_endless":false,"potions_floor_spawned":[1,5],"killed_by":"Gremlin Nob","ascension_level":2}