{"gold_per_floor":[13,13,24,42,55,55,81,81,81,26,54,54,80,93,93,169,169,181,92,92,17,35,35,54,54,79,96,108,118,128,54,54,130,130,147,165,84,84,84,84,100,132,132,132,132],"floor_reached":45,"playtime":2408,"items_purged":["Strike_G"],"score":930,"play_id":"9c96161a-ae57-40ee-8020-f215ccf32a1e","local_time":"20190726225131","is_ascension_mode":true,"campfire_choices":[{"data":"Glass Knife","floor":6.0,"key":"SMITH"},{"floor":8.0,"key":"REST"},{"data":"Calculated Gamble","floor":12.0,"key":"SMITH"},{"data":"Neutralize","floor":15.0,"key":"SMITH"},{"data":"Tools of the Trade","floor":23.0,"key":"SMITH"},{"data":"Acrobatics","floor":25.0,"key":"SMITH"},{"data":"Well Laid Plans","floor":32.0,"key":"SMITH"},{"data":"Forethought","floor":40.0,"key":"SMITH"},{"floor":44.0,"key":"REST"}],"neow_cost":"NO_GOLD","seed_source_timestamp":466134967589900,"circlet_count":0,"master_deck":["AscendersBane","Strike_G","Strike_G","Strike_G","Defend_G","Defend_G","Defend_G","Defend_G","Survivor","Neutralize+1","Calculated Gamble+1","Glass Knife+1","Dash","Cloak And Dagger","Acrobatics+1","Tools of the Trade+1","Terror","Grand Finale","After Image","PiercingWail","Escape Plan","Well Laid Plans+1","Adrenaline","Footwork","Forethought+1","Prepared","Acrobatics"],"special_seed":0,"relics":["Ring of the Serpent","FaceOfCleric","Torii","Turnip","StoneCalendar","PreservedInsect","Sozu","Omamori","Bottled Tornado"],"potions_floor_usage":[],"damage_taken":[{"damage":4.0,"enemies":"Jaw Worm","floor":1.0,"turns":7.0},{"damage":5.0,"enemies":"Cultist","floor":3.0,"turns":5.0},{"damage":0.0,"enemies":"Small Slimes","floor":4.0,"turns":3.0},{"damage":0.0,"enemies":"Red Slaver","floor":5.0,"turns":4.0},{"damage":27.0,"enemies":"Gremlin Nob","floor":7.0,"turns":4.0},{"damage":2.0,"enemies":"3 Sentries","floor":11.0,"turns":7.0},{"damage":16.0,"enemies":"Gremlin Nob","floor":13.0,"turns":4.0},{"damage":1.0,"enemies":"3 Louse","floor":14.0,"turns":4.0},{"damage":2.0,"enemies":"Hexaghost","floor":16.0,"turns":9.0},{"damage":1.0,"enemies":"Spheric Guardian","floor":18.0,"turns":3.0},{"damage":8.0,"enemies":"2 Thieves","floor":22.0,"turns":2.0},{"damage":10.0,"enemies":"Cultist and Chosen","floor":24.0,"turns":7.0},{"damage":0.0,"enemies":"3 Cultists","floor":27.0,"turns":2.0},{"damage":6.0,"enemies":"Sentry and Sphere","floor":28.0,"turns":6.0},{"damage":0.0,"enemies":"Centurion and Healer","floor":29.0,"turns":7.0},{"damage":12.0,"enemies":"Shelled Parasite and Fungi","floor":30.0,"turns":6.0},{"damage":21.0,"enemies":"Collector","floor":33.0,"turns":9.0},{"damage":20.0,"enemies":"3 Darklings","floor":35.0,"turns":5.0},{"damage":10.0,"enemies":"3 Shapes","floor":36.0,"turns":5.0},{"damage":9.0,"enemies":"Maw","floor":41.0,"turns":7.0},{"damage":14.0,"enemies":"Nemesis","floor":42.0,"turns":7.0},{"damage":44,"enemies":"Reptomancer","floor":45,"turns":2}],"seed_played":"8420825856738986756","potions_obtained":[{"floor":1.0,"key":"Energy Potion"},{"floor":3.0,"key":"EssenceOfSteel"},{"floor":11.0,"key":"Ancient Potion"},{"floor":14.0,"key":"GhostInAJar"}],"is_trial":false,"path_per_floor":["M","?","M","M","M","R","E","R","T","$","E","R","E","M","R","B",null,"M","$","?","$","M","R","M","R","T","M","M","M","M","$","R","B",null,"M","M","$","?","?","R","M","E","T","R","E"],"character_chosen":"THE_SILENT","items_purchased":["Explosive Potion","After Image","Well Laid Plans","Footwork"],"campfire_rested":2,"item_purchase_floors":[10,19,31,37],"current_hp_per_floor":[55,55,51,52,53,53,27,48,48,48,47,47,32,32,32,31,63,63,63,63,63,56,56,47,47,47,48,43,44,33,33,33,13,65,46,37,37,37,37,37,29,16,16,40,0],"gold":132,"neow_bonus":"REMOVE_TWO","is_prod":false,"is_daily":false,"chose_seed":false,"campfire_upgraded":7,"win_rate":0,"timestamp":1564149091,"path_taken":["M","?","M","M","M","R","E","R","T","$","E","R","E","?","R","BOSS","M","$","?","$","?","R","M","R","T","M","M","M","M","?","R","BOSS","M","M","$","?","?","R","M","E","T","R","E"],"build_version":"2019-07-17","purchased_purges":1,"victory":false,"max_hp_per_floor":[66,66,67,68,69,69,70,70,70,70,71,71,72,73,73,74,74,75,75,75,75,76,76,77,77,77,78,79,80,81,81,81,82,82,83,84,84,80,80,80,81,82,82,82,82],"card_choices":[{"not_picked":["Acrobatics","Dodge and Roll"],"picked":"Calculated Gamble","floor":1.0},{"not_picked":["Dagger Spray","Outmaneuver"],"picked":"Glass Knife","floor":3.0},{"not_picked":["Infinite Blades","Outmaneuver"],"picked":"Dash","floor":4.0},{"not_picked":["Slice","Quick Slash"],"picked":"Cloak And Dagger","floor":5.0},{"not_picked":["Masterful Stab","Riddle With Holes"],"picked":"Acrobatics","floor":7.0},{"not_picked":["Reflex","Distraction"],"picked":"Tools of the Trade","floor":11.0},{"not_picked":["Dash","Burst"],"picked":"Terror","floor":13.0},{"not_picked":["All Out Attack","Underhanded Strike","PiercingWail"],"picked":"SKIP","floor":14.0},{"not_picked":["Night Terror","Phantasmal Killer"],"picked":"Grand Finale","floor":16.0},{"not_picked":["Blade Dance","Slice","PiercingWail"],"picked":"SKIP","floor":18.0},{"not_picked":["Blade Dance","Finisher","Deadly Poison"],"picked":"SKIP","floor":22.0},{"not_picked":["Eviscerate+1","Dagger Spray","Dash"],"picked":"SKIP","floor":24.0},{"not_picked":["Dagger Spray","Backstab","Deadly Poison+1"],"picked":"SKIP","floor":27.0},{"not_picked":["Slice","Caltrops"],"picked":"PiercingWail","floor":28.0},{"not_picked":["Caltrops","Venomology"],"picked":"Escape Plan","floor":29.0},{"not_picked":["Infinite Blades","Poisoned Stab","Sucker Punch"],"picked":"SKIP","floor":30.0},{"not_picked":["Corpse Explosion","Phantasmal Killer"],"picked":"Adrenaline","floor":33.0},{"not_picked":["Noxious Fumes","Blade Dance","Eviscerate+1"],"picked":"SKIP","floor":35.0},{"not_picked":["Noxious Fumes","Blade Dance","Eviscerate+1"],"picked":"SKIP","floor":35.0},{"not_picked":["Flying Knee+1","Heel Hook","Eviscerate"],"picked":"SKIP","floor":36.0},{"not_picked":["The Bomb","Jack Of All Trades"],"picked":"Forethought","floor":39.0},{"not_picked":["Bouncing Flask","Dodge and Roll"],"picked":"Prepared","floor":41.0},{"not_picked":["Dash","Outmaneuver"],"picked":"Acrobatics","floor":42.0}],"player_experience":1016682,"relics_obtained":[{"floor":7.0,"key":"Torii"},{"floor":9.0,"key":"Turnip"},{"floor":11.0,"key":"StoneCalendar"},{"floor":13.0,"key":"PreservedInsect"},{"floor":26.0,"key":"Omamori"},{"floor":42.0,"key":"Bottled Tornado"}],"event_choices":[{"damage_healed":0.0,"max_hp_gain":0.0,"max_hp_loss":0.0,"gold_gain":0.0,"event_name":"FaceTrader","player_choice":"Trade","floor":2.0,"gold_loss":0.0,"damage_taken":0.0,"relics_obtained":["FaceOfCleric"]},{"damage_healed":0.0,"max_hp_gain":0.0,"max_hp_loss":0.0,"gold_gain":0.0,"event_name":"Lab","player_choice":"Got Potions","floor":20.0,"gold_loss":0.0,"damage_taken":0.0},{"damage_healed":0.0,"max_hp_gain":0.0,"max_hp_loss":4.0,"gold_gain":0.0,"event_name":"Winding Halls","player_choice":"Max HP","floor":38.0,"gold_loss":0.0,"damage_taken":0.0},{"damage_healed":0.0,"max_hp_gain":0.0,"max_hp_loss":0.0,"gold_gain":0.0,"event_name":"SensoryStone","player_choice":"Memory 1","floor":39.0,"gold_loss":0.0,"damage_taken":0.0}],"is_beta":false,"boss_relics":[{"not_picked":["Coffee Dripper","Velvet Choker"],"picked":"Sozu"},{"not_picked":["Runic Dome","WristBlade"],"picked":"Ring of the Serpent"}],"items_purged_floors":[21],"is_endless":false,"potions_floor_spawned":[1,3,11,14,22,24,27,30,42],"killed_by":"Reptomancer","ascension_level":20}