{"gold_per_floor":[116,127,54,54,69,69,69,103,128,161,161,187,187,287,287,385,385,404,5,25,41,41,41,68,68,95,95,95,130,130,45,45,142,142,154,170,170,170,170],"floor_reached":39,"playtime":1252,"items_purged":["Defend_B"],"score":610,"play_id":"6cd1fd75-23bb-4183-8e47-105333646cd8","local_time":"20180718205328","is_ascension_mode":true,"campfire_choices":[{"data":"Dualcast","floor":6.0,"key":"SMITH"},{"data":"Coolheaded","floor":11.0,"key":"SMITH"},{"data":"Loop","floor":13,"key":"SMITH"},{"data":"Loop","floor":15,"key":"SMITH"},{"data":"Coolheaded","floor":23,"key":"SMITH"},{"data":"Double Energy","floor":25,"key":"SMITH"},{"floor":28,"key":"REST"},{"floor":32,"key":"REST"}],"neow_cost":"NONE","seed_source_timestamp":500114609647698,"circlet_count":0,"master_deck":["Defend_B","Defend_B","Zap+1","Dualcast+1","Compile Driver","Loop+1","Electrodynamics","Barrage","Coolheaded+1","Loop+1","Sweeping Beam","Seek","Doom and Gloom+1","Machine Learning+1","Double Energy+1","Coolheaded+1","Lockon+1","Coolheaded+1","Fusion+1"],"special_seed":0,"relics":["Cracked Core","Juzu Bracelet","Bag of Preparation","Strawberry","Incense Burner","Astrolabe","Thread and Needle","Oddly Smooth Stone","Happy Flower","Kunai","Pen Nib","Empty Cage","Ginger"],"potions_floor_usage":[12,21,29,39],"damage_taken":[{"damage":0.0,"enemies":"Cultist","floor":1.0,"turns":4.0},{"damage":0.0,"enemies":"Small Slimes","floor":2.0,"turns":2.0},{"damage":0.0,"enemies":"2 Louse","floor":5.0,"turns":2.0},{"damage":6.0,"enemies":"3 Sentries","floor":8.0,"turns":3.0},{"damage":24.0,"enemies":"Lagavulin","floor":10.0,"turns":5.0},{"damage":14,"enemies":"Gremlin Nob","floor":12,"turns":3},{"damage":13,"enemies":"Hexaghost","floor":16,"turns":9},{"damage":5,"enemies":"Spheric Guardian","floor":18,"turns":3},{"damage":15,"enemies":"2 Thieves","floor":20,"turns":2},{"damage":0,"enemies":"Sentry and Sphere","floor":21,"turns":4},{"damage":32,"enemies":"Gremlin Leader","floor":24,"turns":5},{"damage":30,"enemies":"Slavers","floor":29,"turns":2},{"damage":30,"enemies":"Automaton","floor":33,"turns":7},{"damage":20,"enemies":"3 Darklings","floor":35,"turns":3},{"damage":16,"enemies":"3 Shapes","floor":36,"turns":3},{"damage":20,"floor":37,"turns":6},{"damage":44,"enemies":"Flame Bruiser 2 Orb","floor":39,"turns":2}],"seed_played":"-2673940110477420695","potions_obtained":[{"floor":4.0,"key":"LiquidBronze"},{"floor":4.0,"key":"AttackPotion"},{"floor":4.0,"key":"SpeedPotion"},{"floor":5.0,"key":"Swift Potion"},{"floor":8.0,"key":"SkillPotion"},{"floor":16,"key":"Block Potion"},{"floor":18,"key":"Swift Potion"},{"floor":21,"key":"LiquidBronze"},{"floor":33,"key":"SpeedPotion"},{"floor":37,"key":"SkillPotion"}],"is_trial":false,"path_per_floor":["M","M","$","?","M","R","?","E","T","E","R","E","R","?","R","B",null,"M","$","M","M","?","R","E","R","T","?","R","E","?","?","R","B",null,"M","M","?","?"],"character_chosen":"DEFECT","items_purchased":["Electrodynamics","Coolheaded","Thread and Needle"],"campfire_rested":2,"item_purchase_floors":[3,19,19],"current_hp_per_floor":[75,75,75,75,75,75,72,66,73,49,49,35,35,35,35,22,82,77,77,62,62,62,62,30,30,30,30,54,24,24,24,48,18,82,62,46,26,26,0],"gold":170,"neow_bonus":"UPGRADE_CARD","is_prod":false,"is_daily":false,"chose_seed":false,"campfire_upgraded":6,"win_rate":0,"timestamp":1531940008,"path_taken":["M","?","$","?","M","R","?","E","T","E","R","E","R","?","R","BOSS","M","$","M","M","?","R","E","R","T","?","R","E","?","?","R","BOSS","M","M","?","?","M"],"build_version":"2018-07-12","purchased_purges":1,"victory":false,"max_hp_per_floor":[75,75,75,75,75,75,75,75,82,82,82,82,82,82,82,82,82,82,82,82,82,82,82,82,82,82,82,82,82,82,82,82,82,82,82,82,82,82,82],"card_choices":[{"not_picked":["Hologram","Lockon"],"picked":"Compile Driver","floor":1.0},{"not_picked":["Self Repair","Darkness"],"picked":"Loop","floor":2.0},{"not_picked":["Hello World","Go for the Eyes"],"picked":"Barrage","floor":5.0},{"not_picked":["Sweeping Beam","Auto Shields"],"picked":"Coolheaded","floor":8.0},{"not_picked":["Skim","Biased Cognition"],"picked":"Loop","floor":10.0},{"not_picked":["Turbo","Leap"],"picked":"Sweeping Beam","floor":12},{"not_picked":["Core Surge","All For One"],"picked":"Seek","floor":16},{"not_picked":["Static Discharge","Streamline"],"picked":"Double Energy","floor":18},{"not_picked":["Compile Driver","Go for the Eyes","Streamline+1"],"picked":"SKIP","floor":20},{"not_picked":["Ball Lightning+1","Rebound"],"picked":"Lockon+1","floor":21},{"not_picked":["Turbo","Gash+1","Seek"],"picked":"SKIP","floor":24},{"not_picked":["Force Field+1","Hologram","Stack+1"],"picked":"SKIP","floor":29},{"not_picked":["Auto Shields+1","Undo+1"],"picked":"Coolheaded+1","floor":35},{"not_picked":["Sweeping Beam+1","Beam Cell","Leap+1"],"picked":"SKIP","floor":36},{"not_picked":["Gash+1","Cold Snap"],"picked":"Fusion+1","floor":37}],"player_experience":585281,"relics_obtained":[{"floor":8.0,"key":"Bag of Preparation"},{"floor":9.0,"key":"Strawberry"},{"floor":10.0,"key":"Incense Burner"},{"floor":24,"key":"Oddly Smooth Stone"},{"floor":26,"key":"Happy Flower"},{"floor":29,"key":"Kunai"},{"floor":37,"key":"Ginger"}],"event_choices":[{"event_name":"The Lab","player_choice":"Got Potions","floor":4.0,"damage_taken":0.0},{"event_name":"Scrap Ooze","player_choice":"success","floor":7.0,"damage_taken":3.0},{"event_name":"Golden Shrine","player_choice":"Pray","floor":14,"damage_taken":0},{"event_name":"Vampires","player_choice":"Ignored","floor":22,"damage_taken":0},{"event_name":"Back to Basics","player_choice":"Elegance","floor":27,"damage_taken":0},{"event_name":"Drug Dealer","player_choice":"Ignored","floor":30,"damage_taken":0},{"event_name":"Addict","player_choice":"Obtained Relic","floor":31,"damage_taken":0},{"event_name":"MindBloom","player_choice":"Fight","floor":37,"damage_taken":0},{"event_name":"Tomb of Lord Red Mask","player_choice":"Ignored","floor":38,"damage_taken":0}],"boss_relics":[{"not_picked":["Fusion Hammer","Ectoplasm"],"picked":"Astrolabe"},{"not_picked":["Coffee Dripper","Philosopher\u0027s Stone"],"picked":"Empty Cage"}],"items_purged_floors":[19],"is_endless":false,"potions_floor_spawned":[5,8,16,18,21,33,37],"killed_by":"Flame Bruiser 2 Orb","ascension_level":1}