{"gold_per_floor":[113,113,132,147,23,23,39,4,28,28,57,74,100,117,117,213,213,225,24,43,43,142,142,171,181,204,204,204,221,221,201,201,305,305,315,315,328,328,278,278,378,378,405,424,437,456,456,524,524,524],"floor_reached":50,"playtime":1311,"items_purged":["Strike_R","Strike_R"],"score":497,"play_id":"778268b5-5e30-44bc-bb40-7c82852698fe","local_time":"20190511232230","is_ascension_mode":false,"campfire_choices":[{"data":"Whirlwind","floor":6,"key":"SMITH"},{"data":"Flex","floor":10,"key":"SMITH"},{"data":"Demon Form","floor":15,"key":"SMITH"},{"data":"Limit Break","floor":23,"key":"SMITH"},{"floor":28,"key":"REST"},{"data":"Metallicize","floor":30,"key":"SMITH"},{"floor":32,"key":"RECALL"},{"data":"Brutality","floor":40,"key":"SMITH"},{"data":"Strike_R","floor":42,"key":"PURGE"},{"floor":49,"key":"REST"}],"neow_cost":"NONE","seed_source_timestamp":382294399694300,"circlet_count":0,"master_deck":["Strike_R","Strike_R","Defend_R","Defend_R","Defend_R","Defend_R","Bash","Rupture","Whirlwind+1","Flex","Flex+1","Demon Form+1","Combust","Inflame","Limit Break+1","Evolve+1","Whirlwind+1","Metallicize+1","Armaments+1","Brutality+1","Metallicize+1"],"relics":["Burning Blood","NeowsBlessing","Orichalcum","Smiling Mask","Mark of Pain","DollysMirror","Bronze Scales","Strawberry","Busted Crown","Peace Pipe","Centennial Puzzle","SsserpentHead"],"potions_floor_usage":[11,13,14,16,18,18,25,33,33,37,37,41,50,50],"damage_taken":[{"damage":0,"enemies":"Small Slimes","floor":1,"turns":1},{"damage":0,"enemies":"Cultist","floor":3,"turns":1},{"damage":2,"enemies":"2 Louse","floor":4,"turns":2},{"damage":14,"enemies":"Blue Slaver","floor":7,"turns":3},{"damage":31,"enemies":"Lagavulin","floor":11,"turns":6},{"damage":9,"enemies":"Looter","floor":12,"turns":3},{"damage":4,"enemies":"3 Sentries","floor":13,"turns":4},{"damage":0,"enemies":"2 Fungi Beasts","floor":14,"turns":2},{"damage":46,"enemies":"The Guardian","floor":16,"turns":8},{"damage":0,"enemies":"Spheric Guardian","floor":18,"turns":1},{"damage":29,"enemies":"Chosen","floor":20,"turns":5},{"damage":2,"enemies":"Gremlin Leader","floor":24,"turns":5},{"damage":30,"enemies":"Snake Plant","floor":25,"turns":5},{"damage":5,"enemies":"Sentry and Sphere","floor":29,"turns":3},{"damage":60,"enemies":"Automaton","floor":33,"turns":8},{"damage":15,"enemies":"Orb Walker","floor":35,"turns":4},{"damage":62,"enemies":"3 Darklings","floor":37,"turns":3},{"damage":5,"enemies":"Mind Bloom Boss Battle","floor":41,"turns":4},{"damage":10,"enemies":"Jaw Worm Horde","floor":44,"turns":2},{"damage":22,"enemies":"Sphere and 2 Shapes","floor":45,"turns":3},{"damage":23,"enemies":"Maw","floor":46,"turns":5},{"damage":14,"enemies":"Spire Growth","floor":48,"turns":3},{"damage":57,"enemies":"Awakened One","floor":50,"turns":3}],"seed_played":"8431924476058711332","potions_obtained":[{"floor":3,"key":"Strength Potion"},{"floor":4,"key":"Swift Potion"},{"floor":12,"key":"Fire Potion"},{"floor":13,"key":"Weak Potion"},{"floor":16,"key":"EntropicBrew"},{"floor":18,"key":"Dexterity Potion"},{"floor":24,"key":"BloodPotion"},{"floor":31,"key":"SneckoOil"},{"floor":33,"key":"SteroidPotion"},{"floor":35,"key":"GamblersBrew"},{"floor":37,"key":"Explosive Potion"},{"floor":45,"key":"Swift Potion"},{"floor":46,"key":"LiquidBronze"}],"is_trial":false,"path_per_floor":["M","?","M","M","$","R","M","?","T","R","E","M","E","M","R","B",null,"M","$","M","$","?","R","E","M","T","?","R","M","R","?","R","B",null,"M","?","M","?","$","R","?","R","T","M","M","M","?","M","R","B"],"character_chosen":"IRONCLAD","items_purchased":["Flex","DollysMirror"],"campfire_rested":2,"item_purchase_floors":[5,19],"current_hp_per_floor":[80,80,80,80,80,80,72,80,80,80,55,52,54,60,60,20,80,80,80,57,57,57,57,61,45,52,52,78,79,79,79,79,25,87,78,78,22,76,76,76,76,76,76,72,56,39,39,31,53,0],"gold":524,"neow_bonus":"THREE_ENEMY_KILL","is_prod":false,"is_daily":false,"chose_seed":false,"campfire_upgraded":6,"win_rate":0,"timestamp":1557634950,"path_taken":["M","?","M","?","$","R","M","?","T","R","E","M","E","M","R","BOSS","M","$","M","$","?","R","E","M","T","?","R","M","R","?","R","BOSS","M","?","M","?","$","R","?","R","T","?","?","M","?","?","R","BOSS"],"build_version":"2019-01-23","purchased_purges":2,"victory":false,"max_hp_per_floor":[80,80,80,80,80,80,80,80,80,80,80,80,80,80,80,80,80,80,80,80,80,80,80,80,80,87,87,87,87,87,87,87,87,87,87,87,87,76,76,76,76,76,76,76,76,76,76,76,76,76],"card_choices":[{"not_picked":["Iron Wave","Battle Trance"],"picked":"Rupture","floor":1},{"not_picked":["Twin Strike","Wild Strike","Clash"],"picked":"SKIP","floor":3},{"not_picked":["Iron Wave","Sever Soul"],"picked":"Whirlwind","floor":4},{"not_picked":["Metallicize","Clash"],"picked":"Flex","floor":7},{"not_picked":["Rampage","Warcry"],"picked":"Demon Form","floor":11},{"not_picked":["Shrug It Off","Perfected Strike"],"picked":"Combust","floor":12},{"not_picked":["Iron Wave","Thunderclap"],"picked":"Inflame","floor":13},{"not_picked":["Anger","Twin Strike","Clothesline"],"picked":"SKIP","floor":14},{"not_picked":["Barricade","Bludgeon"],"picked":"Limit Break","floor":16},{"not_picked":["Blood for Blood","Thunderclap"],"picked":"Evolve+1","floor":18},{"not_picked":["Heavy Blade","Anger","Havoc"],"picked":"SKIP","floor":20},{"not_picked":["Cleave","Flex","Uppercut"],"picked":"SKIP","floor":24},{"not_picked":["Disarm","Evolve"],"picked":"Metallicize","floor":25},{"not_picked":["Clothesline","Pommel Strike"],"picked":"Armaments+1","floor":29},{"not_picked":["Feed","Exhume"],"picked":"Brutality","floor":33},{"not_picked":["Wild Strike+1"],"picked":"SKIP","floor":35},{"not_picked":["Clothesline+1"],"picked":"SKIP","floor":37},{"not_picked":["Pommel Strike+1"],"picked":"SKIP","floor":44},{"not_picked":["Sentinel"],"picked":"SKIP","floor":45},{"not_picked":["Wild Strike+1"],"picked":"SKIP","floor":46},{"not_picked":[],"picked":"Metallicize+1","floor":48}],"player_experience":813466,"relics_obtained":[{"floor":11,"key":"Orichalcum"},{"floor":13,"key":"Smiling Mask"},{"floor":24,"key":"Bronze Scales"},{"floor":26,"key":"Strawberry"},{"floor":41,"key":"Peace Pipe"},{"floor":43,"key":"Centennial Puzzle"}],"event_choices":[{"damage_healed":0,"gold_gain":0,"player_choice":"Ignored","damage_taken":0,"max_hp_gain":0,"max_hp_loss":0,"event_name":"NoteForYourself","floor":2,"gold_loss":0},{"damage_healed":20,"gold_gain":0,"player_choice":"Healed","damage_taken":0,"max_hp_gain":0,"max_hp_loss":0,"event_name":"The Cleric","floor":8,"gold_loss":35},{"damage_healed":0,"gold_gain":99,"player_choice":"Stole From Cult","damage_taken":0,"max_hp_gain":0,"max_hp_loss":0,"event_name":"Nest","floor":22,"gold_loss":0},{"damage_healed":0,"gold_gain":0,"player_choice":"Ignored","damage_taken":0,"max_hp_gain":0,"max_hp_loss":0,"event_name":"Vampires","floor":27,"gold_loss":0},{"damage_healed":0,"gold_gain":0,"player_choice":"Bought 1 Potion","damage_taken":0,"max_hp_gain":0,"max_hp_loss":0,"event_name":"The Woman in Blue","floor":31,"gold_loss":0},{"damage_healed":0,"gold_gain":0,"player_choice":"Ignored","damage_taken":0,"max_hp_gain":0,"max_hp_loss":0,"event_name":"Tomb of Lord Red Mask","floor":36,"gold_loss":0},{"damage_healed":76,"gold_gain":0,"player_choice":"Heal","damage_taken":0,"max_hp_gain":0,"max_hp_loss":11,"event_name":"The Moai Head","floor":38,"gold_loss":0},{"damage_healed":0,"gold_gain":0,"player_choice":"Fight","damage_taken":0,"max_hp_gain":0,"max_hp_loss":0,"event_name":"MindBloom","floor":41,"gold_loss":0},{"damage_healed":0,"gold_gain":0,"player_choice":"Trade","damage_taken":0,"relics_obtained":["SsserpentHead"],"max_hp_gain":0,"max_hp_loss":0,"event_name":"FaceTrader","floor":47,"gold_loss":0}],"is_beta":false,"boss_relics":[{"not_picked":["Orrery","Fusion Hammer"],"picked":"Mark of Pain"},{"not_picked":["Velvet Choker","Tiny House"],"picked":"Busted Crown"}],"items_purged_floors":[5,39],"is_endless":false,"potions_floor_spawned":[3,4,12,13,16,18,24,33,35,37,45,46],"killed_by":"Awakened One","ascension_level":0}