{"gold_per_floor":[117,131,148,148,148,180,180,196,196,73,73,84,84],"floor_reached":13,"playtime":815,"items_purged":["Strike_R"],"score":85,"play_id":"6bee22c6-2261-499d-9834-7249705de254","local_time":"20190508185726","is_ascension_mode":false,"campfire_choices":[{"data":"Body Slam","floor":7,"key":"SMITH"},{"data":"Body Slam","floor":11,"key":"SMITH"}],"neow_cost":"CURSE","seed_source_timestamp":0,"circlet_count":0,"master_deck":["Strike_R","Strike_R","Strike_R","Strike_R","Defend_R","Defend_R","Defend_R","Defend_R","Bash","Exhume","Warcry","Body Slam+1","Body Slam+1","Shrug It Off","Flex"],"special_seed":0,"relics":["Burning Blood","Art of War","Gremlin Horn"],"potions_floor_usage":[6,13],"damage_taken":[{"damage":1,"enemies":"Jaw Worm","floor":1,"turns":3},{"damage":15,"enemies":"Cultist","floor":2,"turns":4},{"damage":5,"enemies":"2 Louse","floor":3,"turns":3},{"damage":34,"enemies":"Gremlin Nob","floor":6,"turns":6},{"damage":20,"enemies":"Exordium Thugs","floor":8,"turns":6},{"damage":4,"enemies":"Large Slime","floor":12,"turns":7},{"damage":25,"enemies":"3 Sentries","floor":13,"turns":8}],"seed_played":"-1287871896875272884","potions_obtained":[{"floor":3,"key":"EssenceOfSteel"},{"floor":8,"key":"Block Potion"}],"is_trial":false,"path_per_floor":["M","M","M","?","T","E","R","M","T","$","R","M","E"],"character_chosen":"IRONCLAD","items_purchased":["Shrug It Off"],"campfire_rested":0,"item_purchase_floors":[10],"current_hp_per_floor":[80,71,72,65,65,37,37,23,23,23,23,25,0],"gold":84,"neow_bonus":"THREE_RARE_CARDS","is_prod":false,"is_daily":false,"chose_seed":false,"campfire_upgraded":2,"win_rate":0,"timestamp":1557359846,"path_taken":["M","M","M","?","?","E","R","M","T","?","R","?","E"],"build_version":"2019-01-23","purchased_purges":1,"victory":false,"max_hp_per_floor":[80,80,80,80,80,80,80,80,80,80,80,80,80],"card_choices":[{"not_picked":["Fiend Fire","Dark Embrace"],"picked":"Exhume","floor":0},{"not_picked":["Perfected Strike","Battle Trance"],"picked":"Warcry","floor":1},{"not_picked":["Metallicize","Perfected Strike","Clash"],"picked":"SKIP","floor":2},{"not_picked":["Battle Trance","Perfected Strike"],"picked":"Body Slam","floor":3},{"not_picked":["Sword Boomerang","Headbutt"],"picked":"Body Slam","floor":6},{"not_picked":["Clothesline","Whirlwind","Perfected Strike"],"picked":"SKIP","floor":8},{"not_picked":["Anger","Headbutt"],"picked":"Flex","floor":12}],"player_experience":807942,"relics_obtained":[{"floor":6,"key":"Art of War"},{"floor":9,"key":"Gremlin Horn"}],"event_choices":[{"cards_removed":["Shame"],"damage_healed":0,"gold_gain":0,"player_choice":"Card Removal","damage_taken":7,"max_hp_gain":0,"max_hp_loss":0,"event_name":"Golden Wing","floor":4,"gold_loss":0}],"is_beta":false,"boss_relics":[],"items_purged_floors":[10],"is_endless":false,"potions_floor_spawned":[3,8],"killed_by":"3 Sentries","ascension_level":0}