{"gold_per_floor":[13,33,33,45,45,45,45,45,125,125,160,4,4,24,24,121,171,188,188,287,36,48,48,76,76,76,86,104,104,114,138,138,138],"floor_reached":33,"playtime":983,"items_purged":[],"score":276,"play_id":"f591432f-78a4-4ace-bc7e-84edebbc6755","local_time":"20180811023046","is_ascension_mode":true,"campfire_choices":[{"data":"Zap","floor":7.0,"key":"SMITH"},{"data":"Redo","floor":10.0,"key":"SMITH"},{"floor":13.0,"key":"REST"},{"data":"Turbo","floor":15,"key":"SMITH"},{"data":"Coolheaded","floor":23,"key":"SMITH"},{"floor":25,"key":"REST"},{"floor":29,"key":"REST"},{"data":"Dualcast","floor":32,"key":"SMITH"}],"neow_cost":"NO_GOLD","seed_source_timestamp":569671081219130,"circlet_count":0,"master_deck":["Strike_B+1","Strike_B","Strike_B","Defend_B","Defend_B","Zap+1","Dualcast+1","Redo+1","BootSequence","Steam","Cold Snap","Ball Lightning","Turbo+1","Core Surge","Conserve Battery","Coolheaded+1","Capacitor+1","Static Discharge+1","Glacier"],"special_seed":0,"relics":["Cracked Core","Lantern","Dream Catcher","Tiny House","Frozen Egg 2","Torii","Omamori","Potion Belt"],"potions_floor_usage":[18,24,24,33],"damage_taken":[{"damage":0.0,"enemies":"Cultist","floor":1.0,"turns":3.0},{"damage":8.0,"enemies":"Jaw Worm","floor":2.0,"turns":3.0},{"damage":2.0,"enemies":"Small Slimes","floor":4.0,"turns":3.0},{"damage":8.0,"enemies":"Gremlin Nob","floor":11.0,"turns":3.0},{"damage":13,"enemies":"Exordium Wildlife","floor":14,"turns":3},{"damage":47,"enemies":"Hexaghost","floor":16,"turns":12},{"damage":13,"enemies":"2 Thieves","floor":18,"turns":3},{"damage":0,"enemies":"Chosen","floor":22,"turns":4},{"damage":33,"enemies":"Slavers","floor":24,"turns":6},{"damage":23,"enemies":"Snecko","floor":27,"turns":7},{"damage":9,"enemies":"Centurion and Healer","floor":28,"turns":7},{"damage":17,"enemies":"Sentry and Sphere","floor":30,"turns":6},{"damage":65,"enemies":"Automaton","floor":33,"turns":6}],"seed_played":"1600688534921242224","potions_obtained":[{"floor":1.0,"key":"Block Potion"},{"floor":11.0,"key":"Swift Potion"},{"floor":16,"key":"SkillPotion"},{"floor":17,"key":"FearPotion"},{"floor":18,"key":"Fire Potion"},{"floor":27,"key":"Weak Potion"},{"floor":30,"key":"Regen Potion"}],"is_trial":false,"path_per_floor":["M","M","$","M","$","?","R","?","T","R","E","$","R","M","R","B",null,"M","?","?","$","M","R","E","R","T","M","M","R","M","T","R"],"character_chosen":"DEFECT","items_purchased":["Dream Catcher","Frozen Egg 2"],"campfire_rested":3,"item_purchase_floors":[12,21],"current_hp_per_floor":[75,67,67,65,65,58,58,58,58,58,50,50,72,59,59,12,80,67,67,67,67,67,67,34,58,58,35,26,50,33,33,33,0],"gold":138,"neow_bonus":"REMOVE_TWO","is_prod":false,"is_daily":false,"chose_seed":false,"campfire_upgraded":5,"win_rate":0,"timestamp":1533947446,"path_taken":["M","M","$","?","$","?","R","?","T","R","E","?","R","M","R","BOSS","M","?","?","?","M","R","E","R","T","M","M","R","?","?","R","BOSS"],"build_version":"2018-08-09","purchased_purges":0,"victory":false,"max_hp_per_floor":[75,75,75,75,75,75,75,75,75,75,75,75,75,75,75,75,80,80,80,80,80,80,80,80,80,80,80,80,80,80,80,80,80],"card_choices":[{"not_picked":["Doom and Gloom","Aggregate"],"picked":"Redo","floor":1.0},{"not_picked":["Redo","Barrage"],"picked":"BootSequence","floor":2.0},{"not_picked":["Leap","Barrage"],"picked":"Steam","floor":4.0},{"not_picked":["Turbo","Go for the Eyes"],"picked":"Cold Snap","floor":11.0},{"not_picked":["Darkness","Echo Form"],"picked":"Ball Lightning","floor":13.0},{"not_picked":["Leap","Go for the Eyes"],"picked":"Turbo","floor":14},{"not_picked":["Amplify","Echo Form"],"picked":"Core Surge","floor":16},{"not_picked":["Turbo","Tempest"],"picked":"Conserve Battery","floor":17},{"not_picked":["Ball Lightning+1","Stack+1"],"picked":"Coolheaded","floor":18},{"not_picked":["Sweeping Beam","Compile Driver"],"picked":"Capacitor+1","floor":22},{"not_picked":["Aggregate+1","Sweeping Beam","Blizzard"],"picked":"SKIP","floor":24},{"not_picked":["Stack+1","Reprogram","Go for the Eyes"],"picked":"SKIP","floor":27},{"not_picked":["Hologram+1","Biased Cognition+1"],"picked":"Static Discharge+1","floor":28},{"not_picked":["Steam","Capacitor+1"],"picked":"Glacier","floor":30}],"player_experience":619413,"relics_obtained":[{"floor":11.0,"key":"Lantern"},{"floor":24,"key":"Torii"},{"floor":26,"key":"Omamori"},{"floor":31,"key":"Potion Belt"}],"event_choices":[{"event_name":"Golden Wing","player_choice":"Card Removal","floor":6.0,"damage_taken":0.0},{"event_name":"The Cleric","player_choice":"Leave","floor":8.0,"damage_taken":0.0},{"event_name":"Vampires","player_choice":"Ignored","floor":19,"damage_taken":0},{"event_name":"Nest","player_choice":"Stole From Cult","floor":20,"damage_taken":0}],"is_beta":false,"boss_relics":[{"not_picked":["Lizard Tail","Snecko Eye"],"picked":"Tiny House"}],"items_purged_floors":[],"is_endless":false,"potions_floor_spawned":[1,11,16,18,22,27,30],"killed_by":"Automaton","ascension_level":1}