{"gold_per_floor":[114,8,8,8,8,8,23,51,78,3,23,34,34,184,184,184],"floor_reached":16,"playtime":482,"items_purged":[],"score":176,"play_id":"08832076-6486-452f-b890-edfacf28284d","local_time":"20190214234026","is_ascension_mode":true,"campfire_choices":[{"data":"Blind","floor":6,"key":"SMITH"},{"data":"Neutralize","floor":15,"key":"SMITH"}],"neow_cost":"PERCENT_DAMAGE","seed_source_timestamp":880746320285994,"circlet_count":0,"master_deck":["AscendersBane","Defend_G","Defend_G","Defend_G","Defend_G","Defend_G","Strike_G","Strike_G","Strike_G","Survivor","Neutralize+1","Blur","Blind+1","Dagger Spray","Deflect","Heel Hook","Blur"],"special_seed":0,"relics":["Ring of the Snake","Dead Branch","Bird Faced Urn","Omamori"],"potions_floor_usage":[8,16],"damage_taken":[{"damage":0.0,"enemies":"Small Slimes","floor":1.0,"turns":3.0},{"damage":2,"enemies":"2 Louse","floor":7,"turns":3},{"damage":9,"enemies":"3 Sentries","floor":8,"turns":8},{"damage":0,"enemies":"Jaw Worm","floor":11,"turns":4},{"damage":5,"enemies":"Lots of Slimes","floor":12,"turns":4},{"damage":13,"enemies":"Slime Boss","floor":16,"turns":11}],"seed_played":"4260878716140533101","potions_obtained":[{"floor":1.0,"key":"AttackPotion"},{"floor":11,"key":"FearPotion"}],"is_trial":false,"path_per_floor":["M","$","?","?","?","R","M","E","T","?","M","M","$","?","R","B"],"character_chosen":"THE_SILENT","items_purchased":["Blind"],"campfire_rested":0,"item_purchase_floors":[2],"current_hp_per_floor":[44,44,44,44,44,44,42,33,33,33,33,28,28,28,28,15],"gold":184,"neow_bonus":"ONE_RARE_RELIC","is_prod":false,"is_daily":false,"chose_seed":false,"campfire_upgraded":2,"win_rate":0,"timestamp":1550184026,"path_taken":["M","$","?","?","?","R","M","E","T","?","M","M","?","?","R","BOSS"],"build_version":"2019-01-23","purchased_purges":0,"victory":false,"max_hp_per_floor":[66,66,66,66,66,66,66,66,66,66,66,66,66,66,66,66],"card_choices":[{"not_picked":["PiercingWail","Bane"],"picked":"Blur","floor":1.0},{"not_picked":["PiercingWail","Quick Slash"],"picked":"Dagger Spray","floor":7},{"not_picked":["Tactician","Escape Plan"],"picked":"Deflect","floor":8},{"not_picked":["Flechettes","Backstab"],"picked":"Heel Hook","floor":11},{"not_picked":["Flying Knee","Prepared"],"picked":"Blur","floor":12}],"player_experience":800870,"relics_obtained":[{"floor":8,"key":"Bird Faced Urn"},{"floor":9,"key":"Omamori"}],"event_choices":[{"cards_removed":["Strike_G"],"damage_healed":0.0,"max_hp_gain":0.0,"max_hp_loss":0.0,"gold_gain":0.0,"event_name":"Living Wall","player_choice":"Forget","floor":3.0,"gold_loss":0.0,"damage_taken":0.0},{"damage_healed":0.0,"max_hp_gain":0.0,"max_hp_loss":0.0,"gold_gain":0.0,"event_name":"Golden Idol","player_choice":"Ignored","floor":4.0,"gold_loss":0.0,"damage_taken":0.0},{"damage_healed":0,"gold_gain":0,"player_choice":"Fled","damage_taken":0,"max_hp_gain":0,"max_hp_loss":0,"event_name":"Scrap Ooze","floor":5,"gold_loss":0},{"cards_removed":["Strike_G"],"damage_healed":0,"gold_gain":0,"player_choice":"Card Removal","damage_taken":0,"max_hp_gain":0,"max_hp_loss":0,"event_name":"The Cleric","floor":10,"gold_loss":75},{"damage_healed":0,"gold_gain":150,"player_choice":"AGREE","damage_taken":0,"max_hp_gain":0,"max_hp_loss":0,"event_name":"Liars Game","floor":14,"gold_loss":0,"cards_obtained":["Doubt"]}],"is_beta":false,"boss_relics":[],"items_purged_floors":[],"is_endless":false,"potions_floor_spawned":[1,11],"killed_by":"Slime Boss","ascension_level":16}