{"gold_per_floor":[112,62,75,3,22,22,32,67,67,85,85,96,10,0],"floor_reached":14,"playtime":405,"items_purged":[],"score":101,"play_id":"47fb31e6-6c64-44a6-85fb-3626372da3eb","local_time":"20190716210457","is_ascension_mode":true,"campfire_choices":[{"data":"White Noise","floor":6,"key":"SMITH"},{"data":"Beam Cell","floor":11,"key":"SMITH"}],"neow_cost":"NONE","seed_source_timestamp":441721814129860,"circlet_count":0,"master_deck":["Strike_B","Strike_B","Strike_B","Defend_B","Defend_B","Defend_B","Defend_B","Zap","Dualcast","All For One","Ball Lightning","Beam Cell+1","White Noise+1","Gash","Gash","Lockon+1","Flash of Steel+1"],"relics":["Cracked Core","Molten Egg 2","Sundial"],"potions_floor_usage":[8],"damage_taken":[{"damage":0,"enemies":"Small Slimes","floor":1,"turns":3},{"damage":3,"enemies":"2 Louse","floor":3,"turns":2},{"damage":0,"enemies":"Cultist","floor":5,"turns":3},{"damage":3,"enemies":"Exordium Wildlife","floor":7,"turns":3},{"damage":31,"enemies":"Lagavulin","floor":8,"turns":5},{"damage":16,"enemies":"Blue Slaver","floor":10,"turns":3},{"damage":7,"enemies":"2 Fungi Beasts","floor":12,"turns":3},{"damage":17,"enemies":"Exordium Thugs","floor":14,"turns":1}],"seed_played":"-7514708123046233594","potions_obtained":[{"floor":3,"key":"PowerPotion"}],"is_trial":false,"path_per_floor":["M","?","M","$","M","R","M","E","T","M","R","M","$","M"],"character_chosen":"DEFECT","items_purchased":["White Noise","Flash of Steel+1"],"campfire_rested":0,"item_purchase_floors":[4,13],"current_hp_per_floor":[75,75,72,72,72,72,69,38,38,22,22,15,15,0],"gold":0,"neow_bonus":"ONE_RANDOM_RARE_CARD","is_prod":false,"is_daily":false,"chose_seed":false,"campfire_upgraded":2,"win_rate":0,"timestamp":1563325497,"path_taken":["M","?","M","$","M","R","M","E","T","M","R","M","$","M"],"build_version":"2019-07-05","purchased_purges":0,"victory":false,"max_hp_per_floor":[75,75,75,75,75,75,75,75,75,75,75,75,75,75],"card_choices":[{"not_picked":["Redo","Conserve Battery"],"picked":"Ball Lightning","floor":1},{"not_picked":["Streamline","Steam"],"picked":"Beam Cell","floor":3},{"not_picked":["Compile Driver","Force Field"],"picked":"Gash","floor":5},{"not_picked":["Go for the Eyes","Redo"],"picked":"Gash","floor":7},{"not_picked":["Redo","Streamline","Undo"],"picked":"SKIP","floor":8},{"not_picked":["Steam Power","Meteor Strike+1"],"picked":"Lockon+1","floor":10},{"not_picked":["Compile Driver+1","Hologram","Stack"],"picked":"SKIP","floor":12}],"player_experience":176053,"relics_obtained":[{"floor":8,"key":"Molten Egg 2"},{"floor":9,"key":"Sundial"}],"event_choices":[{"cards_removed":["Strike_B"],"damage_healed":0,"gold_gain":0,"player_choice":"Card Removal","damage_taken":0,"max_hp_gain":0,"max_hp_loss":0,"event_name":"The Cleric","floor":2,"gold_loss":50}],"is_beta":false,"boss_relics":[],"items_purged_floors":[],"is_endless":false,"potions_floor_spawned":[3],"killed_by":"Exordium Thugs","ascension_level":2}