{"path_per_floor":["M","M","M","$","?","T","?","M","T","M","R","M","R","M","R","B",null,"M","?","$","M","$","R","M","?","T","M","M","?","M","M","R"],"character_chosen":"IRONCLAD","items_purchased":["Vajra"],"gold_per_floor":[18,29,40,40,40,40,40,53,53,64,64,81,81,93,93,169,169,179,179,30,42,42,42,56,56,56,70,84,84,97,107,107,107],"floor_reached":33,"campfire_rested":2,"playtime":1577,"current_hp_per_floor":[73,72,75,75,72,72,72,64,64,56,56,56,56,51,51,16,60,38,22,22,16,16,40,22,22,22,20,28,28,13,16,41,0],"items_purged":[],"gold":107,"score":413,"play_id":"a9ecdd6d-a2d6-45db-ad48-7d6df1cba520","local_time":"20180330174134","is_prod":false,"is_daily":false,"is_ascension_mode":true,"campfire_upgraded":0,"timestamp":1522424494,"path_taken":["M","?","M","$","?","?","?","M","T","?","R","M","R","M","R","BOSS","M","?","$","M","$","R","M","?","T","M","?","?","M","M","R","BOSS"],"build_version":"2018-03-29v2","purchased_purges":0,"victory":false,"master_deck":["Strike_R","Strike_R","Strike_R","Strike_R","Strike_R","Defend_R","Defend_R","Defend_R","Defend_R","Bash","AscendersBane","Headbutt","Rampage","Seeing Red","Headbutt","Feed","Offering","Immolate","Shrug It Off+1","Inflame"],"max_hp_per_floor":[75,75,75,75,75,75,75,75,75,75,75,75,75,75,75,75,75,78,78,78,81,81,81,81,81,81,81,81,81,81,84,84,84],"relics":["Burning Blood","Charon\u0027s Ashes","Self Forming Clay","Shovel","Bird Faced Urn","Gambling Chip","Question Card","Dead Branch","Nilry\u0027s Codex","Vajra","Shuriken"],"card_choices":[{"not_picked":["Perfected Strike","Thunderclap"],"picked":"Headbutt","floor":1.0},{"not_picked":["Body Slam","Anger"],"picked":"Rampage","floor":2.0},{"not_picked":["Armaments","Perfected Strike"],"picked":"Seeing Red","floor":8.0},{"not_picked":["Pommel Strike","Corruption"],"picked":"Headbutt","floor":12.0},{"not_picked":["Flame Barrier","Havoc","Warcry"],"picked":"Feed","floor":14.0},{"not_picked":["Limit Break","Barricade","Exhume"],"picked":"Offering","floor":16.0},{"not_picked":["Flex","Thunderclap","Iron Wave"],"picked":"Immolate","floor":27},{"not_picked":["Double Tap","Spot Weakness","Sword Boomerang"],"picked":"Shrug It Off","floor":30},{"not_picked":["Spot Weakness","Intimidate","Feel No Pain"],"picked":"Inflame","floor":31}],"player_experience":481036,"potions_floor_usage":[33,33],"damage_taken":[{"damage":1.0,"enemies":"Cultist","floor":1.0,"turns":3.0},{"damage":7.0,"enemies":"2 Louse","floor":2.0,"turns":3.0},{"damage":2.0,"enemies":"Jaw Worm","floor":3.0,"turns":3.0},{"damage":14.0,"enemies":"3 Louse","floor":8.0,"turns":4.0},{"damage":14.0,"enemies":"Exordium Wildlife","floor":10.0,"turns":3.0},{"damage":6.0,"enemies":"Looter","floor":12.0,"turns":3.0},{"damage":11.0,"enemies":"3 Louse","floor":14.0,"turns":3.0},{"damage":41.0,"enemies":"Hexaghost","floor":16.0,"turns":9.0},{"damage":31.0,"enemies":"2 Thieves","floor":18.0,"turns":3.0},{"damage":15.0,"enemies":"Spheric Guardian","floor":21.0,"turns":3.0},{"damage":24,"enemies":"Snecko","floor":24,"turns":5},{"damage":10,"enemies":"Cultist and Chosen","floor":27,"turns":4},{"damage":13,"enemies":"Chosen and Byrds","floor":28,"turns":4},{"damage":23,"enemies":"Snecko","floor":30,"turns":3},{"damage":8,"enemies":"Cultist and Chosen","floor":31,"turns":5},{"damage":45,"enemies":"Champ","floor":33,"turns":7}],"event_choices":[{"event_name":"Scrap Ooze","player_choice":"success","floor":5.0,"damage_taken":3.0},{"event_name":"Liars Game","player_choice":"disagreed","floor":7.0,"damage_taken":0.0},{"event_name":"Cursed Tome","player_choice":"Obtained Book","floor":19.0,"damage_taken":0.0},{"event_name":"Beggar","player_choice":"Ignored","floor":25,"damage_taken":0},{"event_name":"Drug Dealer","player_choice":"Ignored","floor":29,"damage_taken":0}],"boss_relics":[],"potions_floor_spawned":[3,12,27,30,31],"seed_played":"3076354459876344020","killed_by":"Champ","ascension_level":14,"is_trial":false}