{"gold_per_floor":[119,44,55,65,75,75,23,23,23,23,23,23,56,76,76,76],"floor_reached":16,"playtime":446,"items_purged":["Strike_B"],"score":150,"play_id":"5487713d-2547-416c-b80f-00b87c1847d7","local_time":"20180717215102","is_ascension_mode":true,"campfire_choices":[{"data":"Zap","floor":6,"key":"SMITH"},{"data":"Coolheaded","floor":8,"key":"SMITH"},{"data":"Dualcast","floor":11,"key":"SMITH"},{"floor":15,"key":"REST"}],"neow_cost":"NONE","seed_source_timestamp":442273736501661,"circlet_count":0,"master_deck":["Strike_B","Strike_B","Strike_B","Defend_B","Defend_B","Defend_B","Defend_B","Zap+1","Dualcast+1","AscendersBane","Conserve Battery","Loop","Coolheaded+1"],"relics":["Cracked Core","Ancient Tea Set","The Courier","Kunai","Gremlin Horn"],"potions_floor_usage":[13],"damage_taken":[{"damage":5,"enemies":"Small Slimes","floor":1,"turns":3},{"damage":3,"enemies":"2 Louse","floor":3,"turns":3},{"damage":7,"enemies":"Jaw Worm","floor":4,"turns":3},{"damage":5,"enemies":"Blue Slaver","floor":5,"turns":5},{"damage":24,"enemies":"Gremlin Nob","floor":13,"turns":5},{"damage":13,"enemies":"Large Slime","floor":14,"turns":8},{"damage":35,"enemies":"Slime Boss","floor":16,"turns":8}],"seed_played":"3694168794038877332","potions_obtained":[{"floor":3,"key":"FearPotion"},{"floor":5,"key":"Strength Potion"},{"floor":13,"key":"EssenceOfSteel"}],"is_trial":false,"path_per_floor":["M","$","M","M","M","R","$","R","T","?","R","?","E","M","R"],"character_chosen":"DEFECT","items_purchased":["Coolheaded"],"campfire_rested":1,"item_purchase_floors":[7],"current_hp_per_floor":[63,63,60,53,48,48,48,48,48,53,53,41,17,4,28,0],"gold":76,"neow_bonus":"RANDOM_COMMON_RELIC","is_prod":false,"is_daily":false,"chose_seed":false,"campfire_upgraded":3,"win_rate":0,"timestamp":1531857062,"path_taken":["M","$","M","M","M","R","$","R","T","?","R","?","E","M","R","BOSS"],"build_version":"2018-07-12","purchased_purges":1,"victory":false,"max_hp_per_floor":[75,75,75,75,75,75,75,75,75,80,80,80,80,80,80,80],"card_choices":[{"not_picked":["Go for the Eyes","Turbo"],"picked":"Conserve Battery","floor":1},{"not_picked":["Aggregate","Hologram","Doom and Gloom"],"picked":"SKIP","floor":3},{"not_picked":["Hello World","Storm","Streamline"],"picked":"SKIP","floor":4},{"not_picked":["Turbo","Cold Snap"],"picked":"Loop","floor":5},{"not_picked":["Leap","Undo","Sunder"],"picked":"SKIP","floor":13},{"not_picked":["Stack","Meteor Strike","Blizzard"],"picked":"SKIP","floor":14}],"player_experience":583883,"relics_obtained":[{"floor":9,"key":"The Courier"},{"floor":13,"key":"Gremlin Horn"}],"event_choices":[{"event_name":"Big Fish","player_choice":"Donut","floor":10,"damage_taken":0},{"event_name":"Scrap Ooze","player_choice":"success","floor":12,"damage_taken":12}],"boss_relics":[],"items_purged_floors":[2],"is_endless":false,"potions_floor_spawned":[3,5,13],"killed_by":"Slime Boss","ascension_level":10}