{"path_per_floor":["M","M","?","?","?","E","M","R","T","R","E","M","M","M","R","B",null,"M","M","$","M","?","R","M","R","T","E","R","M","R"],"character_chosen":"THE_SILENT","items_purchased":["Meat on the Bone","Noxious Fumes"],"gold_per_floor":[118,137,137,137,212,240,251,251,251,251,283,298,312,332,332,437,437,425,436,47,67,67,67,87,87,87,120,120,132,132],"floor_reached":31,"campfire_rested":4,"playtime":1803,"current_hp_per_floor":[63,63,60,60,49,51,53,53,53,70,36,38,34,33,33,18,57,43,15,15,13,13,34,39,60,60,26,47,31,31],"items_purged":["Defend_G"],"gold":132,"score":423,"play_id":"af6364f6-a6ff-420f-8005-74d34b7939f5","is_prod":false,"is_daily":false,"is_ascension_mode":true,"campfire_upgraded":3,"path_taken":["M","M","?","?","?","E","M","R","T","R","E","M","?","M","R","BOSS","M","M","$","M","?","R","M","R","T","E","R","M","R","M"],"build_version":"2018-02-15-PROD1","purchased_purges":1,"victory":false,"master_deck":["Defend_G","Defend_G","Defend_G","Defend_G","Strike_G","Strike_G","Strike_G","Strike_G","Strike_G","Survivor","Neutralize+1","Cloak And Dagger+1","Dodge and Roll","Quick Slash","Backflip","Die Die Die","Cloak And Dagger","Infinite Blades+1","Noxious Fumes+1","Acrobatics","Dagger Throw","Backflip+1"],"max_hp_per_floor":[70,70,70,70,70,70,70,70,70,70,70,70,70,70,70,70,70,70,70,70,70,70,70,70,70,70,70,70,70,70],"relics":["Ring of the Snake","NeowsBlessing","Blood Vial","Letter Opener","Dodecahedron","Bronze Scales","The Specimen","Meat on the Bone","Frozen Eye","Du-Vu Doll"],"card_choices":[{"not_picked":["Escape Plan","Skewer"],"picked":"Cloak And Dagger"},{"not_picked":["All Out Attack","Acrobatics"],"picked":"Dodge and Roll"},{"not_picked":["Riddle With Holes","All Out Attack"],"picked":"Quick Slash"},{"not_picked":["Quick Slash","Accuracy"],"picked":"Backflip"},{"not_picked":["Tools of the Trade","Phantasmal Killer"],"picked":"Die Die Die"},{"not_picked":["Leg Sweep","Well Laid Plans"],"picked":"Cloak And Dagger"},{"not_picked":["Underhanded Strike","Concentrate"],"picked":"Infinite Blades"},{"not_picked":["Choke","Dodge and Roll"],"picked":"Acrobatics"},{"not_picked":["Dagger Spray","Dash"],"picked":"Dagger Throw"},{"not_picked":["Underhanded Strike","Bane"],"picked":"Backflip"}],"player_experience":336776,"potions_floor_usage":[],"damage_taken":[{"damage":0.0,"enemies":"Small Slimes","floor":1.0,"turns":1.0},{"damage":0.0,"enemies":"Jaw Worm","floor":2.0,"turns":1.0},{"damage":0.0,"enemies":"3 Sentries","floor":6.0,"turns":1.0},{"damage":0.0,"enemies":"Cultist","floor":7.0,"turns":5.0},{"damage":34.0,"enemies":"Lagavulin","floor":11.0,"turns":6.0},{"damage":0.0,"enemies":"2 Fungi Beasts","floor":12.0,"turns":4.0},{"damage":6.0,"enemies":"Large Slime","floor":13.0,"turns":7.0},{"damage":3.0,"enemies":"Looter","floor":14.0,"turns":4.0},{"damage":32.0,"enemies":"Hexaghost","floor":16.0,"turns":11.0},{"damage":16.0,"enemies":"2 Thieves","floor":18.0,"turns":4.0},{"damage":30.0,"enemies":"Shell Parasite","floor":19.0,"turns":8.0},{"damage":28.0,"enemies":"Sentry and Sphere","floor":21.0,"turns":7.0},{"damage":9.0,"enemies":"Snecko","floor":24.0,"turns":6.0},{"damage":48.0,"enemies":"Book of Stabbing","floor":27.0,"turns":7.0},{"damage":30.0,"enemies":"Centurion and Healer","floor":29.0,"turns":7.0},{"damage":42,"enemies":"Cultist and Chosen","floor":31,"turns":5}],"event_choices":[{"event_name":"Scrap Ooze","player_choice":"success","floor":3.0,"damage_taken":3.0},{"event_name":"The Lab","player_choice":"Got Potions","floor":4.0,"damage_taken":0.0},{"event_name":"World of Goop","player_choice":"Gather Gold","floor":5.0,"damage_taken":0.0},{"event_name":"Beggar","player_choice":"Ignored","floor":22.0,"damage_taken":0.0}],"boss_relics":[],"potions_floor_spawned":[6,7,12,13,14,19,27],"seed_played":"-5838028770850152149","killed_by":"Cultist and Chosen","ascension_level":9,"is_trial":false}