{"gold_per_floor":[115,115,130,205,130,130,140,140,140,65,65,84,103,130,130,201,201,213,213,168],"floor_reached":20,"playtime":764,"items_purged":["Strike_R"],"score":335,"play_id":"c2e0de52-1032-4b10-a66b-eeb1fd069dd4","local_time":"20190205144621","is_ascension_mode":true,"campfire_choices":[{"data":"Body Slam","floor":6.0,"key":"SMITH"},{"data":"Bash","floor":8.0,"key":"SMITH"},{"data":"Disarm","floor":15,"key":"SMITH"}],"neow_cost":"NONE","seed_source_timestamp":0,"circlet_count":0,"master_deck":["AscendersBane","Defend_R","Defend_R","Defend_R","Defend_R","Bash+1","Body Slam+1","Pommel Strike","Disarm+1","Ghostly Armor","Warcry+1","Exhume+1","Bite","Bite","Bite","Bite","Bite"],"special_seed":0,"relics":["Burning Blood","Singing Bowl","Toxic Egg 2","Philosopher\u0027s Stone"],"potions_floor_usage":[],"damage_taken":[{"damage":6.0,"enemies":"2 Louse","floor":1.0,"turns":3.0},{"damage":5.0,"enemies":"Cultist","floor":3.0,"turns":4.0},{"damage":3.0,"enemies":"Small Slimes","floor":7.0,"turns":4.0},{"damage":4.0,"enemies":"2 Fungi Beasts","floor":12.0,"turns":4.0},{"damage":8.0,"enemies":"3 Louse","floor":13.0,"turns":5.0},{"damage":21,"enemies":"Gremlin Nob","floor":14,"turns":5},{"damage":40,"enemies":"The Guardian","floor":16,"turns":18},{"damage":57,"enemies":"Spheric Guardian","floor":18,"turns":10},{"damage":26,"enemies":"2 Thieves","floor":20,"turns":2}],"seed_played":"3344652268545570459","potions_obtained":[{"floor":7.0,"key":"GamblersBrew"},{"floor":16,"key":"SkillPotion"}],"is_trial":false,"path_per_floor":["M","?","M","?","?","R","M","R","T","$","?","M","M","E","R","B",null,"M","?","M"],"character_chosen":"IRONCLAD","items_purchased":[],"campfire_rested":0,"item_purchase_floors":[],"current_hp_per_floor":[68,68,69,58,58,58,61,61,61,61,66,68,68,53,53,19,66,17,17,0],"gold":168,"neow_bonus":"REMOVE_CARD","is_prod":false,"is_daily":false,"chose_seed":false,"campfire_upgraded":3,"win_rate":0,"timestamp":1549374381,"path_taken":["M","?","?","?","?","R","M","R","T","$","?","M","M","E","R","BOSS","M","?","M"],"build_version":"2019-01-23","purchased_purges":1,"victory":false,"max_hp_per_floor":[75,75,75,75,75,75,75,75,75,75,80,80,82,82,82,82,82,84,58,58],"card_choices":[{"not_picked":["Heavy Blade","Pummel"],"picked":"Body Slam","floor":1.0},{"not_picked":["Perfected Strike","Armaments"],"picked":"Pommel Strike","floor":3.0},{"not_picked":["Body Slam","Wild Strike"],"picked":"Disarm","floor":7.0},{"not_picked":["Burning Pact","Metallicize"],"picked":"Ghostly Armor","floor":12.0},{"not_picked":["True Grit","Flex","Combust"],"picked":"Singing Bowl","floor":13.0},{"not_picked":["Burning Pact","Clash"],"picked":"Warcry","floor":14},{"not_picked":["Fiend Fire","Juggernaut"],"picked":"Exhume+1","floor":16},{"not_picked":["Armaments+1","Cleave","Heavy Blade"],"picked":"Singing Bowl","floor":18}],"player_experience":782877,"relics_obtained":[{"floor":9.0,"key":"Singing Bowl"},{"floor":14,"key":"Toxic Egg 2"}],"event_choices":[{"cards_removed":["Strike_R"],"damage_healed":0.0,"max_hp_gain":0.0,"max_hp_loss":0.0,"gold_gain":0.0,"event_name":"Purifier","player_choice":"Purged","floor":2.0,"gold_loss":0.0,"damage_taken":0.0},{"damage_healed":0.0,"max_hp_gain":0.0,"max_hp_loss":0.0,"gold_gain":75.0,"event_name":"World of Goop","player_choice":"Gather Gold","floor":4.0,"gold_loss":0.0,"damage_taken":11.0},{"cards_removed":["Strike_R"],"damage_healed":0.0,"max_hp_gain":0.0,"max_hp_loss":0.0,"gold_gain":0.0,"event_name":"The Cleric","player_choice":"Card Removal","floor":5.0,"gold_loss":75.0,"damage_taken":0.0},{"damage_healed":0.0,"max_hp_gain":5.0,"max_hp_loss":0.0,"gold_gain":0.0,"event_name":"Big Fish","player_choice":"Donut","floor":11.0,"gold_loss":0.0,"damage_taken":0.0},{"damage_healed":0,"gold_gain":0,"player_choice":"Became a vampire","damage_taken":0,"max_hp_gain":0,"max_hp_loss":26,"event_name":"Vampires","floor":19,"gold_loss":0,"cards_obtained":["Bite","Bite","Bite","Bite","Bite"]}],"is_beta":false,"boss_relics":[{"not_picked":["Busted Crown","Runic Pyramid"],"picked":"Philosopher\u0027s Stone"}],"items_purged_floors":[10],"is_endless":false,"potions_floor_spawned":[7,16],"killed_by":"2 Thieves","ascension_level":16}