{"path_per_floor":["M","M","M","M","?","E","R","?","T","$","M","R","?","M","R","B",null,"M","$","?"],"character_chosen":"DEFECT","items_purchased":["Pantograph","Auto Shields"],"gold_per_floor":[116,129,146,157,232,264,264,264,310,67,87,87,87,106,106,207,207,224,70,70,10],"floor_reached":21,"campfire_rested":1,"playtime":826,"current_hp_per_floor":[72,71,65,51,40,9,31,36,36,36,26,26,26,13,13,26,80,28,28,28,0],"items_purged":["Strike_B"],"gold":10,"score":179,"play_id":"86da2666-3b9d-4296-a2c1-5638c9b67f51","local_time":"20180501103531","is_prod":false,"is_daily":false,"chose_seed":false,"is_ascension_mode":false,"campfire_upgraded":2,"timestamp":1525163731,"path_taken":["M","M","M","M","?","E","R","?","T","$","M","R","?","M","R","BOSS","M","$","?","M"],"build_version":"2018-04-30","seed_source_timestamp":523855318466311,"purchased_purges":1,"victory":false,"master_deck":["Strike_B","Strike_B","Strike_B","Defend_B","Defend_B","Defend_B","Defend_B","Zap+1","Dualcast","Echo Form","Go for the Eyes","Capacitor","Defragment+1","Capacitor","Lockon","Barrage","Prime","Static Discharge+1","Auto Shields"],"max_hp_per_floor":[75,75,75,75,75,75,75,80,80,80,80,80,80,80,80,80,80,80,80,80,80],"relics":["Cracked Core","Toolbox","Juzu Bracelet","Pantograph","Eternal Feather"],"card_choices":[{"not_picked":["Doom and Gloom","Leap"],"picked":"Go for the Eyes","floor":1.0},{"not_picked":["Coolheaded","Skim"],"picked":"Capacitor","floor":2.0},{"not_picked":["Leap","Rebound"],"picked":"Defragment","floor":3.0},{"not_picked":["Axe Kick","Skim"],"picked":"Capacitor","floor":4.0},{"not_picked":["Go for the Eyes","Capacitor"],"picked":"Lockon","floor":6.0},{"not_picked":["Fission","Capacitor"],"picked":"Barrage","floor":11.0},{"not_picked":["Rainbow","Fission"],"picked":"Prime","floor":16.0},{"not_picked":["Genetic Algorithm","Double Energy"],"picked":"Static Discharge","floor":18}],"player_experience":556187,"potions_floor_usage":[],"damage_taken":[{"damage":3.0,"enemies":"Small Slimes","floor":1.0,"turns":2.0},{"damage":1.0,"enemies":"Cultist","floor":2.0,"turns":3.0},{"damage":6.0,"enemies":"Jaw Worm","floor":3.0,"turns":3.0},{"damage":14.0,"enemies":"Blue Slaver","floor":4.0,"turns":4.0},{"damage":31.0,"enemies":"Gremlin Nob","floor":6.0,"turns":5.0},{"damage":10.0,"enemies":"Looter","floor":11.0,"turns":4.0},{"damage":13.0,"enemies":"3 Louse","floor":14.0,"turns":4.0},{"damage":31.0,"enemies":"The Guardian","floor":16.0,"turns":8.0},{"damage":52,"enemies":"3 Byrds","floor":18,"turns":5},{"damage":35,"enemies":"2 Thieves","floor":21,"turns":2}],"event_choices":[{"event_name":"World of Goop","player_choice":"Gather Gold","floor":5.0,"damage_taken":0.0},{"event_name":"Big Fish","player_choice":"Donut","floor":8.0,"damage_taken":0.0},{"event_name":"The Woman in Blue","player_choice":"Bought 0 Potions","floor":13.0,"damage_taken":0.0},{"event_name":"Vampires","player_choice":"Ignored","floor":20,"damage_taken":0}],"boss_relics":[],"potions_floor_spawned":[1,3,6,14,18],"seed_played":"-4548032071086118097","killed_by":"2 Thieves","ascension_level":0,"is_trial":false}