{"gold_per_floor":[117,134,147,20,36,62,62,76,76,76,101,54,66,66,66,66],"floor_reached":16,"playtime":705,"items_purged":[],"score":118,"play_id":"2a65eecb-2666-4e2c-982a-6dab3feeef67","local_time":"20190716180715","daily_mods":["SealedDeck","Heirloom"],"is_ascension_mode":true,"campfire_choices":[{"data":"Corruption","floor":7,"key":"SMITH"},{"data":"Armaments","floor":15,"key":"SMITH"}],"neow_cost":"","seed_source_timestamp":450709607546024,"circlet_count":0,"master_deck":["Uppercut","Second Wind","Entrench","Corruption+1","Sentinel","Dropkick","Dropkick","Armaments","Armaments+1","Thunderclap","Entrench","Sentinel","Fire Breathing","Spot Weakness","Thunderclap+1","Dropkick","Iron Wave","Second Wind","Dark Embrace","Thunderclap","Armaments"],"relics":["Burning Blood","Champion Belt","Oddly Smooth Stone","Bottled Flame","Blood Vial"],"potions_floor_usage":[11],"damage_taken":[{"damage":0,"enemies":"Jaw Worm","floor":1,"turns":3},{"damage":1,"enemies":"Cultist","floor":2,"turns":4},{"damage":2,"enemies":"Small Slimes","floor":3,"turns":5},{"damage":7,"enemies":"2 Fungi Beasts","floor":5,"turns":3},{"damage":28,"enemies":"Gremlin Nob","floor":6,"turns":5},{"damage":10,"enemies":"Exordium Wildlife","floor":8,"turns":5},{"damage":9,"enemies":"3 Sentries","floor":11,"turns":5},{"damage":12,"enemies":"Exordium Thugs","floor":13,"turns":5},{"damage":49,"enemies":"Slime Boss","floor":16,"turns":6}],"seed_played":"-5316131286588726553","potions_obtained":[{"floor":6,"key":"FearPotion"},{"floor":8,"key":"Block Potion"},{"floor":11,"key":"AttackPotion"},{"floor":13,"key":"LiquidBronze"}],"is_trial":true,"path_per_floor":["M","M","M","$","M","E","R","M","T","?","E","$","M","$","R","B"],"character_chosen":"IRONCLAD","items_purchased":["Spot Weakness","Thunderclap","Thunderclap"],"campfire_rested":0,"item_purchase_floors":[4,4,12],"current_hp_per_floor":[80,80,80,80,79,57,57,53,53,53,50,50,46,46,46,0],"gold":66,"neow_bonus":"","is_prod":false,"is_daily":false,"chose_seed":false,"campfire_upgraded":2,"win_rate":0,"timestamp":1563318435,"path_taken":["M","M","M","$","M","E","R","M","T","?","E","$","M","$","R","BOSS"],"build_version":"2019-07-05","purchased_purges":0,"victory":false,"max_hp_per_floor":[80,80,80,80,80,80,80,80,80,80,80,80,80,80,80,80],"card_choices":[{"not_picked":["Cleave","Pummel"],"picked":"Entrench","floor":1},{"not_picked":["Havoc","Battle Trance"],"picked":"Sentinel","floor":2},{"not_picked":["Pummel","Clothesline"],"picked":"Fire Breathing","floor":3},{"not_picked":["Body Slam","Iron Wave"],"picked":"Dropkick","floor":5},{"not_picked":["Shrug It Off","Searing Blow"],"picked":"Iron Wave","floor":6},{"not_picked":["Flex","Headbutt"],"picked":"Second Wind","floor":8},{"not_picked":["Fire Breathing","Heavy Blade"],"picked":"Dark Embrace","floor":11},{"not_picked":["Heavy Blade","Twin Strike"],"picked":"Armaments","floor":13}],"player_experience":96976,"relics_obtained":[{"floor":6,"key":"Oddly Smooth Stone"},{"floor":9,"key":"Bottled Flame"},{"floor":11,"key":"Blood Vial"}],"event_choices":[{"damage_healed":0,"gold_gain":0,"player_choice":"Upgraded","damage_taken":0,"max_hp_gain":0,"max_hp_loss":0,"event_name":"Upgrade Shrine","floor":10,"gold_loss":0,"cards_upgraded":["Thunderclap"]}],"is_beta":false,"boss_relics":[],"items_purged_floors":[],"is_endless":true,"potions_floor_spawned":[6,8,11,13],"killed_by":"Slime Boss","ascension_level":1}