{"gold_per_floor":[118,193,193,46,65,65,83,60,87,87,103,103,129,129,129,233,233,247,267,283,283],"floor_reached":21,"playtime":1381,"items_purged":["Strike_G"],"score":188,"play_id":"883a037a-9bfe-4b26-afe3-84460f9e1aa1","local_time":"20190110173815","is_ascension_mode":true,"campfire_choices":[{"data":"Acrobatics","floor":6.0,"key":"SMITH"},{"data":"Well Laid Plans","floor":12.0,"key":"SMITH"},{"data":"Prepared","floor":15.0,"key":"SMITH"}],"neow_cost":"NONE","seed_source_timestamp":311676091445611,"circlet_count":0,"master_deck":["Defend_G","Defend_G+1","Defend_G","Defend_G","Defend_G","Strike_G","Strike_G","Strike_G","Strike_G","Survivor","Neutralize+1","Blur+1","Well Laid Plans+1","Acrobatics+1","Slice","Flying Knee","Prepared+1","After Image","Prepared+1","Slice"],"special_seed":0,"relics":["Ring of the Snake","Omamori","Bottled Flame","Cursed Key"],"potions_floor_usage":[],"damage_taken":[{"damage":0.0,"enemies":"Jaw Worm","floor":1.0,"turns":4.0},{"damage":0.0,"enemies":"2 Louse","floor":5.0,"turns":4.0},{"damage":0.0,"enemies":"Small Slimes","floor":7.0,"turns":6.0},{"damage":0.0,"enemies":"Exordium Wildlife","floor":11.0,"turns":6.0},{"damage":14.0,"enemies":"3 Sentries","floor":13.0,"turns":14.0},{"damage":16.0,"enemies":"The Guardian","floor":16.0,"turns":19.0},{"damage":0.0,"enemies":"3 Byrds","floor":18.0,"turns":8.0},{"damage":0.0,"enemies":"Chosen","floor":19.0,"turns":9.0},{"damage":0,"enemies":"Snake Plant","floor":20,"turns":9},{"damage":8,"enemies":"3 Cultists","floor":21,"turns":5}],"seed_played":"-2488518082339543330","potions_obtained":[{"floor":7.0,"key":"EntropicBrew"},{"floor":11.0,"key":"Weak Potion"}],"is_trial":false,"path_per_floor":["M","?","?","$","M","R","M","$","T","T","M","R","E","?","R","B",null,"M","M","M","M"],"character_chosen":"THE_SILENT","items_purchased":["Well Laid Plans","Flying Knee"],"campfire_rested":0,"item_purchase_floors":[4,8],"current_hp_per_floor":[70,59,45,45,45,45,45,45,45,45,45,45,31,31,31,15,70,70,70,70,62],"gold":283,"neow_bonus":"UPGRADE_CARD","is_prod":false,"is_daily":false,"chose_seed":false,"campfire_upgraded":3,"win_rate":0,"timestamp":1547138295,"path_taken":["M","?","?","$","M","R","M","?","T","?","?","R","E","?","R","BOSS","M","M","?","M"],"build_version":"2019-01-03v4","purchased_purges":1,"victory":false,"max_hp_per_floor":[70,70,70,70,70,70,70,70,70,70,70,70,70,70,70,70,70,70,70,70,70],"card_choices":[{"not_picked":["Deflect","Dagger Throw"],"picked":"Blur","floor":1.0},{"not_picked":["Quick Slash","Bane"],"picked":"Acrobatics","floor":5.0},{"not_picked":["Sucker Punch","Backflip"],"picked":"Slice","floor":7.0},{"not_picked":["Concentrate","Dash"],"picked":"Prepared","floor":11.0},{"not_picked":["Crippling Poison","Outmaneuver","Bullet Time"],"picked":"SKIP","floor":13.0},{"not_picked":["Phantasmal Killer","Malaise"],"picked":"After Image","floor":16.0},{"not_picked":["Flying Knee+1","PiercingWail"],"picked":"Prepared+1","floor":18.0},{"not_picked":["Poisoned Stab+1","Deflect"],"picked":"Slice","floor":19.0},{"not_picked":["Deadly Poison","Poisoned Stab","Riddle With Holes"],"picked":"SKIP","floor":20}],"player_experience":679763,"relics_obtained":[{"floor":10.0,"key":"Omamori"},{"floor":13.0,"key":"Bottled Flame"}],"event_choices":[{"damage_healed":0.0,"max_hp_gain":0.0,"max_hp_loss":0.0,"gold_gain":75.0,"event_name":"World of Goop","player_choice":"Gather Gold","floor":2.0,"gold_loss":0.0,"damage_taken":11.0},{"damage_healed":0.0,"max_hp_gain":0.0,"max_hp_loss":0.0,"gold_gain":0.0,"event_name":"Shining Light","player_choice":"Entered Light","floor":3.0,"gold_loss":0.0,"damage_taken":14.0,"cards_upgraded":["Defend_G","Blur"]},{"damage_healed":0.0,"max_hp_gain":0.0,"max_hp_loss":0.0,"gold_gain":0.0,"event_name":"The Woman in Blue","player_choice":"Bought 0 Potions","floor":14.0,"gold_loss":0.0,"damage_taken":0.0}],"is_beta":false,"boss_relics":[{"not_picked":["Tiny House","Pandora\u0027s Box"],"picked":"Cursed Key"}],"items_purged_floors":[4],"is_endless":false,"potions_floor_spawned":[7,11],"killed_by":"3 Cultists","ascension_level":1}