{"gold_per_floor":[115,130,130,143,143,171,182,197,197,197,122,122,134,153,153,230,230,241,241,251,251,269,269,269],"floor_reached":24,"playtime":1105,"items_purged":["Strike_R"],"score":400,"play_id":"87860e9c-f62c-4c0c-857d-54da489c4f39","local_time":"20190730181839","is_ascension_mode":true,"campfire_choices":[{"data":"Bash","floor":10.0,"key":"SMITH"},{"data":"Pommel Strike","floor":12.0,"key":"SMITH"},{"data":"Shrug It Off","floor":15.0,"key":"SMITH"}],"neow_cost":"NONE","seed_source_timestamp":62612922494800,"circlet_count":0,"master_deck":["AscendersBane","Strike_R","Strike_R","Strike_R","Strike_R","Defend_R","Defend_R","Defend_R+1","Defend_R","Bash+1","Twin Strike","Pommel Strike+1","Immolate","Armaments+1","Shrug It Off+1","Battle Trance","Offering","Warcry+1","J.A.X.","Shockwave","Decay","Corruption"],"special_seed":0,"relics":["Black Blood","Pantograph","Art of War","War Paint","Nloth\u0027s Gift"],"potions_floor_usage":[20,24],"damage_taken":[{"damage":13.0,"enemies":"Jaw Worm","floor":1.0,"turns":3.0},{"damage":6.0,"enemies":"Cultist","floor":2.0,"turns":3.0},{"damage":9.0,"enemies":"2 Louse","floor":4.0,"turns":2.0},{"damage":40.0,"enemies":"Lagavulin","floor":6.0,"turns":5.0},{"damage":20.0,"enemies":"Large Slime","floor":7.0,"turns":6.0},{"damage":0.0,"enemies":"Gremlin Gang","floor":8.0,"turns":1.0},{"damage":3.0,"enemies":"Lots of Slimes","floor":13.0,"turns":2.0},{"damage":5.0,"enemies":"Red Slaver","floor":14.0,"turns":2.0},{"damage":61,"enemies":"The Guardian","floor":16,"turns":13},{"damage":22,"enemies":"2 Thieves","floor":18,"turns":2},{"damage":31,"enemies":"Spheric Guardian","floor":20,"turns":4},{"damage":26,"enemies":"Cultist and Chosen","floor":22,"turns":6},{"damage":27,"enemies":"Sentry and Sphere","floor":24,"turns":3}],"seed_played":"8932466743349882388","potions_obtained":[{"floor":2.0,"key":"Poison Potion"},{"floor":4.0,"key":"GamblersBrew"},{"floor":7.0,"key":"FearPotion"},{"floor":18,"key":"Fruit Juice"},{"floor":22,"key":"PowerPotion"}],"is_trial":false,"path_per_floor":["M","M","?","M","?","E","M","M","T","R","$","R","M","M","R","B",null,"M","?","M","?","M","?","M"],"character_chosen":"IRONCLAD","items_purchased":[],"campfire_rested":0,"item_purchase_floors":[],"current_hp_per_floor":[61,61,35,32,85,51,37,43,43,43,43,43,46,47,47,17,68,56,56,40,40,24,24,0],"gold":269,"neow_bonus":"RANDOM_COMMON_RELIC","is_prod":false,"is_daily":false,"chose_seed":false,"campfire_upgraded":3,"win_rate":0,"timestamp":1564535919,"path_taken":["M","M","?","M","?","E","?","M","T","R","$","R","M","M","R","BOSS","M","?","M","?","M","?","?"],"build_version":"2019-07-18","purchased_purges":1,"victory":false,"max_hp_per_floor":[75,75,75,75,85,85,85,85,85,85,85,85,85,85,85,85,85,85,85,90,90,90,90,90],"card_choices":[{"not_picked":["Disarm","Rupture"],"picked":"Twin Strike","floor":1.0},{"not_picked":["Body Slam","Heavy Blade"],"picked":"Pommel Strike","floor":2.0},{"not_picked":["Armaments","Heavy Blade"],"picked":"Offering","floor":4.0},{"not_picked":["Entrench","Heavy Blade"],"picked":"Immolate","floor":6.0},{"not_picked":["Rampage","Perfected Strike"],"picked":"Armaments","floor":7.0},{"not_picked":["Cleave","Entrench"],"picked":"Shrug It Off","floor":8.0},{"not_picked":["Anger","Searing Blow","Evolve"],"picked":"SKIP","floor":13.0},{"not_picked":["Armaments","Dark Embrace"],"picked":"Battle Trance","floor":14.0},{"not_picked":["Brutality","Dark Embrace"],"picked":"Offering","floor":16},{"not_picked":["Power Through","Armaments"],"picked":"Warcry+1","floor":18},{"not_picked":["Seeing Red","Inflame"],"picked":"Shockwave","floor":20},{"not_picked":["Pommel Strike","Sentinel"],"picked":"Corruption","floor":22}],"player_experience":261233,"relics_obtained":[{"floor":6.0,"key":"Art of War"},{"floor":9.0,"key":"War Paint"}],"event_choices":[{"damage_healed":0.0,"max_hp_gain":0.0,"max_hp_loss":0.0,"gold_gain":0.0,"event_name":"Scrap Ooze","player_choice":"Success","floor":3.0,"gold_loss":0.0,"damage_taken":26.0,"relics_obtained":["Pantograph"]},{"cards_removed":["Offering"],"damage_healed":43.0,"max_hp_gain":10.0,"max_hp_loss":0.0,"gold_gain":0.0,"event_name":"Bonfire Elementals","player_choice":"Offered Rare","floor":5.0,"gold_loss":0.0,"damage_taken":0.0},{"damage_healed":0,"gold_gain":0,"player_choice":"Obtain J.A.X.","damage_taken":0,"max_hp_gain":0,"max_hp_loss":0,"event_name":"Drug Dealer","floor":19,"gold_loss":0,"cards_obtained":["J.A.X."]},{"damage_healed":0,"gold_gain":0,"player_choice":"Smashed Altar","damage_taken":0,"max_hp_gain":0,"max_hp_loss":0,"event_name":"Forgotten Altar","floor":21,"gold_loss":0,"cards_obtained":["Decay"]},{"damage_healed":0,"gold_gain":0,"player_choice":"Traded Relic","damage_taken":0,"relics_obtained":["Nloth\u0027s Gift"],"max_hp_gain":0,"max_hp_loss":0,"event_name":"N\u0027loth","floor":23,"relics_lost":["Oddly Smooth Stone"],"gold_loss":0}],"is_beta":true,"boss_relics":[{"not_picked":["Eternal Feather","Busted Crown"],"picked":"Black Blood"}],"items_purged_floors":[11],"is_endless":false,"potions_floor_spawned":[2,4,7,8,18,22],"killed_by":"Sentry and Sphere","ascension_level":20}