{"gold_per_floor":[20,33,47,59,72,97,107,140,163,163,163,238,238,238],"floor_reached":14,"playtime":631,"items_purged":[],"score":107,"play_id":"9e1bdc74-3a34-41e9-baf9-52a3570c5ddc","local_time":"20190716152513","is_ascension_mode":true,"campfire_choices":[{"floor":10,"key":"REST"}],"neow_cost":"NO_GOLD","seed_source_timestamp":421112903480476,"circlet_count":0,"master_deck":["Strike_B","Strike_B","Strike_B","Defend_B","Defend_B","Defend_B","Defend_B","Zap","Dualcast","Reinforced Body","Gash","Electrodynamics","Redo","Leap","Multi-Cast","Turbo"],"relics":["Cracked Core","Unceasing Top","Bag of Marbles","Letter Opener","Dream Catcher","Golden Idol"],"potions_floor_usage":[8,8],"damage_taken":[{"damage":1,"enemies":"Cultist","floor":1,"turns":3},{"damage":2,"enemies":"2 Louse","floor":2,"turns":2},{"damage":2,"enemies":"Jaw Worm","floor":3,"turns":5},{"damage":3,"enemies":"2 Fungi Beasts","floor":4,"turns":4},{"damage":5,"enemies":"Exordium Thugs","floor":5,"turns":4},{"damage":18,"enemies":"Lagavulin","floor":6,"turns":6},{"damage":0,"enemies":"3 Louse","floor":7,"turns":4},{"damage":28,"enemies":"Gremlin Nob","floor":8,"turns":6},{"damage":31,"enemies":"Lagavulin","floor":14,"turns":7}],"seed_played":"2543476093765091455","potions_obtained":[{"floor":3,"key":"SkillPotion"},{"floor":6,"key":"SpeedPotion"}],"is_trial":false,"path_per_floor":["M","M","M","M","M","E","M","E","T","R","?","?","?","E"],"character_chosen":"DEFECT","items_purchased":[],"campfire_rested":1,"item_purchase_floors":[],"current_hp_per_floor":[74,72,70,67,62,44,44,16,16,38,38,27,27,0],"gold":238,"neow_bonus":"ONE_RARE_RELIC","is_prod":false,"is_daily":false,"chose_seed":false,"campfire_upgraded":0,"win_rate":0,"timestamp":1563305113,"path_taken":["M","M","M","?","M","E","?","E","T","R","?","?","?","E"],"build_version":"2019-07-05","purchased_purges":0,"victory":false,"max_hp_per_floor":[75,75,75,75,75,75,75,75,75,75,69,69,69,69],"card_choices":[{"not_picked":["Cold Snap","Force Field"],"picked":"Reinforced Body","floor":1},{"not_picked":["Steam","Cold Snap","Beam Cell"],"picked":"SKIP","floor":2},{"not_picked":["Rip and Tear","Stack"],"picked":"Gash","floor":3},{"not_picked":["Loop","Leap"],"picked":"Electrodynamics","floor":4},{"not_picked":["Sunder","Doom and Gloom"],"picked":"Redo","floor":5},{"not_picked":["Compile Driver","Doom and Gloom"],"picked":"Leap","floor":6},{"not_picked":["Beam Cell","Stack","Turbo"],"picked":"SKIP","floor":7},{"not_picked":["Coolheaded","White Noise","Darkness"],"picked":"SKIP","floor":8},{"not_picked":["Steam Power","Static Discharge"],"picked":"Multi-Cast","floor":10}],"player_experience":156940,"relics_obtained":[{"floor":6,"key":"Bag of Marbles"},{"floor":8,"key":"Letter Opener"},{"floor":9,"key":"Dream Catcher"}],"event_choices":[{"damage_healed":0,"gold_gain":0,"player_choice":"Lose Max HP","damage_taken":0,"relics_obtained":["Golden Idol"],"max_hp_gain":0,"max_hp_loss":6,"event_name":"Golden Idol","floor":11,"gold_loss":0},{"damage_healed":0,"gold_gain":75,"player_choice":"Gather Gold","damage_taken":11,"max_hp_gain":0,"max_hp_loss":0,"event_name":"World of Goop","floor":12,"gold_loss":0},{"damage_healed":0,"gold_gain":0,"cards_transformed":["Strike_B"],"player_choice":"Transformed","damage_taken":0,"max_hp_gain":0,"max_hp_loss":0,"event_name":"Transmorgrifier","floor":13,"gold_loss":0,"cards_obtained":["Turbo"]}],"is_beta":false,"boss_relics":[],"items_purged_floors":[],"is_endless":false,"potions_floor_spawned":[3,4,6],"killed_by":"Lagavulin","ascension_level":1}