{"gold_per_floor":[111,111,136,159,178,178,22,22,76,91,91,91,91,54,54,54],"floor_reached":16,"playtime":358,"items_purged":[],"score":158,"play_id":"bbb34ff2-fb67-4a57-8d99-226fa80c14ef","local_time":"20190113165038","is_ascension_mode":true,"campfire_choices":[{"data":"Zap","floor":6.0,"key":"SMITH"},{"data":"Dualcast","floor":8.0,"key":"SMITH"},{"data":"FTL","floor":11,"key":"SMITH"},{"data":"Defragment","floor":15,"key":"SMITH"}],"neow_cost":"NONE","seed_source_timestamp":520371076173073,"circlet_count":0,"master_deck":["AscendersBane","Strike_B","Strike_B","Strike_B","Strike_B","Defend_B","Defend_B","Defend_B","Defend_B","Zap+1","Dualcast+1","Streamline","Melter","Steam","FTL+1","Conserve Battery","Defragment+1"],"special_seed":0,"relics":["Cracked Core","NeowsBlessing","Golden Idol","PreservedInsect","Juzu Bracelet","Dodecahedron"],"potions_floor_usage":[16],"damage_taken":[{"damage":0.0,"enemies":"Jaw Worm","floor":1.0,"turns":1.0},{"damage":0.0,"enemies":"Small Slimes","floor":3.0,"turns":1.0},{"damage":0.0,"enemies":"Cultist","floor":4.0,"turns":1.0},{"damage":6.0,"enemies":"Exordium Thugs","floor":5.0,"turns":4.0},{"damage":8,"enemies":"3 Louse","floor":10,"turns":3},{"damage":35,"enemies":"The Guardian","floor":16,"turns":9}],"seed_played":"-6891602004796731889","potions_obtained":[{"floor":1.0,"key":"GamblersBrew"},{"floor":3.0,"key":"FocusPotion"}],"is_trial":false,"path_per_floor":["M","?","M","M","M","R","$","R","T","M","R","?","T","$","R","B"],"character_chosen":"DEFECT","items_purchased":["PreservedInsect","Defragment"],"campfire_rested":0,"item_purchase_floors":[7,14],"current_hp_per_floor":[64,40,40,40,34,34,34,34,34,26,26,31,31,31,31,0],"gold":54,"neow_bonus":"THREE_ENEMY_KILL","is_prod":false,"is_daily":false,"chose_seed":false,"campfire_upgraded":4,"win_rate":0,"timestamp":1547394638,"path_taken":["M","?","M","M","M","R","$","R","T","M","R","?","?","?","R","BOSS"],"build_version":"2019-01-10","purchased_purges":0,"victory":false,"max_hp_per_floor":[71,71,71,71,71,71,71,71,71,71,71,76,76,76,76,76],"card_choices":[{"not_picked":["Go for the Eyes","Stack"],"picked":"Streamline","floor":1.0},{"not_picked":["Hologram","Steam"],"picked":"Melter","floor":3.0},{"not_picked":["Fission","Turbo"],"picked":"Steam","floor":4.0},{"not_picked":["Barrage","Chaos"],"picked":"FTL","floor":5.0},{"not_picked":["Auto Shields","Turbo"],"picked":"Conserve Battery","floor":10}],"player_experience":725202,"relics_obtained":[{"floor":9.0,"key":"Juzu Bracelet"},{"floor":13,"key":"Dodecahedron"}],"event_choices":[{"damage_healed":0.0,"max_hp_gain":0.0,"max_hp_loss":0.0,"gold_gain":0.0,"event_name":"Golden Idol","player_choice":"Take Damage","floor":2.0,"gold_loss":0.0,"damage_taken":24.0,"relics_obtained":["Golden Idol"]},{"damage_healed":0,"gold_gain":0,"player_choice":"Donut","damage_taken":0,"max_hp_gain":5,"max_hp_loss":0,"event_name":"Big Fish","floor":12,"gold_loss":0}],"is_beta":false,"boss_relics":[],"items_purged_floors":[],"is_endless":false,"potions_floor_spawned":[1,3],"killed_by":"The Guardian","ascension_level":15}