{"gold_per_floor":[116,78,78,96,20,20,46,46,93,106,118,58,76,88,88,193,193,211,211,211,9,9,9,44,59,59,79,98,98,114,125,125,125],"floor_reached":33,"playtime":1578,"items_purged":["Strike_B","Strike_B"],"score":282,"play_id":"777f391f-6320-44c2-838f-67d6bed4bc14","local_time":"20190702231916","is_ascension_mode":true,"campfire_choices":[{"data":"Capacitor","floor":6,"key":"SMITH"},{"data":"Ball Lightning","floor":8,"key":"SMITH"},{"data":"Static Discharge","floor":15,"key":"SMITH"},{"floor":23,"key":"RECALL"},{"floor":29,"key":"REST"},{"floor":32,"key":"REST"}],"neow_cost":"NONE","seed_source_timestamp":1661669976922070,"circlet_count":0,"master_deck":["Strike_B","Strike_B","Defend_B","Defend_B","Defend_B","Defend_B","Zap","Dualcast","Leap","Defragment+1","Capacitor+1","Ball Lightning+1","Static Discharge+1","Skim","Thunder Strike","Multi-Cast"],"relics":["Cracked Core","The Courier","Vajra","Velvet Choker","Happy Flower","Bird Faced Urn","Calipers","DataDisk"],"potions_floor_usage":[7,16,18,18,27,30,31,33],"damage_taken":[{"damage":2,"enemies":"Jaw Worm","floor":1,"turns":4},{"damage":0,"enemies":"Cultist","floor":4,"turns":4},{"damage":13,"enemies":"Gremlin Nob","floor":7,"turns":4},{"damage":10,"enemies":"2 Louse","floor":10,"turns":3},{"damage":6,"enemies":"Large Slime","floor":11,"turns":5},{"damage":6,"enemies":"Looter","floor":13,"turns":2},{"damage":9,"enemies":"Exordium Thugs","floor":14,"turns":4},{"damage":27,"enemies":"Slime Boss","floor":16,"turns":6},{"damage":15,"enemies":"2 Thieves","floor":18,"turns":4},{"damage":33,"enemies":"Book of Stabbing","floor":24,"turns":5},{"damage":12,"enemies":"Shell Parasite","floor":25,"turns":4},{"damage":0,"enemies":"Snecko","floor":27,"turns":4},{"damage":19,"enemies":"Shelled Parasite and Fungi","floor":28,"turns":3},{"damage":27,"enemies":"Snake Plant","floor":30,"turns":3},{"damage":11,"enemies":"Chosen and Byrds","floor":31,"turns":6},{"damage":44,"enemies":"Champ","floor":33,"turns":7}],"seed_played":"-8913726897241820713","potions_obtained":[{"floor":4,"key":"PowerPotion"},{"floor":10,"key":"AttackPotion"},{"floor":11,"key":"Block Potion"},{"floor":14,"key":"Explosive Potion"},{"floor":16,"key":"LiquidBronze"},{"floor":18,"key":"LiquidBronze"},{"floor":25,"key":"Block Potion"},{"floor":27,"key":"GamblersBrew"},{"floor":30,"key":"Poison Potion"}],"is_trial":false,"path_per_floor":["M","$","?","M","$","R","E","R","T","M","M","$","M","M","R","B",null,"M","?","?","$","?","R","E","M","T","M","M","R","M","M","R","B"],"character_chosen":"DEFECT","items_purchased":["Defragment","Capacitor","Happy Flower"],"campfire_rested":2,"item_purchase_floors":[2,5,21],"current_hp_per_floor":[73,73,73,73,73,73,60,60,60,50,44,44,38,29,29,2,75,60,60,46,46,46,46,19,13,13,17,4,28,7,2,26,0],"gold":125,"neow_bonus":"THREE_CARDS","is_prod":false,"is_daily":false,"chose_seed":false,"campfire_upgraded":3,"win_rate":0,"timestamp":1562123956,"path_taken":["M","$","?","M","$","R","E","R","T","M","M","?","M","M","R","BOSS","M","?","?","$","?","R","E","M","T","M","M","R","M","M","R","BOSS"],"build_version":"2019-07-01","purchased_purges":2,"victory":false,"max_hp_per_floor":[75,75,75,75,75,75,75,75,75,75,75,75,75,75,75,75,75,75,75,80,80,80,80,80,80,80,80,80,80,80,80,80,80],"card_choices":[{"not_picked":["Blizzard","Barrage"],"picked":"Leap","floor":0},{"not_picked":["Redo","Scrape","Reinforced Body"],"picked":"SKIP","floor":1},{"not_picked":["Conserve Battery","Double Energy","Steam"],"picked":"SKIP","floor":4},{"not_picked":["Sunder","Leap"],"picked":"Ball Lightning","floor":7},{"not_picked":["Stack","Aggregate","Streamline"],"picked":"SKIP","floor":10},{"not_picked":["Consume","Genetic Algorithm"],"picked":"Static Discharge","floor":11},{"not_picked":["Cold Snap","Gash"],"picked":"Skim","floor":13},{"not_picked":["Chaos","Beam Cell","Fission"],"picked":"SKIP","floor":14},{"not_picked":["Seek","Rainbow"],"picked":"Thunder Strike","floor":16},{"not_picked":["Coolheaded","Recycle","Beam Cell"],"picked":"SKIP","floor":18},{"not_picked":["Barrage","Sunder"],"picked":"Multi-Cast","floor":24},{"not_picked":["Steam","Sweeping Beam","Compile Driver"],"picked":"SKIP","floor":25},{"not_picked":["Lockon","Recycle","Fusion"],"picked":"SKIP","floor":27},{"not_picked":["Go for the Eyes","Streamline","Gash+1"],"picked":"SKIP","floor":28},{"not_picked":["Multi-Cast","Scrape","Barrage"],"picked":"SKIP","floor":30},{"not_picked":["Consume","Go for the Eyes","Fusion+1"],"picked":"SKIP","floor":31}],"player_experience":116460,"relics_obtained":[{"floor":7,"key":"The Courier"},{"floor":9,"key":"Vajra"},{"floor":24,"key":"Calipers"},{"floor":26,"key":"DataDisk"}],"event_choices":[{"damage_healed":0,"gold_gain":0,"player_choice":"Forge","damage_taken":0,"max_hp_gain":0,"max_hp_loss":0,"event_name":"Accursed Blacksmith","floor":3,"gold_loss":0,"cards_upgraded":["Defragment"]},{"damage_healed":0,"gold_gain":0,"player_choice":"Ignored","damage_taken":0,"max_hp_gain":0,"max_hp_loss":0,"event_name":"Ghosts","floor":19,"gold_loss":0},{"damage_healed":0,"gold_gain":0,"player_choice":"Shed Blood","damage_taken":19,"max_hp_gain":5,"max_hp_loss":0,"event_name":"Forgotten Altar","floor":20,"gold_loss":0},{"damage_healed":0,"gold_gain":0,"player_choice":"Gave Potion","damage_taken":0,"relics_obtained":["Bird Faced Urn"],"max_hp_gain":0,"max_hp_loss":0,"event_name":"WeMeetAgain","floor":22,"gold_loss":0}],"is_beta":false,"boss_relics":[{"not_picked":["Fusion Hammer","Ectoplasm"],"picked":"Velvet Choker"}],"items_purged_floors":[12,21],"is_endless":false,"potions_floor_spawned":[4,10,11,14,16,18,25,27,30],"killed_by":"Champ","ascension_level":1}