{"gold_per_floor":[114,64,64,81,98,132,407,441,441,441,459,459,471,441,441,546,546,546,461,461,461,461,461,461,461,461,461,461,461,461,461,461,461],"floor_reached":33,"playtime":953,"items_purged":[],"score":273,"play_id":"b7fabc82-af1e-4a52-ab8e-6c7eb27ab801","local_time":"20190414100026","is_ascension_mode":false,"campfire_choices":[{"floor":10.0,"key":"RECALL"},{"data":"Combust","floor":12.0,"key":"SMITH"},{"floor":15.0,"key":"REST"},{"floor":24,"key":"REST"},{"data":"Berserk","floor":27,"key":"SMITH"},{"floor":29,"key":"REST"},{"floor":32,"key":"REST"}],"neow_cost":"NONE","seed_source_timestamp":0,"circlet_count":0,"master_deck":["Strike_R","Strike_R","Strike_R","Defend_R","Defend_R","Defend_R","Defend_R","Bash","Combust+1","Thunderclap","Fire Breathing","Inflame","Warcry","Thunderclap","Armaments","Carnage","Berserk+1","Inflame+1","Spot Weakness+1","Writhe"],"special_seed":0,"relics":["Burning Blood","NeowsBlessing","Orichalcum","Bottled Lightning","Ectoplasm","Ancient Tea Set","MutagenicStrength","Matryoshka","Art of War","Bottled Flame"],"potions_floor_usage":[23,23,25,31],"damage_taken":[{"damage":0.0,"enemies":"Cultist","floor":1.0,"turns":1.0},{"damage":0.0,"enemies":"Jaw Worm","floor":4.0,"turns":1.0},{"damage":0.0,"enemies":"2 Louse","floor":5.0,"turns":1.0},{"damage":30.0,"enemies":"3 Sentries","floor":6.0,"turns":5.0},{"damage":23.0,"enemies":"Gremlin Nob","floor":8.0,"turns":5.0},{"damage":12.0,"enemies":"Red Slaver","floor":11.0,"turns":3.0},{"damage":8.0,"enemies":"Blue Slaver","floor":13.0,"turns":3.0},{"damage":14.0,"enemies":"Looter","floor":14.0,"turns":4.0},{"damage":50.0,"enemies":"Slime Boss","floor":16.0,"turns":7.0},{"damage":13,"enemies":"Chosen","floor":18,"turns":4},{"damage":35,"enemies":"Spheric Guardian","floor":22,"turns":4},{"damage":15,"enemies":"Snake Plant","floor":23,"turns":3},{"damage":14,"enemies":"Centurion and Healer","floor":25,"turns":5},{"damage":56,"enemies":"Gremlin Leader","floor":31,"turns":5},{"damage":98,"enemies":"Automaton","floor":33,"turns":6}],"seed_played":"-5366798679395708990","potions_obtained":[{"floor":1.0,"key":"SteroidPotion"},{"floor":4.0,"key":"Regen Potion"},{"floor":13.0,"key":"Dexterity Potion"},{"floor":16.0,"key":"SteroidPotion"},{"floor":22,"key":"Block Potion"},{"floor":25,"key":"SteroidPotion"}],"is_trial":false,"path_per_floor":["M","?","?","M","M","E","?","E","T","R","M","R","M","M","R","B",null,"M","?","?","?","M","M","R","M","T","R","?","R","?","E","R","B"],"character_chosen":"IRONCLAD","items_purchased":[],"campfire_rested":4,"item_purchase_floors":[],"current_hp_per_floor":[80,80,80,80,80,56,56,39,39,39,33,33,31,23,47,18,80,73,73,73,73,44,35,59,51,51,51,36,61,61,11,36,0],"gold":461,"neow_bonus":"THREE_ENEMY_KILL","is_prod":false,"is_daily":false,"chose_seed":false,"campfire_upgraded":2,"win_rate":0,"timestamp":1555254026,"path_taken":["M","?","?","M","M","E","?","E","T","R","?","R","M","M","R","BOSS","M","?","?","?","M","M","R","?","T","R","?","R","?","E","R","BOSS"],"build_version":"2019-01-23","purchased_purges":0,"victory":false,"max_hp_per_floor":[80,80,80,80,80,80,80,80,80,80,80,80,80,80,80,80,80,80,80,80,80,80,80,80,80,80,80,85,85,85,85,85,85],"card_choices":[{"not_picked":["Evolve","Twin Strike"],"picked":"Combust","floor":1.0},{"not_picked":["Havoc","Iron Wave","True Grit"],"picked":"SKIP","floor":4.0},{"not_picked":["Clothesline","Twin Strike"],"picked":"Fire Breathing","floor":5.0},{"not_picked":["Headbutt","Immolate"],"picked":"Inflame","floor":6.0},{"not_picked":["Twin Strike","Body Slam"],"picked":"Warcry","floor":8.0},{"not_picked":["Intimidate","Clash"],"picked":"Thunderclap","floor":11.0},{"not_picked":["Heavy Blade","Warcry"],"picked":"Armaments","floor":13.0},{"not_picked":["Body Slam","Metallicize"],"picked":"Carnage","floor":14.0},{"not_picked":["Reaper","Barricade"],"picked":"Berserk","floor":16.0},{"not_picked":["Rage","Body Slam","Metallicize"],"picked":"SKIP","floor":18},{"not_picked":["Rage","Body Slam","Metallicize"],"picked":"SKIP","floor":18},{"not_picked":["Disarm","Clothesline"],"picked":"Inflame+1","floor":22},{"not_picked":["Reckless Charge+1","Twin Strike","Iron Wave"],"picked":"SKIP","floor":23},{"not_picked":["Body Slam","Burning Pact"],"picked":"Spot Weakness+1","floor":25},{"not_picked":["Twin Strike","Thunderclap","Perfected Strike"],"picked":"SKIP","floor":31}],"player_experience":765111,"relics_obtained":[{"floor":6.0,"key":"Orichalcum"},{"floor":8.0,"key":"Bottled Lightning"},{"floor":26,"key":"Matryoshka"},{"floor":31,"key":"Bottled Flame"}],"event_choices":[{"cards_removed":["Strike_R"],"damage_healed":0.0,"max_hp_gain":0.0,"max_hp_loss":0.0,"gold_gain":0.0,"event_name":"The Cleric","player_choice":"Card Removal","floor":2.0,"gold_loss":50.0,"damage_taken":0.0},{"damage_healed":0.0,"max_hp_gain":0.0,"max_hp_loss":0.0,"gold_gain":0.0,"cards_transformed":["Strike_R"],"event_name":"Living Wall","player_choice":"Change","floor":3.0,"gold_loss":0.0,"damage_taken":0.0,"cards_obtained":["Thunderclap"]},{"damage_healed":0.0,"max_hp_gain":0.0,"max_hp_loss":0.0,"gold_gain":275.0,"event_name":"Golden Shrine","player_choice":"Desecrate","floor":7.0,"gold_loss":0.0,"damage_taken":0.0,"cards_obtained":["Regret"]},{"damage_healed":0,"gold_gain":0,"player_choice":"Obtained Relic","damage_taken":0,"relics_obtained":["Ancient Tea Set"],"max_hp_gain":0,"max_hp_loss":0,"event_name":"Addict","floor":19,"gold_loss":85},{"damage_healed":0,"gold_gain":0,"player_choice":"Inject Mutagens","damage_taken":0,"relics_obtained":["MutagenicStrength"],"max_hp_gain":0,"max_hp_loss":0,"event_name":"Drug Dealer","floor":20,"gold_loss":0},{"cards_removed":["Regret"],"damage_healed":0,"gold_gain":0,"player_choice":"Purged","damage_taken":0,"max_hp_gain":0,"max_hp_loss":0,"event_name":"Purifier","floor":21,"gold_loss":0},{"damage_healed":0,"gold_gain":0,"player_choice":"Shed Blood","damage_taken":20,"max_hp_gain":5,"max_hp_loss":0,"event_name":"Forgotten Altar","floor":28,"gold_loss":0},{"damage_healed":0,"gold_gain":0,"player_choice":"Opened","damage_taken":0,"relics_obtained":["Art of War"],"max_hp_gain":0,"max_hp_loss":0,"event_name":"The Mausoleum","floor":30,"gold_loss":0,"cards_obtained":["Writhe"]}],"is_beta":false,"boss_relics":[{"not_picked":["Calling Bell","Orrery"],"picked":"Ectoplasm"}],"items_purged_floors":[],"is_endless":false,"potions_floor_spawned":[1,4,13,16,22,25],"killed_by":"Automaton","ascension_level":0}