{"gold_per_floor":[110,35,35,35,46,80,80,99,99,99,124,124,49,68,68,140,140,156,156,175,175,175],"floor_reached":22,"playtime":706,"items_purged":["Strike_B"],"score":319,"play_id":"46201f84-090e-4223-91d1-dd92bb8f9aca","local_time":"20190113090144","is_ascension_mode":true,"campfire_choices":[{"data":"Zap","floor":7,"key":"SMITH"},{"data":"Consume","floor":10,"key":"SMITH"},{"data":"Go for the Eyes","floor":12,"key":"SMITH"},{"data":"Dualcast","floor":15,"key":"SMITH"}],"neow_cost":"PERCENT_DAMAGE","seed_source_timestamp":491901701181467,"circlet_count":0,"master_deck":["AscendersBane","Defend_B","Defend_B","Zap+1","Dualcast+1","Go for the Eyes+1","Self Repair","Conserve Battery","Seek","Sweeping Beam","Consume+1","Ball Lightning","Hyperbeam","Hello World+1","Skim+1","Hologram+1","Capacitor","Barrage","Capacitor"],"special_seed":0,"relics":["Cracked Core","Prayer Wheel","Singing Bowl","Gremlin Horn","Strawberry","Astrolabe","MutagenicStrength"],"potions_floor_usage":[6,14,20],"damage_taken":[{"damage":0.0,"enemies":"Small Slimes","floor":1.0,"turns":3.0},{"damage":5.0,"enemies":"Cultist","floor":5.0,"turns":4.0},{"damage":38,"enemies":"Lagavulin","floor":6,"turns":8},{"damage":0,"enemies":"Jaw Worm","floor":8,"turns":3},{"damage":0,"enemies":"2 Fungi Beasts","floor":14,"turns":2},{"damage":17,"enemies":"The Guardian","floor":16,"turns":10},{"damage":19,"enemies":"Spheric Guardian","floor":18,"turns":4},{"damage":24,"enemies":"Chosen","floor":20,"turns":5},{"damage":26,"enemies":"Sentry and Sphere","floor":22,"turns":4}],"seed_played":"-2351004817955050764","potions_obtained":[{"floor":5.0,"key":"Strength Potion"},{"floor":6,"key":"Ancient Potion"},{"floor":8,"key":"Regen Potion"},{"floor":16,"key":"Strength Potion"},{"floor":20,"key":"Fruit Juice"}],"is_trial":false,"path_per_floor":["M","?","?","?","M","E","R","M","T","R","T","R","$","M","R","B",null,"M","?","M","?","M"],"character_chosen":"DEFECT","items_purchased":[],"campfire_rested":0,"item_purchase_floors":[],"current_hp_per_floor":[46,46,69,69,71,40,40,47,47,47,54,54,54,63,63,53,73,63,63,51,51,25],"gold":175,"neow_bonus":"ONE_RARE_RELIC","is_prod":false,"is_daily":false,"chose_seed":false,"campfire_upgraded":4,"win_rate":0,"timestamp":1547366504,"path_taken":["M","?","?","?","?","E","R","M","T","R","?","R","$","M","R","BOSS","M","?","M","?","M"],"build_version":"2019-01-10","purchased_purges":1,"victory":false,"max_hp_per_floor":[71,71,71,71,71,71,71,71,71,71,78,78,78,80,80,80,80,82,82,87,87,87],"card_choices":[{"not_picked":["Streamline","Aggregate"],"picked":"Go for the Eyes","floor":1.0},{"not_picked":["Streamline","Auto Shields"],"picked":"Self Repair","floor":1.0},{"not_picked":["Sweeping Beam","Streamline"],"picked":"Conserve Battery","floor":5.0},{"not_picked":["Redo","Go for the Eyes","Streamline"],"picked":"SKIP","floor":5.0},{"not_picked":["Beam Cell","Turbo"],"picked":"Seek","floor":6},{"not_picked":["FTL","Darkness"],"picked":"Sweeping Beam","floor":8},{"not_picked":["Cold Snap","Double Energy"],"picked":"Consume","floor":8},{"not_picked":["Go for the Eyes","Storm"],"picked":"Ball Lightning","floor":14},{"not_picked":["Stack","Doom and Gloom","Steam"],"picked":"Singing Bowl","floor":14},{"not_picked":["Thunder Strike","Echo Form"],"picked":"Hyperbeam","floor":16},{"not_picked":["Beam Cell","Hologram+1"],"picked":"Capacitor","floor":18},{"not_picked":["Barrage","Sunder","Genetic Algorithm"],"picked":"Singing Bowl","floor":18},{"not_picked":["Steam","Chill"],"picked":"Barrage","floor":20},{"not_picked":["Hologram","Sweeping Beam"],"picked":"Capacitor","floor":20}],"player_experience":716916,"relics_obtained":[{"floor":6,"key":"Singing Bowl"},{"floor":9,"key":"Gremlin Horn"},{"floor":11,"key":"Strawberry"}],"event_choices":[{"cards_removed":["Strike_B"],"damage_healed":0.0,"max_hp_gain":0.0,"max_hp_loss":0.0,"gold_gain":0.0,"event_name":"The Cleric","player_choice":"Card Removal","floor":2.0,"gold_loss":75.0,"damage_taken":0.0},{"damage_healed":23.0,"max_hp_gain":0.0,"max_hp_loss":0.0,"gold_gain":0.0,"event_name":"Big Fish","player_choice":"Banana","floor":3.0,"gold_loss":0.0,"damage_taken":0.0},{"cards_removed":["Defend_B"],"damage_healed":0.0,"max_hp_gain":0.0,"max_hp_loss":0.0,"gold_gain":0.0,"event_name":"Bonfire Elementals","player_choice":"Offered Basic","floor":4.0,"gold_loss":0.0,"damage_taken":0.0},{"damage_healed":0,"gold_gain":0,"player_choice":"Ignored","damage_taken":0,"max_hp_gain":0,"max_hp_loss":0,"event_name":"Ghosts","floor":19,"gold_loss":0},{"damage_healed":0,"gold_gain":0,"player_choice":"Inject Mutagens","damage_taken":0,"relics_obtained":["MutagenicStrength"],"max_hp_gain":0,"max_hp_loss":0,"event_name":"Drug Dealer","floor":21,"gold_loss":0}],"is_beta":false,"boss_relics":[{"not_picked":["Coffee Dripper","Ectoplasm"],"picked":"Astrolabe"}],"items_purged_floors":[13],"is_endless":false,"potions_floor_spawned":[5,6,8,16,20],"killed_by":"Sentry and Sphere","ascension_level":15}