{"gold_per_floor":[115,128,141,141,141,141,167,167,167,179,210,226,226,49,49,148,148,158,158,158,158,177,177,190,190,190,209,224,224,234,268,268,268],"floor_reached":33,"playtime":1219,"items_purged":[],"score":319,"play_id":"dfee4fdf-dc18-4271-b3b5-c30caced2283","local_time":"20190729170731","is_ascension_mode":true,"campfire_choices":[{"floor":6,"key":"RECALL"},{"data":"Backstab","floor":8,"key":"SMITH"},{"data":"Glass Knife","floor":13,"key":"SMITH"},{"data":"Apotheosis","floor":15,"key":"SMITH"},{"data":"RitualDagger","floor":23,"key":"SMITH"},{"data":"After Image","floor":25,"key":"SMITH"},{"data":"Dash","floor":29,"key":"SMITH"},{"data":"Grand Finale","floor":32,"key":"SMITH"}],"neow_cost":"NONE","seed_source_timestamp":1549871955114001,"circlet_count":0,"master_deck":["Strike_G","Strike_G","Strike_G","Strike_G","Strike_G","Defend_G","Defend_G","Defend_G","Defend_G","Defend_G","Survivor","Neutralize","Dash+1","Backflip","Backstab+1","Glass Knife+1","Apotheosis+1","After Image+1","RitualDagger+1","Doubt","Dash+1","Injury","Grand Finale+1"],"relics":["Ring of the Snake","Question Card","Ancient Tea Set","Happy Flower","Cursed Key","Shuriken","Kunai","Mercury Hourglass"],"potions_floor_usage":[7,7,11,33],"damage_taken":[{"damage":0,"enemies":"Cultist","floor":1,"turns":3},{"damage":0,"enemies":"Small Slimes","floor":2,"turns":3},{"damage":0,"enemies":"Jaw Worm","floor":3,"turns":4},{"damage":11,"enemies":"Gremlin Nob","floor":7,"turns":4},{"damage":9,"enemies":"Blue Slaver","floor":10,"turns":3},{"damage":30,"enemies":"Lagavulin","floor":11,"turns":8},{"damage":1,"enemies":"Lots of Slimes","floor":12,"turns":4},{"damage":19,"enemies":"Hexaghost","floor":16,"turns":11},{"damage":0,"enemies":"2 Thieves","floor":18,"turns":4},{"damage":0,"enemies":"3 Byrds","floor":22,"turns":6},{"damage":5,"enemies":"Centurion and Healer","floor":24,"turns":5},{"damage":0,"enemies":"3 Cultists","floor":27,"turns":6},{"damage":7,"enemies":"Shelled Parasite and Fungi","floor":28,"turns":4},{"damage":0,"enemies":"Sentry and Sphere","floor":30,"turns":3},{"damage":8,"enemies":"Book of Stabbing","floor":31,"turns":5},{"damage":71,"enemies":"Champ","floor":33,"turns":11}],"seed_played":"-5170784631214691745","potions_obtained":[{"floor":1,"key":"SkillPotion"},{"floor":3,"key":"SpeedPotion"},{"floor":5,"key":"Fire Potion"},{"floor":10,"key":"GamblersBrew"},{"floor":12,"key":"Block Potion"},{"floor":16,"key":"Poison Potion"},{"floor":22,"key":"Regen Potion"},{"floor":30,"key":"GhostInAJar"}],"is_trial":false,"path_per_floor":["M","M","M","?","?","R","E","R","T","M","E","M","R","$","R","B",null,"M","?","?","T","M","R","M","R","T","M","M","R","M","E","R","B"],"character_chosen":"THE_SILENT","items_purchased":["Apotheosis"],"campfire_rested":0,"item_purchase_floors":[14],"current_hp_per_floor":[77,77,77,77,77,77,66,66,66,57,27,26,26,26,26,7,77,77,71,71,71,71,71,66,66,66,66,59,59,59,51,51,0],"gold":268,"neow_bonus":"TEN_PERCENT_HP_BONUS","is_prod":false,"is_daily":false,"chose_seed":false,"campfire_upgraded":7,"win_rate":0,"timestamp":1564434451,"path_taken":["M","M","M","?","?","R","E","R","T","M","E","?","R","?","R","BOSS","M","?","?","?","M","R","?","R","T","M","M","R","M","E","R","BOSS"],"build_version":"2019-07-17","purchased_purges":0,"victory":false,"max_hp_per_floor":[77,77,77,77,77,77,77,77,77,77,77,77,77,77,77,77,77,77,77,77,77,77,77,77,77,77,77,77,77,77,77,77,77],"card_choices":[{"not_picked":["Tactician","Underhanded Strike"],"picked":"Dash","floor":1},{"not_picked":["Poisoned Stab","Flying Knee"],"picked":"Backflip","floor":2},{"not_picked":["PiercingWail","Slice","Deadly Poison"],"picked":"SKIP","floor":3},{"not_picked":["Bane","Riddle With Holes"],"picked":"Backstab","floor":7},{"not_picked":["Blade Dance","Noxious Fumes","Predator"],"picked":"Glass Knife","floor":10},{"not_picked":["Dagger Spray","Outmaneuver","Dagger Throw","Acrobatics"],"picked":"SKIP","floor":11},{"not_picked":["Predator","Underhanded Strike","Distraction","Flechettes"],"picked":"SKIP","floor":12},{"not_picked":["Burst","Storm of Steel","Venomology"],"picked":"After Image","floor":16},{"not_picked":["Well Laid Plans","Bane+1","Deadly Poison","Prepared"],"picked":"SKIP","floor":18},{"not_picked":["Underhanded Strike+1","Bane","Dagger Throw","Expertise+1"],"picked":"SKIP","floor":22},{"not_picked":["Flechettes","Riddle With Holes","Deadly Poison"],"picked":"Dash","floor":24},{"not_picked":["Deadly Poison+1","Bane","Calculated Gamble","Acrobatics"],"picked":"SKIP","floor":27},{"not_picked":["Dagger Spray","Acrobatics+1","Blade Dance","Poisoned Stab"],"picked":"SKIP","floor":28},{"not_picked":["PiercingWail","Prepared","Catalyst","Slice"],"picked":"SKIP","floor":30},{"not_picked":["Riddle With Holes+1","Acrobatics","Eviscerate"],"picked":"Grand Finale","floor":31}],"player_experience":206855,"relics_obtained":[{"floor":7,"key":"Question Card"},{"floor":9,"key":"Ancient Tea Set"},{"floor":11,"key":"Happy Flower"},{"floor":21,"key":"Shuriken"},{"floor":26,"key":"Kunai"},{"floor":31,"key":"Mercury Hourglass"}],"event_choices":[{"damage_healed":0,"gold_gain":0,"player_choice":"Grow","damage_taken":0,"max_hp_gain":0,"max_hp_loss":0,"event_name":"Living Wall","floor":4,"gold_loss":0,"cards_upgraded":["Dash"]},{"damage_healed":0,"gold_gain":0,"player_choice":"Got Potions","damage_taken":0,"max_hp_gain":0,"max_hp_loss":0,"event_name":"Lab","floor":5,"gold_loss":0},{"damage_healed":0,"gold_gain":0,"player_choice":"Joined the Cult","damage_taken":6,"max_hp_gain":0,"max_hp_loss":0,"event_name":"Nest","floor":19,"gold_loss":0,"cards_obtained":["RitualDagger"]},{"damage_healed":0,"gold_gain":0,"player_choice":"Ignored","damage_taken":0,"max_hp_gain":0,"max_hp_loss":0,"event_name":"Ghosts","floor":20,"gold_loss":0}],"is_beta":false,"boss_relics":[{"not_picked":["Astrolabe","Eternal Feather"],"picked":"Cursed Key"}],"items_purged_floors":[],"is_endless":false,"potions_floor_spawned":[1,3,10,12,16,22,30],"killed_by":"Champ","ascension_level":3}