{"gold_per_floor":[116,136,136,136,136,136,159,6,6,6,6,6,46,59,59,148,148,167,180,195,120,120,120,153,153,204,204,224,237,237,262,262,262],"floor_reached":33,"playtime":1162,"items_purged":["Defend_B"],"score":451,"play_id":"d7f8a3e0-ff2a-4c51-821d-10191f492aa5","local_time":"20190112080240","is_ascension_mode":true,"campfire_choices":[{"data":"Redo","floor":6,"key":"SMITH"},{"data":"Self Repair","floor":10,"key":"SMITH"},{"floor":12,"key":"REST"},{"data":"FTL","floor":15,"key":"SMITH"},{"data":"Defragment","floor":23,"key":"SMITH"},{"floor":27,"key":"REST"},{"data":"Seek","floor":32,"key":"SMITH"}],"neow_cost":"NONE","seed_source_timestamp":425700305964743,"circlet_count":0,"master_deck":["AscendersBane","Defend_B","Zap+1","Dualcast+1","Redo+1","Turbo","Self Repair+1","Conserve Battery","FTL+1","Seek+1","Storm+1","Rip and Tear+1","Rebound+1","Redo+1","Steam","Defragment+1","Conserve Battery+1"],"relics":["Cracked Core","Golden Idol","Bird Faced Urn","Letter Opener","Astrolabe","Regal Pillow","Blood Vial","MutagenicStrength","DataDisk"],"potions_floor_usage":[13,18,24],"damage_taken":[{"damage":7,"enemies":"Jaw Worm","floor":1,"turns":3},{"damage":7,"enemies":"Small Slimes","floor":2,"turns":3},{"damage":1,"enemies":"Cultist","floor":7,"turns":3},{"damage":10,"enemies":"Lagavulin","floor":13,"turns":7},{"damage":18,"enemies":"Large Slime","floor":14,"turns":6},{"damage":34,"enemies":"The Guardian","floor":16,"turns":12},{"damage":16,"enemies":"Shell Parasite","floor":18,"turns":3},{"damage":20,"enemies":"Spheric Guardian","floor":19,"turns":4},{"damage":41,"enemies":"Snecko","floor":20,"turns":5},{"damage":36,"enemies":"Gremlin Leader","floor":24,"turns":7},{"damage":34,"enemies":"Snake Plant","floor":28,"turns":4},{"damage":18,"enemies":"3 Cultists","floor":29,"turns":4},{"damage":25,"enemies":"Centurion and Healer","floor":31,"turns":4},{"damage":40,"enemies":"Collector","floor":33,"turns":3}],"seed_played":"7391254537880122572","potions_obtained":[{"floor":2,"key":"LiquidBronze"},{"floor":5,"key":"FocusPotion"},{"floor":13,"key":"Dexterity Potion"},{"floor":14,"key":"Swift Potion"},{"floor":20,"key":"FairyPotion"},{"floor":28,"key":"Poison Potion"},{"floor":29,"key":"SpeedPotion"}],"is_trial":false,"path_per_floor":["M","M","?","?","?","R","M","$","T","R","?","R","E","M","R","B",null,"M","M","M","?","T","R","E","?","T","R","M","M","?","M","R","B"],"character_chosen":"DEFECT","items_purchased":["Self Repair"],"campfire_rested":2,"item_purchase_floors":[8],"current_hp_per_floor":[57,50,33,26,26,26,25,25,25,25,25,46,48,42,42,20,58,56,50,23,23,23,23,17,17,17,53,37,37,37,30,30,0],"gold":262,"neow_bonus":"UPGRADE_CARD","is_prod":false,"is_daily":false,"chose_seed":false,"campfire_upgraded":5,"win_rate":0,"timestamp":1547276560,"path_taken":["M","M","?","?","?","R","?","$","T","R","?","R","E","M","R","BOSS","M","?","M","?","?","R","E","?","T","R","?","M","?","M","R","BOSS"],"build_version":"2019-01-10","purchased_purges":1,"victory":false,"max_hp_per_floor":[71,71,71,71,71,71,71,71,71,71,71,71,71,71,71,71,71,71,71,71,71,71,71,71,71,71,71,71,71,71,71,71,71],"card_choices":[{"not_picked":["Cold Snap","Streamline"],"picked":"Redo","floor":1},{"not_picked":["Lockon","Go for the Eyes"],"picked":"Turbo","floor":2},{"not_picked":["Redo","Reinforced Body","Aggregate"],"picked":"SKIP","floor":7},{"not_picked":["Hologram","BootSequence"],"picked":"Conserve Battery","floor":13},{"not_picked":["Gash","Double Energy"],"picked":"FTL","floor":14},{"not_picked":["Reboot","Meteor Strike"],"picked":"Seek","floor":16},{"not_picked":["Streamline","Barrage"],"picked":"Redo+1","floor":18},{"not_picked":["Auto Shields","Gash"],"picked":"Steam","floor":19},{"not_picked":["Beam Cell+1","Glacier"],"picked":"Defragment","floor":20},{"not_picked":["Barrage+1","Scrape"],"picked":"Conserve Battery+1","floor":24},{"not_picked":["Rip and Tear","Redo","Leap"],"picked":"SKIP","floor":28},{"not_picked":["Ball Lightning+1","Reinforced Body+1","Conserve Battery"],"picked":"SKIP","floor":29},{"not_picked":["Steam","Cold Snap","Hologram"],"picked":"SKIP","floor":31}],"player_experience":704279,"relics_obtained":[{"floor":9,"key":"Bird Faced Urn"},{"floor":13,"key":"Letter Opener"},{"floor":22,"key":"Regal Pillow"},{"floor":24,"key":"Blood Vial"},{"floor":26,"key":"DataDisk"}],"event_choices":[{"damage_healed":0,"gold_gain":0,"player_choice":"Take Damage","damage_taken":17,"relics_obtained":["Golden Idol"],"max_hp_gain":0,"max_hp_loss":0,"event_name":"Golden Idol","floor":3,"gold_loss":0},{"cards_removed":["Strike_B"],"damage_healed":0,"gold_gain":0,"player_choice":"Card Removal","damage_taken":7,"max_hp_gain":0,"max_hp_loss":0,"event_name":"Golden Wing","floor":4,"gold_loss":0},{"damage_healed":0,"gold_gain":0,"player_choice":"Got Potions","damage_taken":0,"max_hp_gain":0,"max_hp_loss":0,"event_name":"Lab","floor":5,"gold_loss":0},{"damage_healed":0,"gold_gain":0,"player_choice":"Upgraded","damage_taken":0,"max_hp_gain":0,"max_hp_loss":0,"event_name":"Upgrade Shrine","floor":11,"gold_loss":0,"cards_upgraded":["Dualcast"]},{"cards_removed":["Strike_B"],"damage_healed":0,"gold_gain":0,"player_choice":"Gave Gold","damage_taken":0,"max_hp_gain":0,"max_hp_loss":0,"event_name":"Beggar","floor":21,"gold_loss":75},{"damage_healed":0,"gold_gain":0,"player_choice":"Inject Mutagens","damage_taken":0,"relics_obtained":["MutagenicStrength"],"max_hp_gain":0,"max_hp_loss":0,"event_name":"Drug Dealer","floor":25,"gold_loss":0},{"cards_removed":["Defend_B"],"damage_healed":0,"gold_gain":0,"player_choice":"Elegance","damage_taken":0,"max_hp_gain":0,"max_hp_loss":0,"event_name":"Back to Basics","floor":30,"gold_loss":0}],"is_beta":false,"boss_relics":[{"not_picked":["Orrery","Black Star"],"picked":"Astrolabe"}],"items_purged_floors":[8],"is_endless":false,"potions_floor_spawned":[2,13,14,20,28,29],"killed_by":"Collector","ascension_level":14}