{"gold_per_floor":[114,125,125,135,155,155,0,0,0,0,0],"floor_reached":11,"playtime":1803,"items_purged":["Defend_R"],"score":69,"play_id":"09cc65a7-c4aa-41cc-b52f-347c1c692b73","local_time":"20190701221541","is_ascension_mode":true,"campfire_choices":[{"data":"Flex","floor":6,"key":"SMITH"}],"neow_cost":"NONE","seed_source_timestamp":1571230068364795,"circlet_count":0,"master_deck":["Strike_R","Strike_R","Strike_R","Strike_R","Strike_R","Defend_R","Defend_R+1","Bash","Battle Trance","Flex+1","Flex","Burning Pact+1"],"relics":["Burning Blood","Kunai","PreservedInsect"],"potions_floor_usage":[],"damage_taken":[{"damage":13,"enemies":"Small Slimes","floor":1,"turns":6},{"damage":10,"enemies":"Cultist","floor":2,"turns":5},{"damage":11,"enemies":"Jaw Worm","floor":4,"turns":5},{"damage":11,"enemies":"2 Fungi Beasts","floor":5,"turns":3},{"damage":46,"enemies":"Exordium Thugs","floor":11,"turns":4}],"seed_played":"-3448165859054459567","potions_obtained":[{"floor":2,"key":"Strength Potion"},{"floor":5,"key":"EssenceOfSteel"},{"floor":10,"key":"Strength Potion"},{"floor":10,"key":"Strength Potion"}],"is_trial":false,"path_per_floor":["M","M","?","M","M","R","$","?","T","?","M"],"character_chosen":"IRONCLAD","items_purchased":["Burning Pact"],"campfire_rested":0,"item_purchase_floors":[7],"current_hp_per_floor":[73,69,69,64,59,59,59,43,43,43,0],"gold":0,"neow_bonus":"REMOVE_CARD","is_prod":false,"is_daily":false,"chose_seed":false,"campfire_upgraded":1,"win_rate":0,"timestamp":1562033741,"path_taken":["M","M","?","?","M","R","?","?","T","?","M"],"build_version":"2019-07-01","purchased_purges":1,"victory":false,"max_hp_per_floor":[80,80,80,80,80,80,80,80,80,80,80],"card_choices":[{"not_picked":["Headbutt","Searing Blow","Entrench"],"picked":"SKIP","floor":1},{"not_picked":["Anger","Havoc"],"picked":"Battle Trance","floor":2},{"not_picked":["Pommel Strike","Infernal Blade"],"picked":"Flex","floor":4},{"not_picked":["Body Slam","Iron Wave"],"picked":"Flex","floor":5}],"player_experience":103350,"relics_obtained":[{"floor":3,"key":"Kunai"},{"floor":9,"key":"PreservedInsect"}],"event_choices":[{"damage_healed":0,"gold_gain":0,"player_choice":"Relic","damage_taken":0,"max_hp_gain":0,"max_hp_loss":0,"event_name":"Wheel of Change","floor":3,"gold_loss":0},{"damage_healed":0,"gold_gain":0,"player_choice":"Entered Light","damage_taken":16,"max_hp_gain":0,"max_hp_loss":0,"event_name":"Shining Light","floor":8,"gold_loss":0,"cards_upgraded":["Burning Pact","Defend_R"]},{"damage_healed":0,"gold_gain":0,"player_choice":"Got Potions","damage_taken":0,"max_hp_gain":0,"max_hp_loss":0,"event_name":"Lab","floor":10,"gold_loss":0}],"is_beta":false,"boss_relics":[],"items_purged_floors":[7],"is_endless":false,"potions_floor_spawned":[2,5],"killed_by":"Exordium Thugs","ascension_level":2}