{"gold_per_floor":[110,35,48,61,72,97,110,110,156,156,169,69,69,87,87,192,192,207,207,207,207,218,246,259,270,270,47,47,47,67,85,85,85],"floor_reached":33,"playtime":1256,"items_purged":["Strike_B"],"score":337,"play_id":"7e0e611b-5b45-4adc-bf54-f0ba3eec330f","local_time":"20190709184532","is_ascension_mode":true,"campfire_choices":[{"data":"Loop","floor":8,"key":"SMITH"},{"data":"Static Discharge","floor":13,"key":"SMITH"},{"data":"Defragment","floor":15,"key":"SMITH"},{"floor":28,"key":"REST"},{"data":"Reboot","floor":32,"key":"SMITH"}],"neow_cost":"NONE","seed_source_timestamp":121332801887895,"circlet_count":0,"master_deck":["Strike_B+1","Defend_B","Defend_B","Defend_B","Defend_B","Zap","Static Discharge+1","Melter+1","Loop+1","Static Discharge","Ball Lightning","Ball Lightning","Capacitor","Defragment+1","Buffer+1","Rebound+1","Lockon+1","Chill+1","Barrage+1","Leap","Reboot+1"],"relics":["Cracked Core","Orichalcum","Whetstone","Astrolabe","Letter Opener","Bronze Scales","Blue Candle","Centennial Puzzle"],"potions_floor_usage":[6,6,16,16,18,25,25,30,30,31],"damage_taken":[{"damage":1,"enemies":"Cultist","floor":1,"turns":4},{"damage":6,"enemies":"Jaw Worm","floor":3,"turns":4},{"damage":2,"enemies":"Small Slimes","floor":4,"turns":3},{"damage":2,"enemies":"Looter","floor":5,"turns":4},{"damage":26,"enemies":"Lagavulin","floor":6,"turns":6},{"damage":4,"enemies":"Blue Slaver","floor":7,"turns":4},{"damage":31,"enemies":"Lots of Slimes","floor":11,"turns":4},{"damage":7,"enemies":"2 Fungi Beasts","floor":14,"turns":2},{"damage":0,"enemies":"Slime Boss","floor":16,"turns":5},{"damage":0,"enemies":"3 Byrds","floor":18,"turns":4},{"damage":0,"enemies":"Chosen","floor":22,"turns":4},{"damage":47,"enemies":"Slavers","floor":23,"turns":5},{"damage":15,"enemies":"Snake Plant","floor":24,"turns":3},{"damage":12,"enemies":"Chosen and Byrds","floor":25,"turns":5},{"damage":2,"enemies":"Centurion and Healer","floor":30,"turns":5},{"damage":5,"enemies":"Snake Plant","floor":31,"turns":3},{"damage":27,"enemies":"Champ","floor":33,"turns":3}],"seed_played":"8592137155520619584","potions_obtained":[{"floor":0,"key":"FearPotion"},{"floor":0,"key":"AttackPotion"},{"floor":0,"key":"SkillPotion"},{"floor":1,"key":"Strength Potion"},{"floor":6,"key":"PowerPotion"},{"floor":14,"key":"Explosive Potion"},{"floor":16,"key":"SkillPotion"},{"floor":23,"key":"SpeedPotion"},{"floor":25,"key":"EssenceOfSteel"},{"floor":30,"key":"Block Potion"}],"is_trial":false,"path_per_floor":["M","$","M","M","M","E","M","R","T","?","M","$","R","M","R","B",null,"M","?","?","?","M","E","M","M","T","$","R","?","M","M","R","B"],"character_chosen":"DEFECT","items_purchased":["Ball Lightning","Capacitor","Centennial Puzzle","FocusPotion"],"campfire_rested":1,"item_purchase_floors":[12,12,27,27],"current_hp_per_floor":[74,74,68,66,64,38,34,34,34,59,28,28,28,21,21,21,75,75,75,75,75,75,28,13,1,1,1,23,23,21,16,16,0],"gold":85,"neow_bonus":"THREE_SMALL_POTIONS","is_prod":false,"is_daily":false,"chose_seed":false,"campfire_upgraded":4,"win_rate":0,"timestamp":1562712332,"path_taken":["M","$","M","?","?","E","M","R","T","?","M","$","R","M","R","BOSS","M","?","?","?","M","E","?","M","T","$","R","?","?","M","R","BOSS"],"build_version":"2019-07-05","purchased_purges":1,"victory":false,"max_hp_per_floor":[75,75,75,75,75,75,75,75,75,75,75,75,75,75,75,75,75,75,75,75,75,75,75,75,75,75,75,75,75,75,75,75,75],"card_choices":[{"not_picked":["Ball Lightning","Leap"],"picked":"Static Discharge","floor":1},{"not_picked":["Cold Snap","FTL","Streamline"],"picked":"SKIP","floor":3},{"not_picked":["Rip and Tear","Turbo"],"picked":"Melter","floor":4},{"not_picked":["Redo","Beam Cell","Gash"],"picked":"SKIP","floor":5},{"not_picked":["Conserve Battery","Darkness"],"picked":"Loop","floor":6},{"not_picked":["Streamline","Sweeping Beam"],"picked":"Static Discharge","floor":7},{"not_picked":["White Noise","Streamline"],"picked":"Ball Lightning","floor":11},{"not_picked":["Coolheaded","Chaos"],"picked":"Defragment","floor":14},{"not_picked":["Creative AI","Multi-Cast"],"picked":"Buffer","floor":16},{"not_picked":["Glacier","Sweeping Beam","Go for the Eyes"],"picked":"SKIP","floor":18},{"not_picked":["FTL","Sweeping Beam","Streamline"],"picked":"SKIP","floor":22},{"not_picked":["Glacier","Recycle+1","Stack"],"picked":"SKIP","floor":23},{"not_picked":["Scrape+1","Cold Snap"],"picked":"Barrage+1","floor":24},{"not_picked":["Conserve Battery","Cold Snap"],"picked":"Leap","floor":25},{"not_picked":["Hello World","Blizzard","Aggregate"],"picked":"SKIP","floor":30},{"not_picked":["Coolheaded","Redo+1"],"picked":"Reboot","floor":31}],"player_experience":130548,"relics_obtained":[{"floor":6,"key":"Orichalcum"},{"floor":9,"key":"Whetstone"},{"floor":23,"key":"Bronze Scales"},{"floor":26,"key":"Blue Candle"}],"event_choices":[{"damage_healed":25,"gold_gain":0,"player_choice":"Banana","damage_taken":0,"max_hp_gain":0,"max_hp_loss":0,"event_name":"Big Fish","floor":10,"gold_loss":0},{"damage_healed":0,"gold_gain":0,"player_choice":"Opened","damage_taken":0,"relics_obtained":["Letter Opener"],"max_hp_gain":0,"max_hp_loss":0,"event_name":"The Mausoleum","floor":19,"gold_loss":0,"cards_obtained":["Writhe"]},{"damage_healed":0,"gold_gain":0,"player_choice":"Ignored","damage_taken":0,"max_hp_gain":0,"max_hp_loss":0,"event_name":"Vampires","floor":20,"gold_loss":0},{"cards_removed":["Writhe"],"damage_healed":0,"gold_gain":0,"player_choice":"Elegance","damage_taken":0,"max_hp_gain":0,"max_hp_loss":0,"event_name":"Back to Basics","floor":21,"gold_loss":0},{"damage_healed":0,"gold_gain":0,"player_choice":"Forge","damage_taken":0,"max_hp_gain":0,"max_hp_loss":0,"event_name":"Accursed Blacksmith","floor":29,"gold_loss":0,"cards_upgraded":["Buffer"]}],"is_beta":false,"boss_relics":[{"not_picked":["Orrery","Black Star"],"picked":"Astrolabe"}],"items_purged_floors":[2],"is_endless":false,"potions_floor_spawned":[1,6,14,16,23,25,30],"killed_by":"Champ","ascension_level":1}