{"path_per_floor":["M","?","?","M","M","R","E","?","T","$","M","$","?","M","R","B",null,"M","?","?","M","?","R","E","?","T","M","?","$","R","M","R","B",null,"M","M","?","$","?"],"character_chosen":"IRONCLAD","items_purchased":["Regal Pillow","Infernal Blade","Toolbox"],"gold_per_floor":[110,110,110,128,140,140,175,175,175,20,38,3,178,188,188,284,284,304,304,304,321,321,321,356,356,356,374,374,38,38,50,50,151,151,169,181,0,0,0],"floor_reached":40,"campfire_rested":3,"playtime":1844,"current_hp_per_floor":[71,76,69,69,66,66,38,31,31,31,36,36,36,16,54,53,71,58,58,51,32,32,70,67,67,67,51,51,51,51,37,77,30,71,61,34,34,34,34],"items_purged":["Strike_R"],"gold":0,"score":515,"play_id":"33a2d5cb-b062-4b29-be67-536abbf75ac3","is_prod":false,"is_daily":false,"is_ascension_mode":true,"campfire_upgraded":2,"path_taken":["M","?","?","?","M","R","E","?","T","?","M","$","?","M","R","BOSS","M","?","?","?","?","R","E","?","T","?","?","$","R","M","R","BOSS","M","M","?","$","?","E"],"build_version":"2018-02-12-PROD1","purchased_purges":3,"victory":false,"master_deck":["Strike_R","Strike_R","Strike_R","Defend_R","Defend_R","Bash","Disarm+1","Cleave","Flex","Infernal Blade+1","Offering","Iron Wave+1","Inflame","Demon Form+1","Heavy Blade+1","Feed+1","Spot Weakness+1"],"max_hp_per_floor":[72,77,77,77,77,77,77,77,77,77,77,77,77,77,77,77,77,77,77,77,77,77,77,84,84,84,84,84,84,84,84,84,84,84,84,88,88,88,88],"relics":["Burning Blood","Omamori","Darkstone Periapt","Sundial","Regal Pillow","Runic Cube","Strawberry","Molten Egg 2","Ornamental Fan","Toolbox","Velvet Choker","Red Mask"],"card_choices":[{"not_picked":["Searing Blow","Heavy Blade"],"picked":"Disarm"},{"not_picked":["Iron Wave","Impervious"],"picked":"Cleave"},{"not_picked":["Whirlwind","Searing Blow"],"picked":"Flex"},{"not_picked":["Bludgeon","Fiend Fire"],"picked":"Offering"},{"not_picked":["Flex","True Grit"],"picked":"Iron Wave"},{"not_picked":["Rampage","Armaments"],"picked":"Demon Form"},{"not_picked":["Wild Strike","Body Slam"],"picked":"Heavy Blade"},{"not_picked":["Dark Embrace","Barricade"],"picked":"Feed"},{"not_picked":["Rampage","Flex"],"picked":"Spot Weakness"}],"player_experience":260360,"potions_floor_usage":[7,14,16,16,33],"damage_taken":[{"damage":7,"enemies":"Jaw Worm","floor":1,"turns":3},{"damage":6,"enemies":"Cultist","floor":4,"turns":3},{"damage":9,"enemies":"2 Louse","floor":5,"turns":3},{"damage":34,"enemies":"Lagavulin","floor":7,"turns":7},{"damage":1,"enemies":"Exordium Wildlife","floor":11,"turns":2},{"damage":26,"enemies":"Gremlin Gang","floor":14,"turns":3},{"damage":7,"enemies":"Slime Boss","floor":16,"turns":6},{"damage":19,"enemies":"Chosen","floor":18,"turns":3},{"damage":25,"enemies":"Shell Parasite","floor":21,"turns":3},{"damage":16,"enemies":"Gremlin Leader","floor":24,"turns":6},{"damage":22,"enemies":"Snecko","floor":27,"turns":3},{"damage":20,"enemies":"Centurion and Healer","floor":31,"turns":4},{"damage":53,"enemies":"Collector","floor":33,"turns":6},{"damage":16,"enemies":"Orb Walker","floor":35,"turns":3},{"damage":37,"enemies":"3 Shapes","floor":36,"turns":4},{"damage":44,"enemies":"Giant Head","floor":40,"turns":5}],"event_choices":[{"event_name":"Big Fish","player_choice":"Donut","floor":2,"damage_taken":0},{"event_name":"Scrap Ooze","player_choice":"success","floor":3,"damage_taken":7},{"event_name":"Golden Wing","player_choice":"Card Removal","floor":8,"damage_taken":0},{"event_name":"Liars Game","player_choice":"agreed","floor":13,"damage_taken":0},{"event_name":"The Library","player_choice":"Read","floor":19,"damage_taken":0},{"event_name":"Wheel of Change","player_choice":"Damage","floor":20,"damage_taken":0},{"event_name":"The Woman in Blue","player_choice":"Bought 0 Potions","floor":22,"damage_taken":0},{"event_name":"Vampires","player_choice":"Ignored","floor":25,"damage_taken":0},{"event_name":"Accursed Blacksmith","player_choice":"Rummage","floor":28,"damage_taken":0},{"event_name":"Tomb of Lord Red Mask","player_choice":"Paid","floor":37,"damage_taken":0},{"event_name":"Upgrade Shrine","player_choice":"Upgraded","floor":39,"damage_taken":0}],"boss_relics":[{"not_picked":["Philosopher\u0027s Stone","Ectoplasm"],"picked":"Runic Cube"},{"not_picked":["Runic Pyramid","Astrolabe"],"picked":"Velvet Choker"}],"potions_floor_spawned":[1,7,11,14,24,27],"seed_played":"1938474278992272813","killed_by":"Giant Head","ascension_level":6,"is_trial":false}