{"path_per_floor":["M","?","M","?","T","R","E","M","T","$","M","R","E","?","R","B",null,"M","?","?","M","M","R","T","R","T","M","R","?","R","$","R"],"character_chosen":"THE_SILENT","items_purchased":["Happy Flower"],"gold_per_floor":[17,17,28,28,28,28,58,69,69,69,79,79,112,112,112,210,210,221,221,121,141,155,155,155,155,206,218,218,188,188,12,12],"floor_reached":33,"campfire_rested":3,"playtime":1606,"current_hp_per_floor":[63,63,63,49,49,49,22,22,22,22,21,42,20,20,41,41,63,53,53,53,44,34,34,34,34,34,19,19,19,19,19,40],"items_purged":["Defend_G"],"gold":12,"score":421,"play_id":"09fb38dc-06ed-4a62-9d56-449ff3872466","is_prod":false,"is_daily":false,"is_ascension_mode":true,"campfire_upgraded":0,"path_taken":["M","?","?","?","?","R","E","M","T","$","?","R","E","?","R","BOSS","M","?","?","?","M","R","?","R","T","M","R","?","R","$","R","BOSS"],"build_version":"2018-02-15-PROD1","purchased_purges":2,"victory":false,"master_deck":["Defend_G","Defend_G","Defend_G+1","Strike_G","Strike_G","Strike_G","Strike_G+1","Survivor","Neutralize","Dagger Spray","Unload","Backflip","Die Die Die","Footwork","Well Laid Plans","J.A.X.","Calculated Gamble","Cloak And Dagger"],"max_hp_per_floor":[70,70,70,70,70,70,70,70,70,70,70,70,70,70,70,70,70,70,70,70,70,70,70,70,70,70,70,70,70,70,70,70],"relics":["Ring of the Snake","Shovel","Omamori","Ninja Scroll","Vajra","Orichalcum","Question Card","Bottled Flame","Gremlin Horn","Unceasing Top","Juzu Bracelet","Toxic Egg 2","The Courier","Happy Flower"],"card_choices":[{"not_picked":["Underhanded Strike","Blade Dance"],"picked":"Dagger Spray"},{"not_picked":["Cloak And Dagger","Flying Knee"],"picked":"Backflip"},{"not_picked":["Footwork","Noxious Fumes"],"picked":"Die Die Die"},{"not_picked":["Bouncing Flask","Quick Slash","Deflect"],"picked":"Footwork"},{"not_picked":["Expertise","Deflect","Heel Hook"],"picked":"Calculated Gamble"},{"not_picked":["Malaise","Bane","Slice"],"picked":"Cloak And Dagger"}],"player_experience":326996,"potions_floor_usage":[16,16,21,22,27,27,33],"damage_taken":[{"damage":0.0,"enemies":"2 Louse","floor":1.0,"turns":4.0},{"damage":0,"enemies":"Jaw Worm","floor":3,"turns":5},{"damage":27,"enemies":"Gremlin Nob","floor":7,"turns":5},{"damage":0,"enemies":"Exordium Wildlife","floor":8,"turns":3},{"damage":1,"enemies":"Blue Slaver","floor":11,"turns":2},{"damage":22,"enemies":"Lagavulin","floor":13,"turns":6},{"damage":0,"enemies":"Slime Boss","floor":16,"turns":8},{"damage":10,"enemies":"Shell Parasite","floor":18,"turns":7},{"damage":9,"enemies":"2 Thieves","floor":21,"turns":3},{"damage":10,"enemies":"Snecko","floor":22,"turns":5},{"damage":15,"enemies":"Snake Plant","floor":27,"turns":4},{"damage":43,"enemies":"Champ","floor":33,"turns":15}],"event_choices":[{"event_name":"Match and Keep!","player_choice":"1 cards matched","floor":2,"damage_taken":0},{"event_name":"Shining Light","player_choice":"Entered Light","floor":4,"damage_taken":0},{"event_name":"The Lab","player_choice":"Got Potions","floor":14,"damage_taken":0},{"event_name":"Match and Keep!","player_choice":"1 cards matched","floor":19,"damage_taken":0},{"event_name":"Drug Dealer","player_choice":"Got JAXXED","floor":20,"damage_taken":0},{"event_name":"The Woman in Blue","player_choice":"Bought 2 Potions","floor":29,"damage_taken":0}],"boss_relics":[{"not_picked":["Calling Bell","Philosopher\u0027s Stone"],"picked":"Question Card"}],"potions_floor_spawned":[7,16,18,22],"seed_played":"-3268248203039853445","killed_by":"Champ","ascension_level":8,"is_trial":false}