{"gold_per_floor":[114,43,43,43,43,74,90,108,158,158,178,178,32,52,52,153,153,165,17,17,27,227,227,258,272,272,272,272,72,100,113,113,215,215,227,1226,222,222],"floor_reached":38,"playtime":1640,"items_purged":["Strike_B","Zap","Normality"],"score":476,"play_id":"a60a20de-f3fe-4585-8046-7ba5f711cb38","local_time":"20190721214853","is_ascension_mode":true,"campfire_choices":[{"data":"BootSequence","floor":12,"key":"SMITH"},{"floor":15,"key":"RECALL"},{"data":"Scrape","floor":23,"key":"SMITH"},{"data":"All For One","floor":28,"key":"SMITH"},{"data":"Go for the Eyes","floor":32,"key":"SMITH"}],"neow_cost":"NONE","seed_source_timestamp":875129248974200,"circlet_count":0,"master_deck":["Strike_B+1","Strike_B+1","Strike_B+1","Defend_B+1","Defend_B+1","Defend_B+1","Defend_B+1","Dualcast","Self Repair","FTL","BootSequence+1","Skim","Gash","All For One+1","Gash","Scrape+1","Rip and Tear+1","Gash","Go for the Eyes+1","Skim+1","Buffer","Normality","FTL","Secret Weapon"],"relics":["FrozenCore","WarpedTongs","Bird Faced Urn","Strawberry","Orichalcum","Bottled Tornado","Meat on the Bone","Centennial Puzzle","Philosopher\u0027s Stone","HandDrill","Regal Pillow","Mummified Hand"],"potions_floor_usage":[11,16,21,24,24,30,33],"damage_taken":[{"damage":3,"enemies":"2 Louse","floor":1,"turns":3},{"damage":27,"enemies":"Gremlin Nob","floor":6,"turns":4},{"damage":7,"enemies":"Jaw Worm","floor":7,"turns":3},{"damage":9,"enemies":"Cultist","floor":8,"turns":3},{"damage":14,"enemies":"Exordium Wildlife","floor":11,"turns":6},{"damage":8,"enemies":"Blue Slaver","floor":14,"turns":3},{"damage":16,"enemies":"The Guardian","floor":16,"turns":12},{"damage":15,"enemies":"Chosen","floor":18,"turns":7},{"damage":0,"enemies":"3 Byrds","floor":21,"turns":3},{"damage":39,"enemies":"Slavers","floor":24,"turns":5},{"damage":36,"enemies":"Shelled Parasite and Fungi","floor":25,"turns":5},{"damage":9,"enemies":"Book of Stabbing","floor":30,"turns":6},{"damage":0,"enemies":"3 Cultists","floor":31,"turns":4},{"damage":3,"enemies":"Champ","floor":33,"turns":7},{"damage":40,"enemies":"3 Shapes","floor":35,"turns":4},{"damage":54,"enemies":"3 Darklings","floor":38,"turns":2}],"seed_played":"4289289736925101009","potions_obtained":[{"floor":6,"key":"Strength Potion"},{"floor":7,"key":"Weak Potion"},{"floor":11,"key":"Strength Potion"},{"floor":16,"key":"FearPotion"},{"floor":18,"key":"LiquidBronze"},{"floor":24,"key":"FearPotion"},{"floor":25,"key":"Strength Potion"},{"floor":35,"key":"SkillPotion"}],"is_trial":false,"path_per_floor":["M","$","?","T","?","E","M","M","T","?","M","R","$","M","R","B",null,"M","$","?","M","?","R","E","M","T","?","R","$","E","M","R","B",null,"M","?","$","M"],"character_chosen":"DEFECT","items_purchased":["FTL","Orichalcum","Scrape","Gash","Go for the Eyes","FTL","Secret Weapon","HandDrill","Regal Pillow","Mummified Hand"],"campfire_rested":0,"item_purchase_floors":[2,13,19,29,29,37,37,37,37,37],"current_hp_per_floor":[72,72,72,72,72,52,54,54,61,61,56,56,56,57,57,50,82,74,74,74,82,82,82,52,25,25,25,25,25,40,49,49,55,82,52,52,52,0],"gold":222,"neow_bonus":"THREE_CARDS","is_prod":false,"is_daily":false,"chose_seed":false,"campfire_upgraded":4,"win_rate":0,"timestamp":1563760133,"path_taken":["M","$","?","?","?","E","?","M","T","?","M","R","$","M","R","BOSS","M","$","?","M","?","R","E","?","T","?","R","$","E","M","R","BOSS","M","?","$","M"],"build_version":"2019-07-17","purchased_purges":3,"victory":false,"max_hp_per_floor":[75,75,75,75,75,75,75,75,82,82,82,82,82,82,82,82,82,82,82,82,82,82,82,82,82,82,82,82,82,82,82,82,82,82,82,82,82,82],"card_choices":[{"not_picked":["Capacitor","Rebound"],"picked":"Self Repair","floor":0},{"not_picked":["Streamline","Compile Driver","Cold Snap"],"picked":"SKIP","floor":1},{"not_picked":["White Noise","Streamline"],"picked":"BootSequence","floor":6},{"not_picked":["Barrage","Aggregate","Hello World"],"picked":"SKIP","floor":7},{"not_picked":["Barrage","Leap"],"picked":"Skim","floor":8},{"not_picked":["Doom and Gloom","White Noise","Barrage"],"picked":"SKIP","floor":11},{"not_picked":["Streamline","Self Repair"],"picked":"Gash","floor":14},{"not_picked":["Electrodynamics","Reboot"],"picked":"All For One","floor":16},{"not_picked":["Chaos","Streamline"],"picked":"Gash","floor":18},{"not_picked":["Ball Lightning","Conserve Battery","Chaos"],"picked":"SKIP","floor":21},{"not_picked":["Hologram","Coolheaded"],"picked":"Rip and Tear+1","floor":24},{"not_picked":["Chaos","Doom and Gloom","Force Field"],"picked":"SKIP","floor":25},{"not_picked":["Coolheaded+1","Multi-Cast"],"picked":"Skim+1","floor":30},{"not_picked":["Storm","Force Field+1","White Noise"],"picked":"SKIP","floor":31},{"not_picked":["Core Surge","Creative AI"],"picked":"Buffer","floor":33},{"not_picked":["Undo+1","Streamline+1","Loop"],"picked":"SKIP","floor":35}],"player_experience":193030,"relics_obtained":[{"floor":6,"key":"Bird Faced Urn"},{"floor":9,"key":"Strawberry"},{"floor":24,"key":"Bottled Tornado"},{"floor":26,"key":"Meat on the Bone"},{"floor":30,"key":"Centennial Puzzle"}],"event_choices":[{"damage_healed":0,"gold_gain":0,"player_choice":"Leave","damage_taken":0,"max_hp_gain":0,"max_hp_loss":0,"event_name":"The Cleric","floor":3,"gold_loss":0},{"damage_healed":0,"gold_gain":0,"player_choice":"Rummage","damage_taken":0,"relics_obtained":["WarpedTongs"],"max_hp_gain":0,"max_hp_loss":0,"event_name":"Accursed Blacksmith","floor":5,"gold_loss":0,"cards_obtained":["Pain"]},{"cards_removed":["Pain"],"damage_healed":0,"gold_gain":0,"player_choice":"Forget","damage_taken":0,"max_hp_gain":0,"max_hp_loss":0,"event_name":"Living Wall","floor":10,"gold_loss":0},{"damage_healed":0,"gold_gain":0,"player_choice":"Ignored","damage_taken":0,"max_hp_gain":0,"max_hp_loss":0,"event_name":"Ghosts","floor":20,"gold_loss":0},{"damage_healed":0,"gold_gain":200,"player_choice":"Gold","damage_taken":0,"max_hp_gain":0,"max_hp_loss":0,"event_name":"Wheel of Change","floor":22,"gold_loss":0},{"damage_healed":0,"gold_gain":0,"player_choice":"Simplicity","damage_taken":0,"max_hp_gain":0,"max_hp_loss":0,"event_name":"Back to Basics","floor":27,"gold_loss":0,"cards_upgraded":["Strike_B","Strike_B","Strike_B","Defend_B","Defend_B","Defend_B","Defend_B"]},{"damage_healed":0,"gold_gain":999,"player_choice":"Gold","damage_taken":0,"max_hp_gain":0,"max_hp_loss":0,"event_name":"MindBloom","floor":36,"gold_loss":0,"cards_obtained":["Normality","Normality"]}],"is_beta":false,"boss_relics":[{"not_picked":["Inserter","Astrolabe"],"picked":"FrozenCore"},{"not_picked":["Cursed Key","Lizard Tail"],"picked":"Philosopher\u0027s Stone"}],"items_purged_floors":[19,29,37],"is_endless":false,"potions_floor_spawned":[6,7,11,16,18,24,25,35],"killed_by":"3 Darklings","ascension_level":2}