{"gold_per_floor":[117,192,192,211,224,224,98,118,118,118,151,151,181,191,191,191],"floor_reached":16,"playtime":701,"items_purged":["Defend_G"],"score":193,"play_id":"76d32640-1cca-49cd-a580-eed438ed93a0","local_time":"20190117134236","is_ascension_mode":true,"campfire_choices":[{"data":"Neutralize","floor":6,"key":"SMITH"},{"data":"Poisoned Stab","floor":10,"key":"SMITH"},{"data":"After Image","floor":15,"key":"SMITH"}],"neow_cost":"NONE","seed_source_timestamp":728300084806604,"circlet_count":0,"master_deck":["AscendersBane","Defend_G","Defend_G","Defend_G","Defend_G","Strike_G","Strike_G","Strike_G","Strike_G","Survivor","Neutralize+1","Blur","Well Laid Plans","Poisoned Stab+1","Footwork","After Image+1","Deflect"],"relics":["Ring of the Snake","Oddly Smooth Stone","Bottled Flame","Incense Burner","Orichalcum"],"potions_floor_usage":[8],"damage_taken":[{"damage":0,"enemies":"2 Louse","floor":1,"turns":4},{"damage":0,"enemies":"Small Slimes","floor":4,"turns":5},{"damage":0,"enemies":"Cultist","floor":5,"turns":5},{"damage":0,"enemies":"Lots of Slimes","floor":8,"turns":6},{"damage":15,"enemies":"3 Sentries","floor":11,"turns":13},{"damage":13,"enemies":"Gremlin Nob","floor":13,"turns":5},{"damage":0,"enemies":"3 Louse","floor":14,"turns":4},{"damage":22,"enemies":"Hexaghost","floor":16,"turns":16}],"seed_played":"-5935689736250975909","potions_obtained":[{"floor":1,"key":"Block Potion"},{"floor":11,"key":"EssenceOfSteel"},{"floor":14,"key":"Ancient Potion"}],"is_trial":false,"path_per_floor":["M","?","?","M","M","R","$","M","T","R","E","?","E","M","R","B"],"character_chosen":"THE_SILENT","items_purchased":["Poisoned Stab"],"campfire_rested":0,"item_purchase_floors":[7],"current_hp_per_floor":[59,48,48,48,48,48,48,48,48,48,33,33,20,20,20,0],"gold":191,"neow_bonus":"RANDOM_COMMON_RELIC","is_prod":false,"is_daily":false,"chose_seed":false,"campfire_upgraded":3,"win_rate":0,"timestamp":1547728956,"path_taken":["M","?","?","?","M","R","$","?","T","R","E","?","E","M","R","BOSS"],"build_version":"2019-01-10","purchased_purges":1,"victory":false,"max_hp_per_floor":[66,66,66,66,66,66,66,66,66,66,66,66,66,66,66,66],"card_choices":[{"not_picked":["All Out Attack","Dodge and Roll","Underhanded Strike"],"picked":"SKIP","floor":1},{"not_picked":["Leg Sweep","Acrobatics"],"picked":"Blur","floor":4},{"not_picked":["Flechettes","Blade Dance"],"picked":"Well Laid Plans","floor":5},{"not_picked":["PiercingWail","Cloak And Dagger"],"picked":"Footwork","floor":8},{"not_picked":["Sucker Punch","Catalyst"],"picked":"After Image","floor":11},{"not_picked":["Slice","Sucker Punch"],"picked":"Deflect","floor":13},{"not_picked":["Skewer","Dodge and Roll","Flying Knee"],"picked":"SKIP","floor":14}],"player_experience":764699,"relics_obtained":[{"floor":9,"key":"Bottled Flame"},{"floor":11,"key":"Incense Burner"},{"floor":13,"key":"Orichalcum"}],"event_choices":[{"damage_healed":0,"gold_gain":75,"player_choice":"Gather Gold","damage_taken":11,"max_hp_gain":0,"max_hp_loss":0,"event_name":"World of Goop","floor":2,"gold_loss":0},{"cards_removed":["Strike_G"],"damage_healed":0,"gold_gain":0,"player_choice":"Offered Basic","damage_taken":0,"max_hp_gain":0,"max_hp_loss":0,"event_name":"Bonfire Elementals","floor":3,"gold_loss":0},{"damage_healed":0,"gold_gain":0,"player_choice":"Ignored","damage_taken":0,"max_hp_gain":0,"max_hp_loss":0,"event_name":"Liars Game","floor":12,"gold_loss":0}],"is_beta":false,"boss_relics":[],"items_purged_floors":[7],"is_endless":false,"potions_floor_spawned":[1,11,14],"killed_by":"Hexaghost","ascension_level":15}