{"gold_per_floor":[113,127,127,59,79,114,114,154,154,154,170,62,62,62],"floor_reached":14,"playtime":284,"items_purged":["Strike_R"],"score":98,"play_id":"0832187f-d261-4bcb-a224-d34b3b00c3a3","local_time":"20190319212355","is_ascension_mode":false,"campfire_choices":[{"floor":7,"key":"RECALL"}],"neow_cost":"PERCENT_DAMAGE","seed_source_timestamp":475495363338343,"circlet_count":0,"master_deck":["Strike_R","Strike_R","Strike_R","Defend_R","Defend_R","Defend_R","Defend_R","Bash","Double Tap","Twin Strike","Cleave","Carnage","Carnage","Dark Embrace","Warcry","Rage","Whirlwind"],"relics":["Burning Blood","Golden Idol","Bottled Lightning","Dodecahedron","Incense Burner"],"potions_floor_usage":[8,8],"damage_taken":[{"damage":1,"enemies":"Cultist","floor":1,"turns":3},{"damage":2,"enemies":"2 Louse","floor":2,"turns":2},{"damage":1,"enemies":"Jaw Worm","floor":5,"turns":3},{"damage":16,"enemies":"Gremlin Nob","floor":6,"turns":3},{"damage":36,"enemies":"Lagavulin","floor":8,"turns":4},{"damage":11,"enemies":"Large Slime","floor":11,"turns":3}],"seed_played":"-7447134882828535625","potions_obtained":[{"floor":2,"key":"FearPotion"},{"floor":6,"key":"BloodPotion"},{"floor":8,"key":"LiquidBronze"}],"is_trial":false,"path_per_floor":["M","M","?","$","M","E","R","E","T","?","M","$","?","?"],"character_chosen":"IRONCLAD","items_purchased":["Carnage","Whirlwind"],"campfire_rested":0,"item_purchase_floors":[4,12],"current_hp_per_floor":[61,65,65,65,70,60,60,37,37,19,14,14,14,0],"gold":62,"neow_bonus":"THREE_RARE_CARDS","is_prod":false,"is_daily":false,"chose_seed":false,"campfire_upgraded":0,"win_rate":0,"timestamp":1553048635,"path_taken":["M","?","?","$","M","E","R","E","T","?","M","$","?","?"],"build_version":"2019-01-23","purchased_purges":1,"victory":false,"max_hp_per_floor":[80,80,74,74,74,74,74,74,74,74,74,74,74,74],"card_choices":[{"not_picked":["Feed","Juggernaut"],"picked":"Double Tap","floor":0},{"not_picked":["Body Slam","Sword Boomerang"],"picked":"Twin Strike","floor":1},{"not_picked":["Uppercut","Twin Strike"],"picked":"Cleave","floor":2},{"not_picked":["Havoc","Combust"],"picked":"Carnage","floor":5},{"not_picked":["Body Slam","Shrug It Off"],"picked":"Dark Embrace","floor":6},{"not_picked":["Entrench","Body Slam"],"picked":"Warcry","floor":8},{"not_picked":["Blood for Blood","Perfected Strike"],"picked":"Rage","floor":11}],"player_experience":739385,"relics_obtained":[{"floor":6,"key":"Bottled Lightning"},{"floor":8,"key":"Dodecahedron"}],"event_choices":[{"damage_healed":0,"gold_gain":0,"player_choice":"Lose Max HP","damage_taken":0,"relics_obtained":["Golden Idol"],"max_hp_gain":0,"max_hp_loss":6,"event_name":"Golden Idol","floor":3,"gold_loss":0},{"damage_healed":0,"gold_gain":0,"player_choice":"Success","damage_taken":18,"relics_obtained":["Incense Burner"],"max_hp_gain":0,"max_hp_loss":0,"event_name":"Scrap Ooze","floor":10,"gold_loss":0},{"cards_removed":["Strike_R"],"damage_healed":0,"gold_gain":0,"player_choice":"Forget","damage_taken":0,"max_hp_gain":0,"max_hp_loss":0,"event_name":"Living Wall","floor":13,"gold_loss":0}],"is_beta":false,"boss_relics":[],"items_purged_floors":[12],"is_endless":false,"potions_floor_spawned":[2,6,8],"ascension_level":0}