{"gold_per_floor":[115,128,146,196,5,32,51,61,61,61,139,173,183,211,211,289,289,307,222,233,247,143,143,172,172,195,222,222,251,251,251,251,251],"floor_reached":33,"playtime":1034,"items_purged":["Strike_R"],"score":646,"play_id":"77890a82-4010-4c3d-9826-9ed4247bfc14","local_time":"20190721014708","is_ascension_mode":true,"campfire_choices":[{"data":"Apotheosis","floor":10.0,"key":"SMITH"},{"floor":15.0,"key":"REST"},{"floor":23.0,"key":"REST"},{"floor":25,"key":"REST"},{"floor":30,"key":"REST"},{"floor":32,"key":"REST"}],"neow_cost":"NONE","seed_source_timestamp":225962445195510,"circlet_count":0,"master_deck":["AscendersBane","Strike_R+1","Strike_R+1","Strike_R+1","Strike_R+1","Defend_R+1","Defend_R+1","Defend_R+1","Defend_R+1","Bash","Forethought","Twin Strike","Thunderclap","Carnage","Apotheosis+1","Infernal Blade","Combust","Warcry","Spot Weakness","Pommel Strike","Warcry+1","Sentinel+1","Body Slam","Double Tap+1","Shrug It Off+1","True Grit+1","Blood for Blood"],"special_seed":0,"relics":["Burning Blood","Prayer Wheel","Lantern","Toxic Egg 2","Art of War","Bottled Lightning","Busted Crown","StoneCalendar","Ancient Tea Set","Potion Belt","Sundial","Orichalcum"],"potions_floor_usage":[24,33],"damage_taken":[{"damage":6.0,"enemies":"2 Louse","floor":1.0,"turns":5.0},{"damage":7.0,"enemies":"Cultist","floor":2.0,"turns":4.0},{"damage":10.0,"enemies":"Small Slimes","floor":3.0,"turns":3.0},{"damage":8.0,"enemies":"Gremlin Nob","floor":6.0,"turns":3.0},{"damage":15.0,"enemies":"3 Louse","floor":7.0,"turns":4.0},{"damage":12.0,"enemies":"2 Fungi Beasts","floor":8.0,"turns":3.0},{"damage":23.0,"enemies":"3 Sentries","floor":12.0,"turns":6.0},{"damage":0.0,"enemies":"Exordium Wildlife","floor":13.0,"turns":2.0},{"damage":27.0,"enemies":"Lagavulin","floor":14.0,"turns":5.0},{"damage":16.0,"enemies":"Slime Boss","floor":16.0,"turns":7.0},{"damage":1.0,"enemies":"Chosen","floor":18.0,"turns":3.0},{"damage":15.0,"enemies":"2 Thieves","floor":20.0,"turns":3.0},{"damage":50.0,"enemies":"Cultist and Chosen","floor":21.0,"turns":5.0},{"damage":18,"enemies":"Slavers","floor":24,"turns":5},{"damage":26,"enemies":"Book of Stabbing","floor":27,"turns":4},{"damage":25,"enemies":"Gremlin Leader","floor":29,"turns":5},{"damage":59,"enemies":"Champ","floor":33,"turns":7}],"seed_played":"7554931387436304637","potions_obtained":[{"floor":1.0,"key":"AttackPotion"},{"floor":3.0,"key":"Ancient Potion"},{"floor":6.0,"key":"Fire Potion"},{"floor":12.0,"key":"SpeedPotion"},{"floor":13.0,"key":"GamblersBrew"},{"floor":18.0,"key":"Regen Potion"},{"floor":21.0,"key":"SkillPotion"},{"floor":24,"key":"Regen Potion"}],"is_trial":false,"path_per_floor":["M","M","M","?","$","E","M","M","T","R","T","E","M","E","R","B",null,"M","?","M","M","$","R","E","R","T","E","?","E","R","?","R","B"],"character_chosen":"IRONCLAD","items_purchased":["Apotheosis","Shrug It Off+1"],"campfire_rested":5,"item_purchase_floors":[5,22],"current_hp_per_floor":[68,67,63,56,56,54,45,39,39,39,39,22,28,7,29,19,61,66,66,57,18,18,40,28,50,50,30,30,11,33,12,36,0],"gold":251,"neow_bonus":"RANDOM_COLORLESS","is_prod":false,"is_daily":false,"chose_seed":false,"campfire_upgraded":1,"win_rate":0,"timestamp":1563641228,"path_taken":["M","M","M","?","$","E","M","?","T","R","?","E","M","E","R","BOSS","M","?","M","M","$","R","E","R","T","E","?","E","R","?","R","BOSS"],"build_version":"2019-07-17","purchased_purges":1,"victory":false,"max_hp_per_floor":[75,75,75,75,75,75,75,75,75,75,75,75,75,75,75,75,75,75,75,75,75,75,75,75,75,75,75,75,75,75,80,80,80],"card_choices":[{"not_picked":["Clothesline","Anger"],"picked":"Twin Strike","floor":1.0},{"not_picked":["Perfected Strike","Fire Breathing"],"picked":"Thunderclap","floor":2.0},{"not_picked":["Whirlwind","Rampage"],"picked":"Carnage","floor":3.0},{"not_picked":["Twin Strike","Clothesline"],"picked":"Infernal Blade","floor":6.0},{"not_picked":["Double Tap","Blood for Blood"],"picked":"Combust","floor":7.0},{"not_picked":["Rage","Flex","Sever Soul"],"picked":"SKIP","floor":7.0},{"not_picked":["Rage","Flex","Sever Soul"],"picked":"SKIP","floor":7.0},{"not_picked":["Evolve","Heavy Blade"],"picked":"Warcry","floor":8.0},{"not_picked":["Twin Strike","Iron Wave"],"picked":"Spot Weakness","floor":8.0},{"not_picked":["Twin Strike","Blood for Blood"],"picked":"Pommel Strike","floor":12.0},{"not_picked":["Havoc+1","Thunderclap"],"picked":"Warcry+1","floor":13.0},{"not_picked":["Clothesline","Intimidate+1"],"picked":"Sentinel+1","floor":13.0},{"not_picked":["Rampage","Juggernaut"],"picked":"Body Slam","floor":14.0},{"not_picked":["Dark Embrace","Brutality"],"picked":"Double Tap+1","floor":16.0},{"not_picked":["Feel No Pain"],"picked":"SKIP","floor":18.0},{"not_picked":["Iron Wave"],"picked":"SKIP","floor":18.0},{"not_picked":["Iron Wave"],"picked":"SKIP","floor":20.0},{"not_picked":["Sentinel+1"],"picked":"SKIP","floor":20.0},{"not_picked":["Twin Strike"],"picked":"SKIP","floor":21.0},{"not_picked":["Havoc+1"],"picked":"SKIP","floor":21.0},{"not_picked":["Perfected Strike"],"picked":"SKIP","floor":24},{"not_picked":[],"picked":"True Grit+1","floor":27},{"not_picked":["Blood for Blood"],"picked":"SKIP","floor":29},{"not_picked":[],"picked":"Blood for Blood","floor":29}],"player_experience":1001389,"relics_obtained":[{"floor":6.0,"key":"Prayer Wheel"},{"floor":9.0,"key":"Lantern"},{"floor":11.0,"key":"Toxic Egg 2"},{"floor":12.0,"key":"Art of War"},{"floor":14.0,"key":"Bottled Lightning"},{"floor":24,"key":"Ancient Tea Set"},{"floor":26,"key":"Potion Belt"},{"floor":27,"key":"Sundial"},{"floor":29,"key":"Orichalcum"}],"event_choices":[{"damage_healed":0.0,"max_hp_gain":0.0,"max_hp_loss":0.0,"gold_gain":50.0,"event_name":"FaceTrader","player_choice":"Touch","floor":4.0,"gold_loss":0.0,"damage_taken":7.0},{"damage_healed":0.0,"max_hp_gain":0.0,"max_hp_loss":0.0,"gold_gain":0.0,"event_name":"Addict","player_choice":"Obtained Relic","floor":19.0,"gold_loss":85.0,"damage_taken":0.0,"relics_obtained":["StoneCalendar"]},{"damage_healed":0,"gold_gain":0,"player_choice":"Simplicity","damage_taken":0,"max_hp_gain":0,"max_hp_loss":0,"event_name":"Back to Basics","floor":28,"gold_loss":0,"cards_upgraded":["Strike_R","Strike_R","Strike_R","Strike_R","Defend_R","Defend_R","Defend_R","Defend_R"]},{"damage_healed":0,"gold_gain":0,"player_choice":"Shed Blood","damage_taken":26,"max_hp_gain":5,"max_hp_loss":0,"event_name":"Forgotten Altar","floor":31,"gold_loss":0}],"is_beta":false,"boss_relics":[{"not_picked":["White Beast Statue","Calling Bell"],"picked":"Busted Crown"}],"items_purged_floors":[22],"is_endless":false,"potions_floor_spawned":[1,3,6,12,13,18,21,24],"killed_by":"Champ","ascension_level":20}