{"gold_per_floor":[363,363,376,326,326,366,366,391,391,431,68,84,97,28,28,148,148,166,181,43,43,67,67],"floor_reached":23,"playtime":1057,"items_purged":["Defend_B","Defend_B"],"score":201,"play_id":"d1172974-cc8b-41d6-9bcf-c701ea3cf887","local_time":"20190630034931","is_ascension_mode":false,"campfire_choices":[{"data":"Electrodynamics","floor":7,"key":"SMITH"},{"data":"Tempest","floor":15,"key":"SMITH"}],"neow_cost":"PERCENT_DAMAGE","seed_source_timestamp":1419204338947007,"circlet_count":0,"master_deck":["Strike_B","Strike_B","Strike_B","Strike_B","Zap","Dualcast","Ball Lightning","Ball Lightning","Electrodynamics+1","Loop","BootSequence","Hello World+1","Leap","Tempest+1","Loop+1","Biased Cognition+1","Double Energy","Glacier","Static Discharge+1","Recycle+1"],"relics":["Cracked Core","Golden Idol","Shuriken","Meat on the Bone","Boot","Frozen Egg 2","Eternal Feather","Toxic Egg 2"],"potions_floor_usage":[6,10,16,19,22,22],"damage_taken":[{"damage":1,"enemies":"Jaw Worm","floor":1,"turns":3},{"damage":0,"enemies":"2 Louse","floor":3,"turns":2},{"damage":18,"enemies":"3 Sentries","floor":6,"turns":4},{"damage":0,"enemies":"Cultist","floor":8,"turns":2},{"damage":6,"enemies":"Gremlin Nob","floor":10,"turns":3},{"damage":0,"enemies":"3 Louse","floor":12,"turns":1},{"damage":0,"enemies":"Large Slime","floor":13,"turns":3},{"damage":15,"enemies":"The Guardian","floor":16,"turns":8},{"damage":0,"enemies":"Chosen","floor":18,"turns":3},{"damage":19,"enemies":"Spheric Guardian","floor":19,"turns":4},{"damage":17,"enemies":"Shelled Parasite and Fungi","floor":22,"turns":3},{"damage":39,"enemies":"Gremlin Leader","floor":23,"turns":4}],"seed_played":"491574058364840727","potions_obtained":[{"floor":3,"key":"EssenceOfSteel"},{"floor":6,"key":"Strength Potion"},{"floor":10,"key":"Block Potion"},{"floor":16,"key":"EntropicBrew"},{"floor":19,"key":"Energy Potion"}],"is_trial":false,"path_per_floor":["M","?","M","?","?","E","R","M","T","E","$","M","M","$","R","B",null,"M","M","$","?","M","E"],"character_chosen":"DEFECT","items_purchased":["Frozen Egg 2","Hello World+1","Loop+1","Static Discharge+1"],"campfire_rested":0,"item_purchase_floors":[11,11,14,20],"current_hp_per_floor":[53,46,46,46,28,10,10,10,10,16,16,28,40,40,40,37,75,75,56,56,56,39,0],"gold":67,"neow_bonus":"TWO_FIFTY_GOLD","is_prod":false,"is_daily":false,"chose_seed":false,"campfire_upgraded":2,"win_rate":0.0,"timestamp":1561880971,"path_taken":["M","?","M","?","?","E","R","M","T","E","$","?","M","$","R","BOSS","M","?","$","?","M","E"],"build_version":"2019-01-23","purchased_purges":2,"victory":false,"max_hp_per_floor":[75,75,75,75,75,75,75,75,75,75,75,75,75,75,75,75,75,75,75,75,75,75,75],"card_choices":[{"not_picked":["Sweeping Beam","Gash"],"picked":"Ball Lightning","floor":1},{"not_picked":["Streamline","Fusion"],"picked":"Ball Lightning","floor":3},{"not_picked":["Beam Cell","Reinforced Body"],"picked":"Electrodynamics","floor":6},{"not_picked":["Stack","Streamline"],"picked":"Loop","floor":8},{"not_picked":["Rip and Tear","Turbo"],"picked":"BootSequence","floor":10},{"not_picked":["Gash","Hologram"],"picked":"Leap","floor":12},{"not_picked":["Reprogram","Hologram"],"picked":"Tempest","floor":13},{"not_picked":["Multi-Cast","Amplify"],"picked":"Biased Cognition+1","floor":16},{"not_picked":["Rebound","Darkness"],"picked":"Double Energy","floor":18},{"not_picked":["Coolheaded","Gash+1"],"picked":"Glacier","floor":19},{"not_picked":["Steam+1","Gash"],"picked":"Recycle+1","floor":22}],"player_experience":41012,"relics_obtained":[{"floor":6,"key":"Shuriken"},{"floor":9,"key":"Meat on the Bone"},{"floor":10,"key":"Boot"}],"event_choices":[{"cards_removed":["Defend_B"],"damage_healed":0,"gold_gain":0,"player_choice":"Card Removal","damage_taken":7,"max_hp_gain":0,"max_hp_loss":0,"event_name":"Golden Wing","floor":2,"gold_loss":0},{"cards_removed":["Defend_B"],"damage_healed":0,"gold_gain":0,"player_choice":"Card Removal","damage_taken":0,"max_hp_gain":0,"max_hp_loss":0,"event_name":"The Cleric","floor":4,"gold_loss":50},{"damage_healed":0,"gold_gain":0,"player_choice":"Take Damage","damage_taken":18,"relics_obtained":["Golden Idol"],"max_hp_gain":0,"max_hp_loss":0,"event_name":"Golden Idol","floor":5,"gold_loss":0},{"damage_healed":0,"gold_gain":0,"player_choice":"Opened","damage_taken":0,"relics_obtained":["Toxic Egg 2"],"max_hp_gain":0,"max_hp_loss":0,"event_name":"The Mausoleum","floor":21,"gold_loss":0}],"is_beta":false,"boss_relics":[{"not_picked":["Lizard Tail","Runic Dome"],"picked":"Eternal Feather"}],"items_purged_floors":[11,20],"is_endless":false,"potions_floor_spawned":[3,6,10,16,19],"killed_by":"Gremlin Leader","ascension_level":0}