{"path_per_floor":["M","?","$","M","M","R","$","R","T","E","?","R","M","E","R","B",null,"M","$","M","?","M","R","E","M","T","?","$","E","R","M","R","B",null,"M","?","$","M","M","R","M","?","T","R","M","?","$","?","R","B"],"character_chosen":"IRONCLAD","items_purchased":["Inflame","Toxic Egg 2"],"gold_per_floor":[110,185,116,131,151,151,76,76,124,152,173,173,184,211,211,315,315,330,74,92,92,107,107,137,156,156,156,56,82,82,93,93,188,188,201,0,0,11,26,26,38,38,62,62,82,129,4,4,4,4],"floor_reached":51,"campfire_rested":4,"playtime":3148,"current_hp_per_floor":[80,69,69,74,74,74,74,74,74,70,62,62,64,66,66,66,80,57,57,59,59,57,57,63,62,62,47,47,19,44,40,65,57,85,76,76,76,64,60,60,53,53,53,78,82,63,63,52,77,59],"items_purged":["Strike_R","Defend_R","Defend_R"],"gold":4,"score":677,"play_id":"8ab4d352-0c5b-4415-876a-1bb31d972bb8","is_prod":false,"is_daily":false,"is_ascension_mode":true,"campfire_upgraded":6,"path_taken":["M","?","?","?","M","R","$","R","T","E","?","R","M","E","R","BOSS","M","$","M","?","M","R","E","M","T","?","$","E","R","M","R","BOSS","M","?","$","M","M","R","M","?","T","R","M","?","$","?","R","BOSS"],"build_version":"2018-02-12-PROD1","purchased_purges":5,"victory":true,"master_deck":["Strike_R","Strike_R","Strike_R","Strike_R","Defend_R","Bash+1","Cleave+1","Inflame+1","Heavy Blade+1","Shrug It Off+1","Offering","Dropkick","Double Tap+1","Inflame+1","Warcry+1","True Grit+1","Limit Break+1","Shrug It Off+1","Madness+1","Madness+1"],"max_hp_per_floor":[80,80,80,80,80,80,80,80,80,80,80,80,80,80,80,80,80,80,80,80,80,80,80,80,80,80,85,85,85,85,85,85,85,85,85,85,85,85,85,85,85,85,85,85,85,85,85,85,85,85],"relics":["Burning Blood","Vajra","Juzu Bracelet","Bag of Preparation","Odd Mushroom","Champion Belt","Question Card","Toxic Egg 2","Oddly Smooth Stone","Happy Flower","Blood Vial","Velvet Choker","Red Mask","Pen Nib","Thread and Needle"],"card_choices":[{"not_picked":["Body Slam","Battle Trance"],"picked":"Cleave"},{"not_picked":["Sentinel","Headbutt"],"picked":"Heavy Blade"},{"not_picked":["Warcry","Hemokinesis"],"picked":"Shrug It Off"},{"not_picked":["Warcry","Power Through"],"picked":"Offering"},{"not_picked":["Inflame","Twin Strike"],"picked":"Dropkick"},{"not_picked":["Dark Embrace","Impervious"],"picked":"Double Tap"},{"not_picked":["True Grit","Armaments","Shrug It Off"],"picked":"Inflame"},{"not_picked":["Evolve","Sword Boomerang","Armaments"],"picked":"Warcry"},{"not_picked":["Warcry","Body Slam","Corruption"],"picked":"True Grit"},{"not_picked":["Double Tap","Berserk","Feed"],"picked":"Limit Break"},{"not_picked":["Hemokinesis","Pommel Strike","Armaments"],"picked":"Shrug It Off"}],"player_experience":237034,"potions_floor_usage":[50,50],"damage_taken":[{"damage":0.0,"enemies":"2 Louse","floor":1.0,"turns":3.0},{"damage":1.0,"enemies":"Cultist","floor":4.0,"turns":3.0},{"damage":6.0,"enemies":"Blue Slaver","floor":5.0,"turns":4.0},{"damage":10.0,"enemies":"Gremlin Nob","floor":10.0,"turns":3.0},{"damage":14.0,"enemies":"The Mushroom Lair","floor":11.0,"turns":3.0},{"damage":4.0,"enemies":"Exordium Wildlife","floor":13.0,"turns":2.0},{"damage":4.0,"enemies":"Lagavulin","floor":14.0,"turns":2.0},{"damage":6.0,"enemies":"Slime Boss","floor":16.0,"turns":4.0},{"damage":29.0,"enemies":"3 Byrds","floor":18.0,"turns":4.0},{"damage":4.0,"enemies":"Shell Parasite","floor":20.0,"turns":1.0},{"damage":8.0,"enemies":"Chosen and Byrds","floor":22.0,"turns":5.0},{"damage":0.0,"enemies":"Gremlin Leader","floor":24.0,"turns":3.0},{"damage":7.0,"enemies":"Snecko","floor":25.0,"turns":3.0},{"damage":34.0,"enemies":"Slavers","floor":29.0,"turns":4.0},{"damage":12.0,"enemies":"Snake Plant","floor":31.0,"turns":2.0},{"damage":16.0,"enemies":"Collector","floor":33.0,"turns":4.0},{"damage":15.0,"enemies":"3 Shapes","floor":35.0,"turns":3.0},{"damage":20.0,"enemies":"3 Darklings","floor":38.0,"turns":4.0},{"damage":12.0,"enemies":"4 Shapes","floor":39.0,"turns":3.0},{"damage":15.0,"enemies":"Maw","floor":41.0,"turns":5.0},{"damage":4.0,"enemies":"Sphere and 2 Shapes","floor":45.0,"turns":3.0},{"damage":27.0,"enemies":"신비한 구체","floor":46.0,"turns":4.0},{"damage":26,"enemies":"Time Eater","floor":50,"turns":3}],"event_choices":[{"event_name":"World of Goop","player_choice":"Gather Gold","floor":2.0,"damage_taken":0.0},{"event_name":"Mushrooms","player_choice":"Fought Mushrooms","floor":11.0,"damage_taken":0.0},{"event_name":"The Woman in Blue","player_choice":"Bought 0 Potions","floor":21.0,"damage_taken":0.0},{"event_name":"Forgotten Altar","player_choice":"Shed Blood","floor":27.0,"damage_taken":0.0},{"event_name":"Tomb of Lord Red Mask","player_choice":"Paid","floor":36.0,"damage_taken":0.0},{"event_name":"Mysterious Sphere","player_choice":"Fight","floor":46.0,"damage_taken":0.0},{"event_name":"Winding Halls","player_choice":"Embrace Madness","floor":48.0,"damage_taken":0.0}],"boss_relics":[],"potions_floor_spawned":[4,13,14,16,18,22,24,29,39,45,46],"seed_played":"2998263288892308560","ascension_level":4,"is_trial":false}