{"gold_per_floor":[115,115,190,190,257,257,267,267,267,317,337,337,367,384,384,384],"floor_reached":16,"playtime":509,"items_purged":[],"score":100,"play_id":"34bc6031-349b-4b85-9218-fa66eb4ca612","local_time":"20190429201426","is_ascension_mode":false,"campfire_choices":[{"data":"Double Tap","floor":6,"key":"SMITH"},{"data":"Spot Weakness","floor":8,"key":"SMITH"},{"floor":12,"key":"REST"},{"data":"Evolve","floor":15,"key":"SMITH"}],"neow_cost":"PERCENT_DAMAGE","seed_source_timestamp":168759477885329,"circlet_count":0,"master_deck":["Strike_R","Strike_R","Strike_R","Strike_R","Strike_R","Defend_R+1","Defend_R+1","Defend_R","Defend_R","Bash","Double Tap+1","Seeing Red","Spot Weakness+1","Shrug It Off","Evolve+1"],"relics":["Burning Blood","SsserpentHead","Question Card"],"potions_floor_usage":[5,13],"damage_taken":[{"damage":7,"enemies":"2 Louse","floor":1,"turns":3},{"damage":1,"enemies":"Cultist","floor":5,"turns":4},{"damage":3,"enemies":"Jaw Worm","floor":7,"turns":3},{"damage":13,"enemies":"Red Slaver","floor":11,"turns":3},{"damage":21,"enemies":"3 Sentries","floor":13,"turns":11},{"damage":6,"enemies":"Large Slime","floor":14,"turns":4},{"damage":47,"enemies":"Hexaghost","floor":16,"turns":10}],"seed_played":"7381504939068081964","potions_obtained":[{"floor":5,"key":"Fruit Juice"},{"floor":7,"key":"Dexterity Potion"}],"is_trial":false,"path_per_floor":["M","?","?","?","M","R","M","R","T","?","M","R","E","M","R","B"],"character_chosen":"IRONCLAD","items_purchased":[],"campfire_rested":1,"item_purchase_floors":[],"current_hp_per_floor":[55,39,28,28,38,38,41,41,41,41,34,59,44,44,44,0],"gold":384,"neow_bonus":"THREE_RARE_CARDS","is_prod":false,"is_daily":false,"chose_seed":false,"campfire_upgraded":3,"win_rate":0,"timestamp":1556586866,"path_taken":["M","?","?","?","?","R","M","R","T","?","M","R","E","M","R","BOSS"],"build_version":"2019-01-23","purchased_purges":0,"victory":false,"max_hp_per_floor":[80,80,80,80,85,85,85,85,85,85,85,85,85,85,85,85],"card_choices":[{"not_picked":["Exhume","Feed"],"picked":"Double Tap","floor":0},{"not_picked":["Armaments","Clash","Warcry"],"picked":"SKIP","floor":1},{"not_picked":["Clothesline","Iron Wave"],"picked":"Seeing Red","floor":5},{"not_picked":["Pummel","Havoc"],"picked":"Spot Weakness","floor":7},{"not_picked":["Clothesline","Perfected Strike"],"picked":"Shrug It Off","floor":11},{"not_picked":["Sword Boomerang","Clash","Warcry"],"picked":"SKIP","floor":13},{"not_picked":["Clothesline","Juggernaut","Feel No Pain"],"picked":"Evolve","floor":14}],"player_experience":806045,"relics_obtained":[{"floor":13,"key":"Question Card"}],"event_choices":[{"damage_healed":0,"gold_gain":0,"player_choice":"Entered Light","damage_taken":16,"max_hp_gain":0,"max_hp_loss":0,"event_name":"Shining Light","floor":2,"gold_loss":0,"cards_upgraded":["Defend_R","Defend_R"]},{"damage_healed":0,"gold_gain":75,"player_choice":"Gather Gold","damage_taken":11,"max_hp_gain":0,"max_hp_loss":0,"event_name":"World of Goop","floor":3,"gold_loss":0},{"damage_healed":0,"gold_gain":0,"player_choice":"Trade","damage_taken":0,"relics_obtained":["SsserpentHead"],"max_hp_gain":0,"max_hp_loss":0,"event_name":"FaceTrader","floor":4,"gold_loss":0},{"damage_healed":0,"gold_gain":0,"player_choice":"Bought 0 Potions","damage_taken":0,"max_hp_gain":0,"max_hp_loss":0,"event_name":"The Woman in Blue","floor":10,"gold_loss":0}],"is_beta":false,"boss_relics":[],"items_purged_floors":[],"is_endless":false,"potions_floor_spawned":[5,7],"killed_by":"Hexaghost","ascension_level":0}