{"gold_per_floor":[109,109,109,128,88,88,114,114,114,125,159,8,8,22,22,123,123,143,154,154,79,79,79,109,109,109,124,134,145,145,145,145,145],"floor_reached":33,"playtime":1538,"items_purged":[],"score":348,"play_id":"d9851339-0c0a-4c29-b02f-fedae486f0ab","local_time":"20190630053059","is_ascension_mode":false,"campfire_choices":[{"data":"Zap","floor":6,"key":"SMITH"},{"data":"Glacier","floor":8,"key":"SMITH"},{"data":"Chaos","floor":15,"key":"SMITH"},{"data":"Rainbow","floor":23,"key":"SMITH"},{"data":"Sunder","floor":25,"key":"SMITH"},{"data":"Capacitor","floor":32,"key":"SMITH"}],"neow_cost":"NONE","seed_source_timestamp":1424811196974090,"circlet_count":0,"master_deck":["Defend_B","Defend_B","Defend_B","Defend_B","Zap+1","Dualcast","Glacier+1","Chaos+1","Rainbow+1","Sunder+1","Ball Lightning","Bite","Bite","Bite","Bite","Bite","Streamline+1","Capacitor+1"],"relics":["Cracked Core","NeowsBlessing","Happy Flower","Meat on the Bone","Letter Opener","PreservedInsect","Dodecahedron","Coffee Dripper","Anchor","Incense Burner","Pantograph","Enchiridion"],"potions_floor_usage":[11,33,33,33],"damage_taken":[{"damage":0,"enemies":"2 Louse","floor":1,"turns":1},{"damage":0,"enemies":"Small Slimes","floor":4,"turns":1},{"damage":0,"enemies":"Lagavulin","floor":7,"turns":2},{"damage":0,"enemies":"Cultist","floor":10,"turns":4},{"damage":0,"enemies":"Gremlin Nob","floor":11,"turns":4},{"damage":1,"enemies":"Lots of Slimes","floor":14,"turns":4},{"damage":30,"enemies":"The Guardian","floor":16,"turns":13},{"damage":0,"enemies":"Chosen","floor":18,"turns":3},{"damage":3,"enemies":"3 Byrds","floor":19,"turns":3},{"damage":33,"enemies":"Gremlin Leader","floor":24,"turns":7},{"damage":0,"enemies":"Sentry and Sphere","floor":27,"turns":4},{"damage":16,"enemies":"Cultist and Chosen","floor":28,"turns":5},{"damage":13,"enemies":"Chosen and Byrds","floor":29,"turns":5},{"damage":73,"enemies":"Collector","floor":33,"turns":8}],"seed_played":"-3261739250535201579","potions_obtained":[{"floor":5,"key":"Fire Potion"},{"floor":5,"key":"SteroidPotion"},{"floor":5,"key":"PowerPotion"},{"floor":7,"key":"Dexterity Potion"},{"floor":14,"key":"Regen Potion"}],"is_trial":false,"path_per_floor":["M","?","$","M","?","R","E","R","T","M","E","$","T","M","R","B",null,"M","M","?","?","?","R","E","R","T","M","M","M","?","?","R","B"],"character_chosen":"DEFECT","items_purchased":["PreservedInsect"],"campfire_rested":0,"item_purchase_floors":[12],"current_hp_per_floor":[75,80,80,80,80,80,80,80,80,80,80,80,80,79,79,49,80,80,77,77,77,56,56,35,35,35,45,39,34,18,9,9,0],"gold":145,"neow_bonus":"THREE_ENEMY_KILL","is_prod":false,"is_daily":false,"chose_seed":false,"campfire_upgraded":6,"win_rate":0.0,"timestamp":1561887059,"path_taken":["M","?","$","M","?","R","E","R","T","?","E","?","?","?","R","BOSS","M","M","?","?","?","R","E","R","T","M","M","M","?","?","R","BOSS"],"build_version":"2019-01-23","purchased_purges":0,"victory":false,"max_hp_per_floor":[75,80,80,80,80,80,80,80,80,80,80,80,80,80,80,80,80,80,80,80,80,56,56,56,56,56,56,56,56,56,61,61,61],"card_choices":[{"not_picked":["Gash","Stack","Go for the Eyes"],"picked":"SKIP","floor":1},{"not_picked":["Heatsinks","Consume","Recycle"],"picked":"SKIP","floor":4},{"not_picked":["Heatsinks","Turbo"],"picked":"Glacier","floor":7},{"not_picked":["Cold Snap","Go for the Eyes","Stack"],"picked":"SKIP","floor":10},{"not_picked":["Streamline","Redo"],"picked":"Chaos","floor":11},{"not_picked":["Coolheaded","Stack","Beam Cell"],"picked":"SKIP","floor":14},{"not_picked":["Hyperbeam","Reboot"],"picked":"Rainbow","floor":16},{"not_picked":["Sweeping Beam+1","Rebound"],"picked":"Sunder","floor":18},{"not_picked":["Leap","Turbo+1"],"picked":"Ball Lightning","floor":19},{"not_picked":["Hologram","Gash+1"],"picked":"Streamline+1","floor":24},{"not_picked":["Beam Cell","Ball Lightning"],"picked":"Capacitor","floor":27},{"not_picked":["Blizzard","Turbo","Compile Driver+1"],"picked":"SKIP","floor":28},{"not_picked":["Streamline","Beam Cell","Darkness"],"picked":"SKIP","floor":29}],"player_experience":46548,"relics_obtained":[{"floor":7,"key":"Happy Flower"},{"floor":9,"key":"Meat on the Bone"},{"floor":11,"key":"Letter Opener"},{"floor":13,"key":"Dodecahedron"},{"floor":24,"key":"Incense Burner"},{"floor":26,"key":"Pantograph"},{"floor":30,"key":"Enchiridion"}],"event_choices":[{"damage_healed":0,"gold_gain":0,"player_choice":"Donut","damage_taken":0,"max_hp_gain":5,"max_hp_loss":0,"event_name":"Big Fish","floor":2,"gold_loss":0},{"damage_healed":0,"gold_gain":0,"player_choice":"Bought 3 Potions","damage_taken":0,"max_hp_gain":0,"max_hp_loss":0,"event_name":"The Woman in Blue","floor":5,"gold_loss":0},{"damage_healed":0,"gold_gain":0,"player_choice":"Opened","damage_taken":0,"relics_obtained":["Anchor"],"max_hp_gain":0,"max_hp_loss":0,"event_name":"The Mausoleum","floor":20,"gold_loss":0,"cards_obtained":["Writhe"]},{"cards_removed":["Writhe"],"damage_healed":0,"gold_gain":0,"player_choice":"Gave Gold","damage_taken":0,"max_hp_gain":0,"max_hp_loss":0,"event_name":"Beggar","floor":21,"gold_loss":75},{"damage_healed":0,"gold_gain":0,"player_choice":"Became a vampire","damage_taken":0,"max_hp_gain":0,"max_hp_loss":24,"event_name":"Vampires","floor":22,"gold_loss":0,"cards_obtained":["Bite","Bite","Bite","Bite","Bite"]},{"damage_healed":0,"gold_gain":0,"player_choice":"Obtained Book","damage_taken":16,"max_hp_gain":0,"max_hp_loss":0,"event_name":"Cursed Tome","floor":30,"gold_loss":0},{"damage_healed":0,"gold_gain":0,"player_choice":"Shed Blood","damage_taken":14,"max_hp_gain":5,"max_hp_loss":0,"event_name":"Forgotten Altar","floor":31,"gold_loss":0}],"is_beta":false,"boss_relics":[{"not_picked":["Eternal Feather","Black Star"],"picked":"Coffee Dripper"}],"items_purged_floors":[],"is_endless":false,"potions_floor_spawned":[7,10,14,19,24,28,29],"killed_by":"Collector","ascension_level":0}