{"gold_per_floor":[116,116,116,129,129,129,162,174,197,216,141,141,41,51,51,155,155,175,187,286,286,161,161,177,27,97,97,108,55,70,82,82,182,182,195,214,225,325,325,325,358,183,183,201,201,1,1,20,20,20],"floor_reached":51,"playtime":1399,"items_purged":["Strike_R","Strike_R","Strike_R","Strike_R","Defend_R","Bash+1"],"score":877,"play_id":"853ea9fe-374a-43a3-8b29-575c55284f57","local_time":"20190310151840","is_ascension_mode":false,"campfire_choices":[{"data":"Rampage","floor":6.0,"key":"SMITH"},{"data":"Bash","floor":12.0,"key":"SMITH"},{"data":"Defend_R","floor":15.0,"key":"SMITH"},{"data":"Defend_R","floor":23.0,"key":"SMITH"},{"data":"Defend_R","floor":27.0,"key":"SMITH"},{"data":"Shrug It Off","floor":32.0,"key":"SMITH"},{"floor":40.0,"key":"REST"},{"floor":45,"key":"REST"},{"floor":49,"key":"RECALL"}],"neow_cost":"NONE","seed_source_timestamp":99382497419088,"circlet_count":0,"master_deck":["Defend_R+1","Defend_R+1","Defend_R+1","Rampage+1","Shrug It Off+1"],"special_seed":0,"relics":["Burning Blood","Ancient Tea Set","Bag of Marbles","Red Skull","Regal Pillow","Runic Pyramid","Bottled Flame","Fusion Hammer","Nunchaku","Whetstone","Peace Pipe"],"potions_floor_usage":[50],"damage_taken":[{"damage":7.0,"enemies":"2 Louse","floor":1.0,"turns":3.0},{"damage":3.0,"enemies":"Jaw Worm","floor":4.0,"turns":4.0},{"damage":36.0,"enemies":"Lagavulin","floor":7.0,"turns":6.0},{"damage":0.0,"enemies":"Small Slimes","floor":8.0,"turns":3.0},{"damage":26.0,"enemies":"Exordium Thugs","floor":10.0,"turns":4.0},{"damage":0.0,"enemies":"Red Slaver","floor":14.0,"turns":2.0},{"damage":25.0,"enemies":"The Guardian","floor":16.0,"turns":11.0},{"damage":20.0,"enemies":"2 Thieves","floor":18.0,"turns":5.0},{"damage":19.0,"enemies":"3 Byrds","floor":19.0,"turns":5.0},{"damage":2.0,"enemies":"Cultist and Chosen","floor":24.0,"turns":4.0},{"damage":9.0,"enemies":"Snake Plant","floor":28.0,"turns":3.0},{"damage":4.0,"enemies":"Shelled Parasite and Fungi","floor":30.0,"turns":6.0},{"damage":11.0,"enemies":"Cultist and Chosen","floor":31.0,"turns":6.0},{"damage":0.0,"enemies":"Collector","floor":33.0,"turns":4.0},{"damage":12.0,"enemies":"Orb Walker","floor":35.0,"turns":4.0},{"damage":8.0,"enemies":"3 Shapes","floor":36.0,"turns":4.0},{"damage":16.0,"enemies":"Jaw Worm Horde","floor":37.0,"turns":4.0},{"damage":0.0,"enemies":"Mind Bloom Boss Battle","floor":38.0,"turns":4.0},{"damage":62.0,"enemies":"Nemesis","floor":41.0,"turns":11.0},{"damage":0,"enemies":"Sphere and 2 Shapes","floor":44,"turns":4},{"damage":0,"enemies":"3 Darklings","floor":48,"turns":4},{"damage":1,"enemies":"Donu and Deca","floor":50,"turns":7}],"seed_played":"3915674445292619730","potions_obtained":[{"floor":4.0,"key":"Strength Potion"},{"floor":7.0,"key":"PowerPotion"},{"floor":10.0,"key":"AttackPotion"},{"floor":24.0,"key":"Block Potion"},{"floor":30.0,"key":"Energy Potion"},{"floor":31.0,"key":"Swift Potion"},{"floor":33.0,"key":"SteroidPotion"},{"floor":37.0,"key":"Block Potion"},{"floor":48,"key":"Energy Potion"}],"is_trial":false,"path_per_floor":["M","?","T","M","?","R","E","M","T","M","$","R","$","M","R","B",null,"M","M","?","?","$","R","M","$","T","R","M","$","M","M","R","B",null,"M","M","M","?","?","R","E","$","T","M","R","$","?","M","R","B",null],"character_chosen":"IRONCLAD","items_purchased":["Shrug It Off"],"campfire_rested":2,"item_purchase_floors":[29],"current_hp_per_floor":[79,84,84,85,85,85,55,61,61,41,41,41,41,47,47,28,85,71,58,58,58,58,58,62,62,62,62,59,59,61,56,56,62,85,79,77,67,73,73,85,29,29,29,35,75,75,75,81,81,85],"gold":20,"neow_bonus":"REMOVE_CARD","is_prod":false,"is_daily":false,"chose_seed":false,"campfire_upgraded":6,"win_rate":0,"timestamp":1552227520,"path_taken":["M","?","?","M","?","R","E","M","T","?","$","R","?","M","R","BOSS","M","M","?","?","$","R","M","?","T","R","M","$","?","M","R","BOSS","M","M","M","?","?","R","E","$","T","M","R","$","?","M","R","BOSS"],"build_version":"2019-01-23","purchased_purges":6,"victory":true,"max_hp_per_floor":[80,85,85,85,85,85,85,85,85,85,85,85,85,85,85,85,85,85,85,85,85,85,85,85,85,85,85,85,85,85,85,85,85,85,85,85,85,85,85,85,85,85,85,85,85,85,85,85,85,85],"card_choices":[{"not_picked":["Thunderclap","True Grit","Metallicize"],"picked":"SKIP","floor":1.0},{"not_picked":["Shrug It Off","Feel No Pain"],"picked":"Rampage","floor":4.0},{"not_picked":["Inflame","Reckless Charge","Anger"],"picked":"SKIP","floor":7.0},{"not_picked":["Twin Strike","Sword Boomerang","Cleave"],"picked":"SKIP","floor":8.0},{"not_picked":["Thunderclap","Entrench","Inflame"],"picked":"SKIP","floor":10.0},{"not_picked":["Feel No Pain","Sentinel","Rage"],"picked":"SKIP","floor":14.0},{"not_picked":["Thunderclap","Feel No Pain+1","True Grit"],"picked":"SKIP","floor":18.0},{"not_picked":["Power Through","Anger+1","Evolve"],"picked":"SKIP","floor":19.0},{"not_picked":["Power Through","Anger+1","Evolve"],"picked":"SKIP","floor":19.0},{"not_picked":["Dual Wield+1","Hemokinesis","Body Slam+1"],"picked":"SKIP","floor":24.0},{"not_picked":["Hemokinesis","Fire Breathing","Pummel+1"],"picked":"SKIP","floor":28.0},{"not_picked":["Havoc","Pummel","Headbutt+1"],"picked":"SKIP","floor":30.0},{"not_picked":["Perfected Strike+1","Disarm","Reckless Charge"],"picked":"SKIP","floor":31.0},{"not_picked":["Body Slam","Twin Strike","Pommel Strike"],"picked":"SKIP","floor":35.0},{"not_picked":["Power Through+1","Heavy Blade","Warcry+1"],"picked":"SKIP","floor":36.0},{"not_picked":["Pommel Strike","Pummel+1","Entrench+1"],"picked":"SKIP","floor":37.0},{"not_picked":["Anger+1","Heavy Blade","Perfected Strike"],"picked":"SKIP","floor":41.0},{"not_picked":["Anger+1","True Grit+1","Thunderclap"],"picked":"SKIP","floor":44},{"not_picked":["Warcry+1","Body Slam+1","Whirlwind"],"picked":"SKIP","floor":48}],"player_experience":972345,"relics_obtained":[{"floor":3.0,"key":"Ancient Tea Set"},{"floor":7.0,"key":"Red Skull"},{"floor":9.0,"key":"Regal Pillow"},{"floor":26.0,"key":"Bottled Flame"},{"floor":38.0,"key":"Nunchaku"},{"floor":41.0,"key":"Whetstone"},{"floor":43,"key":"Peace Pipe"}],"event_choices":[{"damage_healed":0.0,"max_hp_gain":5.0,"max_hp_loss":0.0,"gold_gain":0.0,"event_name":"Big Fish","player_choice":"Donut","floor":2.0,"gold_loss":0.0,"damage_taken":0.0},{"damage_healed":0.0,"max_hp_gain":0.0,"max_hp_loss":0.0,"gold_gain":0.0,"event_name":"WeMeetAgain","player_choice":"Gave Potion","floor":5.0,"gold_loss":0.0,"damage_taken":0.0,"relics_obtained":["Bag of Marbles"]},{"damage_healed":0.0,"max_hp_gain":0.0,"max_hp_loss":0.0,"gold_gain":99.0,"event_name":"Nest","player_choice":"Stole From Cult","floor":20.0,"gold_loss":0.0,"damage_taken":0.0},{"damage_healed":0.0,"max_hp_gain":0.0,"max_hp_loss":0.0,"gold_gain":0.0,"event_name":"Vampires","player_choice":"Ignored","floor":21.0,"gold_loss":0.0,"damage_taken":0.0},{"damage_healed":0.0,"max_hp_gain":0.0,"max_hp_loss":0.0,"gold_gain":0.0,"event_name":"MindBloom","player_choice":"Fight","floor":38.0,"gold_loss":0.0,"damage_taken":0.0},{"damage_healed":0.0,"max_hp_gain":0.0,"max_hp_loss":0.0,"gold_gain":0.0,"event_name":"Tomb of Lord Red Mask","player_choice":"Ignored","floor":39.0,"gold_loss":0.0,"damage_taken":0.0},{"damage_healed":0,"gold_gain":0,"player_choice":"Memory 1","damage_taken":0,"max_hp_gain":0,"max_hp_loss":0,"event_name":"SensoryStone","floor":47,"gold_loss":0}],"is_beta":false,"boss_relics":[{"not_picked":["Pandora\u0027s Box","Snecko Eye"],"picked":"Runic Pyramid"},{"not_picked":["Black Blood","White Beast Statue"],"picked":"Fusion Hammer"}],"items_purged_floors":[11,13,22,25,42,46],"is_endless":false,"potions_floor_spawned":[4,7,10,24,30,31,33,35,37,48],"ascension_level":0}