{"path_per_floor":["M","M","?","M","M","R","E","M","T","R","?","E","R","E","R","B",null,"M","M","$","M","?","R","E","R","T","?","M","$","?","M","R","B",null,"M","$","?","M","T","R","E","R","T","E","M","?","$","?","R","B"],"character_chosen":"DEFECT","items_purchased":["Blue Candle","Capacitor"],"gold_per_floor":[10,23,23,37,55,55,88,106,131,131,131,157,157,186,186,284,284,297,316,14,31,31,31,56,56,109,109,127,52,52,71,71,175,175,189,89,89,108,133,133,167,167,216,241,255,255,130,130,130,130],"floor_reached":51,"campfire_rested":2,"playtime":2761,"current_hp_per_floor":[65,64,69,68,64,64,62,53,60,60,60,62,62,60,60,48,80,73,66,66,51,51,51,36,63,63,63,62,62,62,55,55,27,78,63,63,65,64,64,64,56,56,56,52,48,48,48,48,78,71],"items_purged":["Decay","Defend_B","Defend_B"],"gold":130,"score":1017,"play_id":"f11080e3-13b8-4c28-a30f-768f291867da","local_time":"20180512113507","is_prod":false,"is_daily":false,"chose_seed":false,"is_ascension_mode":true,"campfire_upgraded":8,"timestamp":1526117707,"path_taken":["M","M","?","M","M","R","E","M","T","R","?","E","R","E","R","BOSS","M","M","$","M","?","R","E","R","T","?","M","?","?","M","R","BOSS","M","$","?","M","?","R","E","R","T","E","M","?","$","?","R","BOSS"],"build_version":"2018-05-11","seed_source_timestamp":20189446430753,"purchased_purges":3,"victory":true,"master_deck":["Strike_B","Defend_B","Zap+1","Dualcast","Consume+1","Electrodynamics+1","Glacier","Coolheaded+1","Blizzard","Cold Snap","Defragment+1","FTL","Fission+1","Static Discharge","Skim+1","Capacitor+1","Coolheaded+1","Injury","Chaos+1","Reboot","Reprogram+1","Fusion+1","Ball Lightning","Steam"],"max_hp_per_floor":[75,75,80,80,80,80,80,80,87,87,87,89,89,91,91,91,91,91,91,91,91,91,91,93,93,93,93,93,93,93,95,95,95,95,97,97,99,99,99,99,99,99,99,101,101,101,101,101,101,101],"relics":["Cracked Core","Singing Bowl","Strawberry","Lantern","Juzu Bracelet","Cursed Key","Blue Candle","Bag of Preparation","Omamori","Nuclear Battery","Anchor","Pen Nib","Art of War","Oddly Smooth Stone"],"card_choices":[{"not_picked":["Hologram","Stack"],"picked":"Glacier","floor":1.0},{"not_picked":["Hello World","Axe Kick"],"picked":"Coolheaded","floor":2.0},{"not_picked":["Doom and Gloom","Reprogram"],"picked":"Blizzard","floor":4.0},{"not_picked":["Beam Cell","Glacier"],"picked":"Cold Snap","floor":5.0},{"not_picked":["Scrape","Storm"],"picked":"Defragment","floor":7.0},{"not_picked":["Steam","Axe Kick"],"picked":"FTL","floor":8.0},{"not_picked":["Blizzard","Turbo","Recycle"],"picked":"Singing Bowl","floor":12.0},{"not_picked":["Undo","Streamline","Rainbow"],"picked":"Singing Bowl","floor":14.0},{"not_picked":["Hyperbeam","Thunder Strike"],"picked":"Fission","floor":16.0},{"not_picked":["Tempest","Coolheaded"],"picked":"Static Discharge","floor":18.0},{"not_picked":["Rebound","Rip and Tear"],"picked":"Skim","floor":19.0},{"not_picked":["Cold Snap","Sunder"],"picked":"Coolheaded+1","floor":21.0},{"not_picked":["Skim","Hologram","Genetic Algorithm"],"picked":"Singing Bowl","floor":24.0},{"not_picked":["Coolheaded","White Noise"],"picked":"Chaos+1","floor":28.0},{"not_picked":["Capacitor","Coolheaded+1","Storm"],"picked":"Singing Bowl","floor":31.0},{"not_picked":["Buffer","Biased Cognition"],"picked":"Reboot","floor":33.0},{"not_picked":["Turbo","Cold Snap","Doom and Gloom"],"picked":"Singing Bowl","floor":35.0},{"not_picked":["Deep Breath","Dark Shackles","Flash of Steel"],"picked":"Singing Bowl","floor":37.0},{"not_picked":["Lockon+1","Hello World+1"],"picked":"Reprogram+1","floor":38.0},{"not_picked":["Undo+1","Self Repair+1"],"picked":"Fusion","floor":41.0},{"not_picked":["Biased Cognition","Sweeping Beam+1","Go for the Eyes"],"picked":"Singing Bowl","floor":44},{"not_picked":["FTL","Coolheaded"],"picked":"Ball Lightning","floor":45}],"player_experience":645829,"potions_floor_usage":[44,44],"damage_taken":[{"damage":3.0,"enemies":"Jaw Worm","floor":1.0,"turns":4.0},{"damage":1.0,"enemies":"Small Slimes","floor":2.0,"turns":4.0},{"damage":1.0,"enemies":"2 Louse","floor":4.0,"turns":3.0},{"damage":4.0,"enemies":"Blue Slaver","floor":5.0,"turns":6.0},{"damage":2.0,"enemies":"3 Sentries","floor":7.0,"turns":7.0},{"damage":9.0,"enemies":"Red Slaver","floor":8.0,"turns":5.0},{"damage":0.0,"enemies":"Lagavulin","floor":12.0,"turns":7.0},{"damage":4.0,"enemies":"3 Sentries","floor":14.0,"turns":4.0},{"damage":12.0,"enemies":"Hexaghost","floor":16.0,"turns":8.0},{"damage":7.0,"enemies":"Shell Parasite","floor":18.0,"turns":6.0},{"damage":7.0,"enemies":"3 Byrds","floor":19.0,"turns":1.0},{"damage":15.0,"enemies":"Snake Plant","floor":21.0,"turns":4.0},{"damage":17.0,"enemies":"Gremlin Leader","floor":24.0,"turns":6.0},{"damage":1.0,"enemies":"Snecko","floor":28.0,"turns":8.0},{"damage":9.0,"enemies":"3 Cultists","floor":31.0,"turns":4.0},{"damage":28.0,"enemies":"Collector","floor":33.0,"turns":7.0},{"damage":17.0,"enemies":"3 Darklings","floor":35.0,"turns":5.0},{"damage":1.0,"enemies":"Flame Bruiser 1 Orb","floor":38.0,"turns":7.0},{"damage":8.0,"enemies":"Nemesis","floor":41.0,"turns":8.0},{"damage":6,"enemies":"2 Orb Walkers","floor":44,"turns":4},{"damage":4,"enemies":"Sphere and 2 Shapes","floor":45,"turns":6},{"damage":7,"enemies":"Time Eater","floor":50,"turns":11}],"event_choices":[{"event_name":"Big Fish","player_choice":"Donut","floor":3.0,"damage_taken":0.0},{"event_name":"Liars Game","player_choice":"disagreed","floor":11.0,"damage_taken":0.0},{"event_name":"Accursed Blacksmith","player_choice":"Forge","floor":22.0,"damage_taken":0.0},{"event_name":"Drug Dealer","player_choice":"Ignored","floor":27.0,"damage_taken":0.0},{"event_name":"The Woman in Blue","player_choice":"Bought 0 Potions","floor":30.0,"damage_taken":0.0},{"event_name":"SensoryStone","player_choice":"Memory 1","floor":37.0,"damage_taken":0.0},{"event_name":"Transmorgrifier","player_choice":"Transform","floor":48,"damage_taken":0}],"boss_relics":[],"potions_floor_spawned":[1,5,8,14,16,18,21,24,38,41,44],"seed_played":"-7533673055943871769","ascension_level":7,"is_trial":false}