{"gold_per_floor":[116,18,34,134,151,151,165,165,165,65,76,76,95,124,124,225,225,242,3,17,31,46,46,60,60,60,79,79,4,19,38,38,38],"floor_reached":33,"playtime":1393,"items_purged":["Defend_G","Strike_G"],"score":266,"play_id":"068bc1df-4bc7-4c51-9c25-5a8101b671f6","local_time":"20190109130553","is_ascension_mode":true,"campfire_choices":[{"data":"Neutralize","floor":6.0,"key":"SMITH"},{"data":"Setup","floor":8.0,"key":"SMITH"},{"data":"Cloak And Dagger","floor":12.0,"key":"SMITH"},{"data":"A Thousand Cuts","floor":15.0,"key":"SMITH"},{"floor":23,"key":"REST"},{"data":"After Image","floor":25,"key":"SMITH"},{"data":"Well Laid Plans","floor":32,"key":"SMITH"}],"neow_cost":"NONE","seed_source_timestamp":227948367382407,"circlet_count":0,"master_deck":["Defend_G","Defend_G","Defend_G","Defend_G","Strike_G","Strike_G","Strike_G","Survivor","Neutralize+1","Cloak And Dagger+1","Dagger Spray","Setup+1","A Thousand Cuts+1","Slice","Backflip","After Image+1","Dagger Throw","Outmaneuver+1","Slice","Deflect+1","Slice+1","Well Laid Plans+1"],"special_seed":0,"relics":["Ring of the Snake","Sundial","Pantograph","WristBlade","Sling","Anchor"],"potions_floor_usage":[21],"damage_taken":[{"damage":0.0,"enemies":"Cultist","floor":1.0,"turns":5.0},{"damage":0.0,"enemies":"Jaw Worm","floor":3.0,"turns":5.0},{"damage":1.0,"enemies":"2 Louse","floor":5.0,"turns":3.0},{"damage":18.0,"enemies":"Exordium Thugs","floor":7.0,"turns":6.0},{"damage":13.0,"enemies":"Lots of Slimes","floor":11.0,"turns":2.0},{"damage":0.0,"enemies":"Exordium Wildlife","floor":13.0,"turns":3.0},{"damage":17.0,"enemies":"Gremlin Nob","floor":14.0,"turns":6.0},{"damage":40.0,"enemies":"Slime Boss","floor":16.0,"turns":8.0},{"damage":11,"enemies":"3 Byrds","floor":18,"turns":6},{"damage":0,"enemies":"Spheric Guardian","floor":20,"turns":3},{"damage":5,"enemies":"Chosen and Byrds","floor":21,"turns":7},{"damage":22,"enemies":"Centurion and Healer","floor":22,"turns":7},{"damage":13,"enemies":"Snake Plant","floor":24,"turns":6},{"damage":0,"enemies":"Cultist and Chosen","floor":27,"turns":5},{"damage":9,"enemies":"Snecko","floor":30,"turns":6},{"damage":18,"enemies":"Shelled Parasite and Fungi","floor":31,"turns":6},{"damage":25,"enemies":"Champ","floor":33,"turns":8}],"seed_played":"5891807129852641973","potions_obtained":[{"floor":7.0,"key":"Dexterity Potion"},{"floor":14.0,"key":"LiquidBronze"},{"floor":16.0,"key":"FearPotion"},{"floor":18,"key":"GamblersBrew"},{"floor":21,"key":"Poison Potion"}],"is_trial":false,"path_per_floor":["M","$","M","?","M","R","M","R","T","$","M","R","M","E","R","B",null,"M","$","M","M","M","R","M","R","T","M","?","$","M","M","R","B"],"character_chosen":"THE_SILENT","items_purchased":["Dagger Spray","Sling","Dagger Throw","Well Laid Plans"],"campfire_rested":1,"item_purchase_floors":[2,19,19,29],"current_hp_per_floor":[70,70,70,70,69,69,51,51,51,51,38,38,38,21,21,6,70,59,59,59,54,32,53,40,40,40,40,40,40,31,13,13,13],"gold":38,"neow_bonus":"REMOVE_CARD","is_prod":false,"is_daily":false,"chose_seed":false,"campfire_upgraded":6,"win_rate":0,"timestamp":1547035553,"path_taken":["M","$","M","?","M","R","M","R","T","$","M","R","M","E","R","BOSS","M","?","M","M","M","R","M","R","T","M","?","?","M","M","R","BOSS"],"build_version":"2019-01-03v4","purchased_purges":2,"victory":false,"max_hp_per_floor":[70,70,70,70,70,70,70,70,70,70,70,70,70,70,70,70,70,70,70,70,70,70,70,70,70,70,70,70,70,70,70,70,70],"card_choices":[{"not_picked":["Deflect","Expertise"],"picked":"Cloak And Dagger","floor":1.0},{"not_picked":["Dagger Spray","Sucker Punch"],"picked":"Setup","floor":3.0},{"not_picked":["Distraction","Bouncing Flask","Flechettes"],"picked":"SKIP","floor":5.0},{"not_picked":["Blade Dance","Dagger Spray"],"picked":"A Thousand Cuts","floor":7.0},{"not_picked":["PiercingWail","Sucker Punch"],"picked":"Slice","floor":11.0},{"not_picked":["Dodge and Roll","Blade Dance","Deadly Poison"],"picked":"SKIP","floor":13.0},{"not_picked":["Slice","Expertise"],"picked":"Backflip","floor":14.0},{"not_picked":["Doppelganger","Phantasmal Killer"],"picked":"After Image","floor":16.0},{"not_picked":["Underhanded Strike+1","Escape Plan+1","Bane"],"picked":"SKIP","floor":18},{"not_picked":["Endless Agony+1","Eviscerate"],"picked":"Outmaneuver+1","floor":20},{"not_picked":["Noxious Fumes","Dodge and Roll"],"picked":"Slice","floor":21},{"not_picked":["Deadly Poison","Skewer","Quick Slash+1"],"picked":"SKIP","floor":22},{"not_picked":["Masterful Stab","Underhanded Strike"],"picked":"Deflect+1","floor":24},{"not_picked":["Quick Slash","Bullet Time"],"picked":"Slice+1","floor":27},{"not_picked":["Quick Slash","Dagger Throw+1","Endless Agony+1"],"picked":"SKIP","floor":30},{"not_picked":["Quick Slash","Backstab+1","Sucker Punch+1"],"picked":"SKIP","floor":31}],"player_experience":640564,"relics_obtained":[{"floor":9.0,"key":"Sundial"},{"floor":14.0,"key":"Pantograph"},{"floor":26,"key":"Anchor"}],"event_choices":[{"damage_healed":0.0,"max_hp_gain":0.0,"max_hp_loss":0.0,"gold_gain":100.0,"event_name":"Wheel of Change","player_choice":"Gold","floor":4.0,"gold_loss":0.0,"damage_taken":0.0},{"damage_healed":0,"gold_gain":0,"player_choice":"Ignored","damage_taken":0,"max_hp_gain":0,"max_hp_loss":0,"event_name":"Ghosts","floor":28,"gold_loss":0}],"is_beta":false,"boss_relics":[{"not_picked":["White Beast Statue","Philosopher\u0027s Stone"],"picked":"WristBlade"}],"items_purged_floors":[2,10],"is_endless":false,"potions_floor_spawned":[7,14,16,18,20,21],"killed_by":"Champ","ascension_level":1}