{"gold_per_floor":[112,112,132,185,208,249,249,293,293,12,26,49,49,49,49,180,180,194,293,311,106,106,106,150,175,175,188,108,146,146,160,160,160],"floor_reached":33,"playtime":1529,"items_purged":["Injury","Strike_G","Strike_G"],"score":379,"play_id":"242293d9-b4d1-41f6-a541-4cf0a7585451","local_time":"20190729224028","is_ascension_mode":true,"campfire_choices":[{"data":"All Out Attack","floor":7,"key":"SMITH"},{"data":"Dagger Spray","floor":13,"key":"SMITH"},{"data":"Malaise","floor":15,"key":"SMITH"},{"floor":23,"key":"RECALL"},{"data":"Catalyst","floor":30,"key":"SMITH"},{"data":"All Out Attack","floor":32,"key":"SMITH"}],"neow_cost":"NONE","seed_source_timestamp":1569538373328015,"circlet_count":0,"master_deck":["Strike_G","Strike_G","Defend_G","Defend_G","Defend_G+1","Defend_G","Defend_G","Survivor","Neutralize","Backstab","Backflip","All Out Attack+1","Cloak And Dagger","Flying Knee","Bullet Time+1","Malaise+1","Dagger Spray+1","Venomology","Dagger Spray+1","Masterful Stab","Catalyst+1","Backstab","All Out Attack+1"],"relics":["Ring of the Snake","Golden Idol","Smiling Mask","The Courier","Ninja Scroll","Pear","Lee\u0027s Waffle","War Paint","Coffee Dripper","TwistedFunnel","Bag of Preparation","Turnip"],"potions_floor_usage":[6,6,24,25,27,29,31,33,33,33,33],"damage_taken":[{"damage":0,"enemies":"Small Slimes","floor":1,"turns":3},{"damage":0,"enemies":"Jaw Worm","floor":3,"turns":5},{"damage":0,"enemies":"Cultist","floor":5,"turns":3},{"damage":31,"enemies":"3 Sentries","floor":6,"turns":12},{"damage":29,"enemies":"Gremlin Nob","floor":8,"turns":5},{"damage":0,"enemies":"Red Slaver","floor":11,"turns":2},{"damage":7,"enemies":"Large Slime","floor":12,"turns":6},{"damage":39,"enemies":"Slime Boss","floor":16,"turns":9},{"damage":3,"enemies":"Shell Parasite","floor":18,"turns":6},{"damage":8,"enemies":"2 Thieves","floor":20,"turns":2},{"damage":1,"enemies":"Gremlin Leader","floor":24,"turns":8},{"damage":9,"enemies":"Snake Plant","floor":25,"turns":5},{"damage":32,"enemies":"Centurion and Healer","floor":27,"turns":4},{"damage":15,"enemies":"Slavers","floor":29,"turns":5},{"damage":3,"enemies":"Cultist and Chosen","floor":31,"turns":2},{"damage":69,"enemies":"Automaton","floor":33,"turns":6}],"seed_played":"6023399974420783962","potions_obtained":[{"floor":0,"key":"Regen Potion"},{"floor":0,"key":"EssenceOfSteel"},{"floor":0,"key":"SpeedPotion"},{"floor":1,"key":"Weak Potion"},{"floor":16,"key":"Regen Potion"},{"floor":27,"key":"PowerPotion"}],"is_trial":false,"path_per_floor":["M","?","M","T","M","E","R","E","T","$","M","M","R","?","R","B",null,"M","?","M","$","?","R","E","M","T","M","$","E","R","M","R","B"],"character_chosen":"THE_SILENT","items_purchased":["Lee\u0027s Waffle","Bullet Time","TwistedFunnel","Backstab"],"campfire_rested":0,"item_purchase_floors":[10,10,21,28],"current_hp_per_floor":[70,70,70,70,70,45,45,16,26,87,87,80,80,77,77,38,87,84,84,76,76,76,76,75,66,66,43,43,28,28,25,25,0],"gold":160,"neow_bonus":"THREE_SMALL_POTIONS","is_prod":false,"is_daily":false,"chose_seed":false,"campfire_upgraded":5,"win_rate":0,"timestamp":1564454428,"path_taken":["M","?","M","?","M","E","R","E","T","$","M","M","R","?","R","BOSS","M","?","M","$","?","R","E","?","T","M","?","E","R","M","R","BOSS"],"build_version":"2019-07-17","purchased_purges":3,"victory":false,"max_hp_per_floor":[70,70,70,70,70,70,70,70,80,87,87,87,87,87,87,87,87,87,87,87,87,87,87,87,87,87,87,87,87,87,87,87,87],"card_choices":[{"not_picked":["Dodge and Roll","Eviscerate"],"picked":"Backstab","floor":1},{"not_picked":["Flying Knee","Calculated Gamble"],"picked":"Backflip","floor":3},{"not_picked":["Dash","Deadly Poison"],"picked":"All Out Attack","floor":5},{"not_picked":["Accuracy","Setup"],"picked":"Cloak And Dagger","floor":6},{"not_picked":["Underhanded Strike","Endless Agony"],"picked":"Flying Knee","floor":8},{"not_picked":["Outmaneuver","Bane"],"picked":"Malaise","floor":11},{"not_picked":["Expertise","Backstab"],"picked":"Dagger Spray","floor":12},{"not_picked":["Envenom","Burst"],"picked":"Venomology","floor":16},{"not_picked":["Sucker Punch","Concentrate"],"picked":"Dagger Spray+1","floor":18},{"not_picked":["Backflip","Terror"],"picked":"Masterful Stab","floor":20},{"not_picked":["Slice+1","Endless Agony"],"picked":"Catalyst","floor":24},{"not_picked":["Infinite Blades","Caltrops","Backflip"],"picked":"SKIP","floor":25},{"not_picked":["Prepared","Predator+1","Outmaneuver+1"],"picked":"SKIP","floor":27},{"not_picked":["Acrobatics","Calculated Gamble+1","Flechettes"],"picked":"SKIP","floor":29},{"not_picked":["Bane","Dagger Throw+1"],"picked":"All Out Attack","floor":31}],"player_experience":225861,"relics_obtained":[{"floor":4,"key":"Smiling Mask"},{"floor":6,"key":"The Courier"},{"floor":8,"key":"Ninja Scroll"},{"floor":9,"key":"Pear"},{"floor":24,"key":"Bag of Preparation"},{"floor":29,"key":"Turnip"}],"event_choices":[{"damage_healed":0,"gold_gain":0,"player_choice":"Take Wound","damage_taken":0,"relics_obtained":["Golden Idol"],"max_hp_gain":0,"max_hp_loss":0,"event_name":"Golden Idol","floor":2,"gold_loss":0,"cards_obtained":["Injury"]},{"damage_healed":0,"gold_gain":0,"player_choice":"Success","damage_taken":3,"relics_obtained":["War Paint"],"max_hp_gain":0,"max_hp_loss":0,"event_name":"Scrap Ooze","floor":14,"gold_loss":0},{"damage_healed":0,"gold_gain":99,"player_choice":"Stole From Cult","damage_taken":0,"max_hp_gain":0,"max_hp_loss":0,"event_name":"Nest","floor":19,"gold_loss":0},{"cards_removed":["Strike_G"],"damage_healed":0,"gold_gain":0,"player_choice":"Card Removal","damage_taken":0,"max_hp_gain":0,"max_hp_loss":0,"event_name":"Wheel of Change","floor":22,"gold_loss":0}],"is_beta":false,"boss_relics":[{"not_picked":["HoveringKite","White Beast Statue"],"picked":"Coffee Dripper"}],"items_purged_floors":[10,21,28],"is_endless":false,"potions_floor_spawned":[1,5,16,18,27],"killed_by":"Automaton","ascension_level":4}