{"gold_per_floor":[116,116,128,128,403,403,421,462,462,462,503,503,109,149,149,240,240,263,286,286,300,49,49,80,5,5,5,5,5,5,5],"floor_reached":31,"playtime":944,"items_purged":["Regret"],"score":684,"play_id":"40db209d-a86a-4249-a8ce-3d197f706ec7","local_time":"20190419132618","is_ascension_mode":true,"campfire_choices":[{"data":"Hyperbeam","floor":6,"key":"SMITH"},{"floor":10,"key":"REST"},{"data":"Defragment","floor":12,"key":"SMITH"},{"data":"Zap","floor":15,"key":"SMITH"},{"floor":23,"key":"REST"},{"data":"Consume","floor":28,"key":"SMITH"}],"neow_cost":"NONE","seed_source_timestamp":292861207215900,"circlet_count":0,"master_deck":["AscendersBane","Strike_B","Strike_B","Defend_B","Defend_B","Defend_B","Defend_B","Zap+1","Dualcast","Hyperbeam+1","Defragment+1","Cold Snap","Cold Snap","Chill","Machine Learning","Electrodynamics","Consume+1","Heatsinks","Self Repair","Blizzard"],"relics":["Cracked Core","Golden Idol","Mercury Hourglass","Oddly Smooth Stone","Omamori","Medical Kit","Mummified Hand","Inserter","Regal Pillow","Shuriken","Nunchaku","Question Card"],"potions_floor_usage":[11,16,31,31],"damage_taken":[{"damage":7,"enemies":"Jaw Worm","floor":1,"turns":2},{"damage":0,"enemies":"2 Louse","floor":3,"turns":2},{"damage":4,"enemies":"Cultist","floor":7,"turns":3},{"damage":3,"enemies":"3 Sentries","floor":8,"turns":2},{"damage":15,"enemies":"Lagavulin","floor":11,"turns":5},{"damage":2,"enemies":"3 Sentries","floor":14,"turns":2},{"damage":0,"enemies":"The Guardian","floor":16,"turns":8},{"damage":0,"enemies":"2 Thieves","floor":18,"turns":1},{"damage":26,"enemies":"Shell Parasite","floor":19,"turns":5},{"damage":21,"enemies":"Snecko","floor":21,"turns":5},{"damage":21,"enemies":"Slavers","floor":24,"turns":5},{"damage":32,"enemies":"Book of Stabbing","floor":31,"turns":7}],"seed_played":"-4967559550011847200","potions_obtained":[{"floor":7,"key":"FocusPotion"},{"floor":11,"key":"SpeedPotion"},{"floor":19,"key":"Dexterity Potion"}],"is_trial":false,"path_per_floor":["M","?","M","?","?","R","M","E","T","R","E","R","$","E","R","B",null,"M","M","?","M","$","R","E","?","T","?","R","$","$","E"],"character_chosen":"DEFECT","items_purchased":["Chill","Medical Kit","PowerPotion","Regal Pillow","Self Repair"],"campfire_rested":2,"item_purchase_floors":[13,13,13,22,22],"current_hp_per_floor":[57,50,50,50,50,50,46,43,43,62,47,47,47,45,45,45,59,59,33,33,12,12,46,32,32,32,32,32,32,32,0],"gold":5,"neow_bonus":"ONE_RANDOM_RARE_CARD","is_prod":false,"is_daily":false,"chose_seed":false,"campfire_upgraded":4,"win_rate":0,"timestamp":1555647978,"path_taken":["M","?","M","?","?","R","?","E","T","R","E","R","?","E","R","BOSS","M","?","?","?","$","R","E","?","T","?","R","?","$","E"],"build_version":"2019-01-23","purchased_purges":1,"victory":false,"max_hp_per_floor":[71,71,71,64,64,64,64,64,64,64,64,64,64,64,64,64,64,64,64,64,64,64,64,64,64,64,64,64,64,64,64],"card_choices":[{"not_picked":["Rebound","Doom and Gloom"],"picked":"Defragment","floor":1},{"not_picked":["Conserve Battery","BootSequence"],"picked":"Cold Snap","floor":3},{"not_picked":["Beam Cell","Turbo"],"picked":"Cold Snap","floor":7},{"not_picked":["Gash","Amplify","Fusion"],"picked":"SKIP","floor":8},{"not_picked":["Auto Shields","Compile Driver","Darkness"],"picked":"SKIP","floor":11},{"not_picked":["Rip and Tear","Conserve Battery"],"picked":"Machine Learning","floor":14},{"not_picked":["Machine Learning","Rainbow"],"picked":"Electrodynamics","floor":16},{"not_picked":["Streamline","Gash+1","Rebound"],"picked":"SKIP","floor":18},{"not_picked":["Double Energy","Hologram"],"picked":"Consume","floor":19},{"not_picked":["Streamline","Force Field"],"picked":"Heatsinks","floor":21},{"not_picked":["Reinforced Body","Skim"],"picked":"Blizzard","floor":24}],"player_experience":3223774,"relics_obtained":[{"floor":8,"key":"Mercury Hourglass"},{"floor":9,"key":"Oddly Smooth Stone"},{"floor":11,"key":"Omamori"},{"floor":14,"key":"Mummified Hand"},{"floor":24,"key":"Shuriken"},{"floor":26,"key":"Nunchaku"}],"event_choices":[{"cards_removed":["Strike_B"],"damage_healed":0,"gold_gain":0,"player_choice":"Card Removal","damage_taken":7,"max_hp_gain":0,"max_hp_loss":0,"event_name":"Golden Wing","floor":2,"gold_loss":0},{"damage_healed":0,"gold_gain":0,"player_choice":"Lose Max HP","damage_taken":0,"relics_obtained":["Golden Idol"],"max_hp_gain":0,"max_hp_loss":7,"event_name":"Golden Idol","floor":4,"gold_loss":0},{"damage_healed":0,"gold_gain":275,"player_choice":"Desecrate","damage_taken":0,"max_hp_gain":0,"max_hp_loss":0,"event_name":"Golden Shrine","floor":5,"gold_loss":0,"cards_obtained":["Regret"]},{"damage_healed":0,"gold_gain":0,"player_choice":"Ignored","damage_taken":0,"max_hp_gain":0,"max_hp_loss":0,"event_name":"N\u0027loth","floor":20,"gold_loss":0},{"cards_removed":["Strike_B"],"damage_healed":0,"gold_gain":0,"player_choice":"Gave Gold","damage_taken":0,"max_hp_gain":0,"max_hp_loss":0,"event_name":"Beggar","floor":25,"gold_loss":75},{"damage_healed":0,"gold_gain":0,"player_choice":"Stole Relic","damage_taken":0,"relics_obtained":["Question Card"],"max_hp_gain":0,"max_hp_loss":0,"event_name":"Addict","floor":27,"gold_loss":0,"cards_obtained":["Shame"]}],"is_beta":false,"boss_relics":[{"not_picked":["Pandora\u0027s Box","Cursed Key"],"picked":"Inserter"}],"items_purged_floors":[13],"is_endless":false,"potions_floor_spawned":[7,11,19,21],"killed_by":"Book of Stabbing","ascension_level":20}