{"gold_per_floor":[109,109,120,120,120,120,135,135,135,162,162],"floor_reached":11,"playtime":280,"items_purged":[],"score":142,"play_id":"fb01d9b7-5db4-446d-a62e-8f54b4017052","local_time":"20190312214129","is_ascension_mode":true,"campfire_choices":[{"data":"Bash","floor":6,"key":"SMITH"},{"floor":8,"key":"REST"}],"neow_cost":"NONE","seed_source_timestamp":300560092365600,"circlet_count":0,"master_deck":["AscendersBane","Strike_R","Strike_R","Strike_R","Strike_R","Defend_R","Defend_R","Defend_R","Defend_R","Bash+1","Carnage+1"],"relics":["Burning Blood","NeowsBlessing","Boot","Art of War","Molten Egg 2","Vajra"],"potions_floor_usage":[10],"damage_taken":[{"damage":0,"enemies":"Cultist","floor":1,"turns":2},{"damage":0,"enemies":"2 Louse","floor":3,"turns":1},{"damage":0,"enemies":"Small Slimes","floor":7,"turns":1},{"damage":40,"enemies":"3 Sentries","floor":10,"turns":15},{"damage":22,"enemies":"Gremlin Gang","floor":11,"turns":3}],"seed_played":"-91212809030233200","potions_obtained":[{"floor":1,"key":"LiquidBronze"},{"floor":7,"key":"Fire Potion"}],"is_trial":false,"path_per_floor":["M","?","M","?","?","R","M","R","T","E","M"],"character_chosen":"IRONCLAD","items_purchased":[],"campfire_rested":1,"item_purchase_floors":[],"current_hp_per_floor":[74,74,75,49,49,49,55,75,75,41,19],"gold":162,"neow_bonus":"THREE_ENEMY_KILL","is_prod":false,"is_daily":false,"chose_seed":false,"campfire_upgraded":1,"win_rate":0,"timestamp":1552394489,"path_taken":["M","?","M","?","?","R","?","R","T","E","M"],"build_version":"2019-01-23","purchased_purges":0,"victory":false,"max_hp_per_floor":[75,75,75,75,75,75,75,75,75,75,75],"card_choices":[{"not_picked":["Headbutt","Pommel Strike","Body Slam"],"picked":"SKIP","floor":1},{"not_picked":["Havoc","Body Slam"],"picked":"Double Tap","floor":3},{"not_picked":["Warcry","Bloodletting","Uppercut"],"picked":"SKIP","floor":7},{"not_picked":["Armaments","Cleave+1"],"picked":"Carnage+1","floor":10}],"player_experience":2213430,"relics_obtained":[{"floor":9,"key":"Molten Egg 2"},{"floor":10,"key":"Vajra"}],"event_choices":[{"cards_removed":["Strike_R"],"damage_healed":0,"gold_gain":0,"player_choice":"Forget","damage_taken":0,"max_hp_gain":0,"max_hp_loss":0,"event_name":"Living Wall","floor":2,"gold_loss":0},{"damage_healed":0,"gold_gain":0,"player_choice":"Success","damage_taken":26,"relics_obtained":["Boot"],"max_hp_gain":0,"max_hp_loss":0,"event_name":"Scrap Ooze","floor":4,"gold_loss":0},{"cards_removed":["Double Tap"],"damage_healed":0,"gold_gain":0,"player_choice":"Gave Card","damage_taken":0,"relics_obtained":["Art of War"],"max_hp_gain":0,"max_hp_loss":0,"event_name":"WeMeetAgain","floor":5,"gold_loss":0}],"is_beta":false,"boss_relics":[],"items_purged_floors":[],"is_endless":false,"potions_floor_spawned":[1,7],"killed_by":"Gremlin Gang","ascension_level":20}