{"gold_per_floor":[118,118,130,55,71,71,97,97,146,181,234,291,291,291,291,414,414,428,441,441,58,58,58,97,97],"floor_reached":25,"playtime":2425,"items_purged":[],"score":338,"play_id":"9f82d067-0e1c-45f5-8e33-fd363db9f4ce","local_time":"20180805155629","is_ascension_mode":true,"campfire_choices":[{"floor":6.0,"key":"REST"},{"floor":8.0,"key":"REST"},{"floor":15.0,"key":"REST"},{"floor":23,"key":"REST"}],"neow_cost":"NONE","seed_source_timestamp":0,"circlet_count":0,"master_deck":["Strike_B","Strike_B","Strike_B","Strike_B","Defend_B","Defend_B","Defend_B","Zap","Dualcast","AscendersBane","Glacier","Melter","Storm","Aggregate","Ball Lightning","Redo+1","Doom and Gloom","Creative AI","Loop","Heatsinks","Static Discharge","Ball Lightning+1"],"special_seed":0,"relics":["Cracked Core","Regal Pillow","Omamori","Anchor","Juzu Bracelet","Vajra","Golden Idol","Velvet Choker","Pantograph","Orichalcum"],"potions_floor_usage":[24,24],"damage_taken":[{"damage":0.0,"enemies":"Cultist","floor":1.0,"turns":3.0},{"damage":4.0,"enemies":"Jaw Worm","floor":3.0,"turns":5.0},{"damage":0.0,"enemies":"Small Slimes","floor":5.0,"turns":3.0},{"damage":11.0,"enemies":"Lagavulin","floor":7.0,"turns":8.0},{"damage":6.0,"enemies":"3 Sentries","floor":10.0,"turns":6.0},{"damage":28.0,"enemies":"Gremlin Nob","floor":12.0,"turns":4.0},{"damage":48.0,"enemies":"The Guardian","floor":16.0,"turns":12.0},{"damage":25,"enemies":"3 Byrds","floor":18,"turns":4},{"damage":4,"enemies":"Shell Parasite","floor":19,"turns":6},{"damage":25,"enemies":"Gremlin Leader","floor":24,"turns":6},{"damage":56,"enemies":"3 Cultists","floor":25,"turns":5}],"seed_played":"-5164830045844030783","potions_obtained":[{"floor":3.0,"key":"Weak Potion"},{"floor":10.0,"key":"Strength Potion"},{"floor":12.0,"key":"FearPotion"},{"floor":19,"key":"EssenceOfSteel"}],"is_trial":false,"path_per_floor":["M","?","M","$","M","R","E","R","T","E","?","?","?","?","R","B",null,"M","M","?","$","?","R","E"],"character_chosen":"DEFECT","items_purchased":["Storm","Pantograph","Static Discharge","Fire Potion"],"campfire_rested":4,"item_purchase_floors":[4,21,21,21],"current_hp_per_floor":[68,68,64,64,64,75,64,75,75,69,69,41,41,41,75,27,63,38,34,34,34,34,71,46,0],"gold":97,"neow_bonus":"RANDOM_COMMON_RELIC","is_prod":false,"is_daily":false,"chose_seed":false,"campfire_upgraded":0,"win_rate":0,"timestamp":1533473789,"path_taken":["M","?","M","$","M","R","E","R","T","E","?","?","?","?","R","BOSS","M","M","?","$","?","R","E","M"],"build_version":"2018-08-02","purchased_purges":0,"victory":false,"max_hp_per_floor":[75,75,75,75,75,75,75,75,75,75,75,75,75,75,75,75,75,75,75,75,75,75,75,75,75],"card_choices":[{"not_picked":["Barrage","Compile Driver"],"picked":"Glacier","floor":1.0},{"not_picked":["Turbo","Darkness"],"picked":"Melter","floor":3.0},{"not_picked":["Streamline","Undo"],"picked":"Aggregate","floor":5.0},{"not_picked":["Barrage","Sweeping Beam"],"picked":"Ball Lightning","floor":7.0},{"not_picked":["Turbo","Melter"],"picked":"Redo","floor":10.0},{"not_picked":["Streamline","Machine Learning"],"picked":"Doom and Gloom","floor":12.0},{"not_picked":["Rainbow","Machine Learning"],"picked":"Creative AI","floor":16.0},{"not_picked":["Static Discharge+1","Consume"],"picked":"Loop","floor":18},{"not_picked":["Rebound+1","Gash"],"picked":"Heatsinks","floor":19},{"not_picked":["Sweeping Beam","Lockon"],"picked":"Ball Lightning+1","floor":24}],"player_experience":627047,"relics_obtained":[{"floor":7.0,"key":"Omamori"},{"floor":9.0,"key":"Anchor"},{"floor":10.0,"key":"Juzu Bracelet"},{"floor":24,"key":"Orichalcum"}],"event_choices":[{"event_name":"Bonfire Elementals","player_choice":"BASIC","floor":2.0,"damage_taken":0.0},{"event_name":"Golden Wing","player_choice":"Gained Gold","floor":11.0,"damage_taken":0.0},{"event_name":"Dead Adventurer","player_choice":"Searched \u00273\u0027 times","floor":12.0,"damage_taken":0.0},{"event_name":"Upgrade Shrine","player_choice":"Upgraded","floor":13.0,"damage_taken":0.0},{"event_name":"Golden Idol","player_choice":"Take Wound","floor":14.0,"damage_taken":0.0},{"event_name":"Match and Keep!","player_choice":"0 cards matched","floor":20,"damage_taken":0},{"event_name":"Drug Dealer","player_choice":"Ignored","floor":22,"damage_taken":0}],"is_beta":false,"boss_relics":[{"not_picked":["Runic Pyramid","Inserter"],"picked":"Velvet Choker"}],"items_purged_floors":[],"is_endless":false,"potions_floor_spawned":[3,10,12,19],"killed_by":"3 Cultists","ascension_level":10}