{"gold_per_floor":[109,124,124,139,221,221,254,404,451,14,14,44,79,90,90,90],"floor_reached":16,"playtime":438,"items_purged":[],"score":216,"play_id":"bf045356-66a9-429a-9e72-620fde6dd0cb","local_time":"20190303202134","is_ascension_mode":true,"campfire_choices":[{"data":"Barrage","floor":6,"key":"SMITH"},{"data":"Zap","floor":11,"key":"SMITH"},{"data":"Seek","floor":15,"key":"SMITH"}],"neow_cost":"NONE","seed_source_timestamp":159326085514400,"circlet_count":0,"master_deck":["AscendersBane","Strike_B","Strike_B","Strike_B","Strike_B","Defend_B","Defend_B","Defend_B","Zap+1","Dualcast","BootSequence","Seek+1","Barrage+1","Genetic Algorithm","Doubt","Cold Snap"],"relics":["Cracked Core","NeowsBlessing","Bottled Lightning","Mango","Oddly Smooth Stone","OrangePellets","Bronze Scales","Bag of Preparation","Kunai"],"potions_floor_usage":[7,13,16,16],"damage_taken":[{"damage":0,"enemies":"Cultist","floor":1,"turns":1},{"damage":0,"enemies":"Small Slimes","floor":2,"turns":1},{"damage":0,"enemies":"2 Louse","floor":4,"turns":1},{"damage":45,"enemies":"3 Sentries","floor":7,"turns":9},{"damage":11,"enemies":"Lagavulin","floor":13,"turns":7},{"damage":0,"enemies":"2 Fungi Beasts","floor":14,"turns":2},{"damage":10,"enemies":"Hexaghost","floor":16,"turns":9}],"seed_played":"7005187328315812471","potions_obtained":[{"floor":1,"key":"SpeedPotion"},{"floor":4,"key":"FairyPotion"},{"floor":13,"key":"Ancient Potion"},{"floor":14,"key":"EntropicBrew"}],"is_trial":false,"path_per_floor":["M","M","?","M","T","R","E","?","T","$","R","?","E","M","R","B"],"character_chosen":"DEFECT","items_purchased":["OrangePellets","Bronze Scales","SteroidPotion"],"campfire_rested":0,"item_purchase_floors":[10,10,10],"current_hp_per_floor":[64,64,64,64,64,64,33,33,33,33,33,33,22,22,22,12],"gold":90,"neow_bonus":"THREE_ENEMY_KILL","is_prod":false,"is_daily":false,"chose_seed":false,"campfire_upgraded":3,"win_rate":0,"timestamp":1551612094,"path_taken":["M","M","?","?","?","R","E","?","T","$","R","?","E","M","R","BOSS"],"build_version":"2019-01-23","purchased_purges":0,"victory":false,"max_hp_per_floor":[71,71,71,71,71,71,85,85,85,85,85,85,85,85,85,85],"card_choices":[{"not_picked":["Stack","Heatsinks"],"picked":"BootSequence","floor":1},{"not_picked":["Compile Driver","Redo"],"picked":"Seek","floor":2},{"not_picked":["Steam Power","Conserve Battery"],"picked":"Barrage","floor":4},{"not_picked":["Lockon","Reinforced Body"],"picked":"Genetic Algorithm","floor":7},{"not_picked":["Scrape","Heatsinks","Steam"],"picked":"SKIP","floor":13},{"not_picked":["Rebound","Turbo"],"picked":"Cold Snap","floor":14}],"player_experience":1975394,"relics_obtained":[{"floor":5,"key":"Bottled Lightning"},{"floor":7,"key":"Mango"},{"floor":9,"key":"Oddly Smooth Stone"},{"floor":13,"key":"Kunai"}],"event_choices":[{"cards_removed":["Defend_B"],"damage_healed":0,"gold_gain":0,"player_choice":"Offered Basic","damage_taken":0,"max_hp_gain":0,"max_hp_loss":0,"event_name":"Bonfire Elementals","floor":3,"gold_loss":0},{"damage_healed":0,"gold_gain":150,"player_choice":"AGREE","damage_taken":0,"max_hp_gain":0,"max_hp_loss":0,"event_name":"Liars Game","floor":8,"gold_loss":0,"cards_obtained":["Doubt"]},{"damage_healed":0,"gold_gain":30,"player_choice":"Searched \u00272\u0027 times","damage_taken":0,"relics_obtained":["Bag of Preparation"],"max_hp_gain":0,"max_hp_loss":0,"event_name":"Dead Adventurer","floor":12,"gold_loss":0}],"is_beta":false,"boss_relics":[],"items_purged_floors":[],"is_endless":false,"potions_floor_spawned":[1,4,13,14],"killed_by":"Hexaghost","ascension_level":20}