{"gold_per_floor":[117,192,467,89,89,114,124,124,124,124,134,154,154],"floor_reached":13,"playtime":496,"items_purged":["Regret"],"score":138,"play_id":"434ba8f1-c6a6-4955-a394-010307756e30","local_time":"20190418222721","is_ascension_mode":true,"campfire_choices":[{"data":"Corruption","floor":8,"key":"SMITH"},{"data":"Entrench","floor":10,"key":"SMITH"}],"neow_cost":"NONE","seed_source_timestamp":10084675405800,"circlet_count":0,"master_deck":["Strike_R","Strike_R","Strike_R","Strike_R","Strike_R","Defend_R","Defend_R","Defend_R","Defend_R","Bash","Entrench+1","Corruption+1","Evolve","Feed"],"relics":["Burning Blood","NeowsBlessing","Regal Pillow","Bag of Marbles","Blue Candle","Self Forming Clay"],"potions_floor_usage":[],"damage_taken":[{"damage":0,"enemies":"2 Louse","floor":1,"turns":1},{"damage":0,"enemies":"Cultist","floor":5,"turns":1},{"damage":0,"enemies":"Gremlin Nob","floor":6,"turns":1},{"damage":8,"enemies":"Jaw Worm","floor":7,"turns":5},{"damage":22,"enemies":"2 Fungi Beasts","floor":11,"turns":5},{"damage":13,"enemies":"Large Slime","floor":12,"turns":8},{"damage":57,"enemies":"Gremlin Gang","floor":13,"turns":5}],"seed_played":"7368950563078090720","potions_obtained":[{"floor":6,"key":"AttackPotion"},{"floor":7,"key":"LiquidBronze"}],"is_trial":false,"path_per_floor":["M","?","?","$","M","E","M","R","T","R","M","M","M"],"character_chosen":"IRONCLAD","items_purchased":["Regal Pillow","Bag of Marbles"],"campfire_rested":0,"item_purchase_floors":[4,4],"current_hp_per_floor":[80,69,69,69,75,80,78,78,78,78,62,55,0],"gold":154,"neow_bonus":"THREE_ENEMY_KILL","is_prod":false,"is_daily":false,"chose_seed":false,"campfire_upgraded":2,"win_rate":0,"timestamp":1555594041,"path_taken":["M","?","?","$","M","E","M","R","T","R","M","M","M"],"build_version":"2019-01-23","purchased_purges":1,"victory":false,"max_hp_per_floor":[80,80,80,80,80,80,80,80,80,80,80,80,80],"card_choices":[{"not_picked":["Flex","Heavy Blade"],"picked":"Entrench","floor":1},{"not_picked":["Thunderclap","Wild Strike","Flex"],"picked":"SKIP","floor":5},{"not_picked":["Feel No Pain","Evolve"],"picked":"Corruption","floor":6},{"not_picked":["Pummel","Headbutt"],"picked":"Evolve","floor":7},{"not_picked":["Wild Strike","Iron Wave","Uppercut"],"picked":"SKIP","floor":11},{"not_picked":["Disarm","Power Through"],"picked":"Feed","floor":12}],"player_experience":298478,"relics_obtained":[{"floor":6,"key":"Blue Candle"},{"floor":9,"key":"Self Forming Clay"}],"event_choices":[{"damage_healed":0,"gold_gain":75,"player_choice":"Gather Gold","damage_taken":11,"max_hp_gain":0,"max_hp_loss":0,"event_name":"World of Goop","floor":2,"gold_loss":0},{"damage_healed":0,"gold_gain":275,"player_choice":"Desecrate","damage_taken":0,"max_hp_gain":0,"max_hp_loss":0,"event_name":"Golden Shrine","floor":3,"gold_loss":0,"cards_obtained":["Regret"]}],"is_beta":false,"boss_relics":[],"items_purged_floors":[4],"is_endless":false,"potions_floor_spawned":[5,6,7],"killed_by":"Gremlin Gang","ascension_level":5}