{"gold_per_floor":[115,115,115,127,127,153,153,185,185,219,219,9,9,25,25,101,101,117,117],"floor_reached":19,"playtime":455,"items_purged":[],"score":516,"play_id":"bd356a9b-b0f1-4d8a-b256-3fbb41edaab7","local_time":"20190310223351","is_ascension_mode":true,"campfire_choices":[{"data":"Loop","floor":7,"key":"SMITH"},{"floor":11,"key":"REST"},{"data":"Apotheosis","floor":13,"key":"SMITH"},{"data":"Coolheaded","floor":15,"key":"SMITH"}],"neow_cost":"NONE","seed_source_timestamp":130722786784700,"circlet_count":0,"master_deck":["AscendersBane","Strike_B","Strike_B","Strike_B","Strike_B","Defend_B","Defend_B","Defend_B","Zap","Dualcast","Loop+1","Coolheaded+1","Cold Snap","Apotheosis+1","FTL","Core Surge"],"relics":["Cracked Core","NeowsBlessing","Pear","Smiling Mask","Lantern","Mercury Hourglass","Snecko Eye"],"potions_floor_usage":[16],"damage_taken":[{"damage":0,"enemies":"2 Louse","floor":1,"turns":1},{"damage":0,"enemies":"Cultist","floor":4,"turns":1},{"damage":0,"enemies":"3 Sentries","floor":6,"turns":1},{"damage":25,"enemies":"Lagavulin","floor":8,"turns":6},{"damage":28,"enemies":"Gremlin Nob","floor":10,"turns":4},{"damage":4,"enemies":"Small Slimes","floor":14,"turns":3},{"damage":0,"enemies":"The Guardian","floor":16,"turns":9},{"damage":18,"enemies":"Spheric Guardian","floor":18,"turns":7},{"damage":0,"enemies":"2 Thieves","floor":19,"turns":1}],"seed_played":"2263679298951408951","potions_obtained":[{"floor":1,"key":"SteroidPotion"},{"floor":8,"key":"Fire Potion"},{"floor":16,"key":"LiquidBronze"}],"is_trial":false,"path_per_floor":["M","$","?","M","?","E","R","E","T","E","R","$","R","M","R","B",null,"M","M"],"character_chosen":"DEFECT","items_purchased":["Apotheosis"],"campfire_rested":1,"item_purchase_floors":[12],"current_hp_per_floor":[64,64,74,74,67,67,67,42,42,14,38,38,38,34,34,34,69,51,51],"gold":117,"neow_bonus":"THREE_ENEMY_KILL","is_prod":false,"is_daily":false,"chose_seed":false,"campfire_upgraded":3,"win_rate":0,"timestamp":1552224831,"path_taken":["M","$","?","?","?","E","R","E","T","E","R","?","R","M","R","BOSS","M","?"],"build_version":"2019-01-23","purchased_purges":0,"victory":false,"max_hp_per_floor":[71,71,81,81,81,81,81,81,81,81,81,81,81,81,81,81,81,81,81],"card_choices":[{"not_picked":["Tempest","Conserve Battery"],"picked":"Loop","floor":1},{"not_picked":["Storm","Conserve Battery","Go for the Eyes"],"picked":"SKIP","floor":4},{"not_picked":["Beam Cell","Stack","Reprogram"],"picked":"SKIP","floor":6},{"not_picked":["Amplify","Conserve Battery"],"picked":"Coolheaded","floor":8},{"not_picked":["Reprogram","Leap"],"picked":"Cold Snap","floor":10},{"not_picked":["Beam Cell","Go for the Eyes"],"picked":"FTL","floor":14},{"not_picked":["Rainbow","Meteor Strike"],"picked":"Core Surge","floor":16},{"not_picked":["Barrage","Sweeping Beam","Heatsinks"],"picked":"SKIP","floor":18}],"player_experience":2158273,"relics_obtained":[{"floor":6,"key":"Smiling Mask"},{"floor":8,"key":"Lantern"},{"floor":10,"key":"Mercury Hourglass"}],"event_choices":[{"damage_healed":0,"gold_gain":0,"player_choice":"Gave Potion","damage_taken":0,"relics_obtained":["Pear"],"max_hp_gain":0,"max_hp_loss":0,"event_name":"WeMeetAgain","floor":3,"gold_loss":0},{"cards_removed":["Defend_B"],"damage_healed":0,"gold_gain":0,"player_choice":"Card Removal","damage_taken":7,"max_hp_gain":0,"max_hp_loss":0,"event_name":"Golden Wing","floor":5,"gold_loss":0}],"is_beta":false,"boss_relics":[{"not_picked":["Orrery","Cursed Key"],"picked":"Snecko Eye"}],"items_purged_floors":[],"is_endless":false,"potions_floor_spawned":[1,8,16],"killed_by":"2 Thieves","ascension_level":20}