{"gold_per_floor":[112,44,44,61,74,74,74,74,74,87,187,201,229,253,265,381,393,421,448,225,237,237,237,250,350,399,399,417,417,451,461,461,563,563,581,599,293,307,317,344,357,61,61,61,71,101,111,126,126,126],"floor_reached":50,"playtime":3743,"items_purged":[],"score":582,"play_id":"30f16a40-c0d2-498a-a95b-4e95fc02d3bf","local_time":"20190113184824","is_ascension_mode":false,"campfire_choices":[{"floor":6.0,"key":"RECALL"},{"data":"Redo","floor":8.0,"key":"SMITH"},{"floor":15.0,"key":"REST"},{"floor":23.0,"key":"REST"},{"data":"Echo Form","floor":27.0,"key":"SMITH"},{"data":"Self Repair","floor":29.0,"key":"SMITH"},{"floor":32.0,"key":"REST"},{"floor":49,"key":"REST"}],"neow_cost":"NONE","seed_source_timestamp":99380591237174,"circlet_count":0,"master_deck":["Strike_B+1","Strike_B+1","Strike_B+1","Strike_B+1","Defend_B+1","Defend_B+1","Defend_B+1","Zap","Dualcast","Ball Lightning","Static Discharge","Doom and Gloom","Redo+1","Auto Shields","Conserve Battery","Echo Form+1","Chill","Biased Cognition","White Noise+1","Steam","Self Repair+1","Loop","Electrodynamics","Loop","Redo","Ball Lightning","Fission","Redo+1","Redo+1","Heatsinks","White Noise","Cold Snap+1","Conserve Battery+1","Defragment","Force Field","Chaos+1","Conserve Battery+1","Heatsinks","Hologram+1"],"special_seed":0,"relics":["Cracked Core","NeowsBlessing","Matryoshka","Question Card","Letter Opener","MawBank","Nuclear Battery","Dream Catcher","Orichalcum","PreservedInsect","Art of War","Lizard Tail","Regal Pillow","Bag of Marbles","Strawberry","Omamori"],"potions_floor_usage":[38,38,39,44,44,46],"damage_taken":[{"damage":0.0,"enemies":"Cultist","floor":1.0,"turns":1.0},{"damage":0.0,"enemies":"Jaw Worm","floor":4.0,"turns":1.0},{"damage":0.0,"enemies":"Small Slimes","floor":5.0,"turns":1.0},{"damage":2.0,"enemies":"Blue Slaver","floor":10.0,"turns":2.0},{"damage":0.0,"enemies":"Red Slaver","floor":12.0,"turns":3.0},{"damage":4.0,"enemies":"3 Sentries","floor":13.0,"turns":4.0},{"damage":15.0,"enemies":"Gremlin Gang","floor":14.0,"turns":3.0},{"damage":11.0,"enemies":"Slime Boss","floor":16.0,"turns":5.0},{"damage":18.0,"enemies":"Spheric Guardian","floor":18.0,"turns":3.0},{"damage":5.0,"enemies":"Chosen","floor":19.0,"turns":4.0},{"damage":14.0,"enemies":"Shelled Parasite and Fungi","floor":21.0,"turns":7.0},{"damage":9.0,"enemies":"Snecko","floor":24.0,"turns":4.0},{"damage":13.0,"enemies":"Snake Plant","floor":28.0,"turns":4.0},{"damage":8.0,"enemies":"Book of Stabbing","floor":30.0,"turns":3.0},{"damage":12.0,"enemies":"Centurion and Healer","floor":31.0,"turns":3.0},{"damage":71.0,"enemies":"Collector","floor":33.0,"turns":7.0},{"damage":27.0,"enemies":"3 Darklings","floor":35.0,"turns":4.0},{"damage":10.0,"enemies":"3 Shapes","floor":36.0,"turns":2.0},{"damage":32,"enemies":"Maw","floor":38,"turns":7},{"damage":26,"enemies":"Jaw Worm Horde","floor":39,"turns":4},{"damage":30,"enemies":"Reptomancer","floor":40,"turns":4},{"damage":0,"enemies":"3 Darklings","floor":41,"turns":4},{"damage":7,"enemies":"Maw","floor":44,"turns":5},{"damage":27,"enemies":"Spire Growth","floor":45,"turns":6},{"damage":44,"enemies":"Giant Head","floor":46,"turns":9},{"damage":11,"enemies":"Sphere and 2 Shapes","floor":47,"turns":4},{"damage":10,"enemies":"4 Shapes","floor":48,"turns":3},{"damage":97,"enemies":"Donu and Deca","floor":50,"turns":10}],"seed_played":"-4173727127005015505","potions_obtained":[{"floor":1.0,"key":"FearPotion"},{"floor":4.0,"key":"SteroidPotion"},{"floor":13.0,"key":"Fruit Juice"},{"floor":16.0,"key":"Strength Potion"},{"floor":18.0,"key":"EssenceOfSteel"},{"floor":28.0,"key":"EssenceOfSteel"},{"floor":30.0,"key":"Energy Potion"},{"floor":38,"key":"Dexterity Potion"},{"floor":40,"key":"SmokeBomb"},{"floor":45,"key":"FearPotion"}],"is_trial":false,"path_per_floor":["M","$","?","M","M","R","T","R","T","M","?","M","E","M","R","B",null,"M","M","$","M","?","R","M","?","T","R","M","R","E","M","R","B",null,"M","M","$","M","M","E","M","$","T","M","M","E","M","M","R","B"],"character_chosen":"DEFECT","items_purchased":["Static Discharge","Self Repair","Dream Catcher","AttackPotion","Regen Potion","Regal Pillow","Heatsinks","Regen Potion","Defragment","Strawberry"],"campfire_rested":4,"item_purchase_floors":[2,20,20,37,37,37,37,42,42,42],"current_hp_per_floor":[75,75,75,75,75,75,75,75,75,73,73,73,74,59,80,69,80,62,57,57,50,50,74,72,72,72,72,73,73,75,73,80,19,80,73,63,63,56,40,20,20,27,27,44,27,53,52,42,83,0],"gold":126,"neow_bonus":"THREE_ENEMY_KILL","is_prod":false,"is_daily":false,"chose_seed":false,"campfire_upgraded":3,"win_rate":0,"timestamp":1547398104,"path_taken":["M","$","?","?","M","R","?","R","T","M","?","?","E","M","R","BOSS","M","M","$","M","?","R","M","?","T","R","M","R","E","M","R","BOSS","M","M","?","M","M","E","M","$","T","M","M","E","M","?","R","BOSS"],"build_version":"2019-01-10","purchased_purges":0,"victory":false,"max_hp_per_floor":[75,75,75,75,75,75,75,75,75,75,75,75,80,80,80,80,80,80,80,80,80,80,80,80,80,80,80,80,80,80,80,80,80,80,80,80,80,80,80,80,80,87,87,87,87,87,87,87,87,87],"card_choices":[{"not_picked":["Auto Shields","Compile Driver"],"picked":"Ball Lightning","floor":1.0},{"not_picked":["Blizzard","Coolheaded"],"picked":"Redo","floor":4.0},{"not_picked":["Compile Driver","Aggregate","Streamline"],"picked":"SKIP","floor":5.0},{"not_picked":["Compile Driver","Sweeping Beam","Reprogram"],"picked":"Auto Shields","floor":10.0},{"not_picked":["Leap","Rebound","Stack"],"picked":"Conserve Battery","floor":12.0},{"not_picked":["Ball Lightning","Glacier","Sweeping Beam"],"picked":"Echo Form","floor":13.0},{"not_picked":["Sunder","Rip and Tear","Coolheaded"],"picked":"Chill","floor":14.0},{"not_picked":["Hyperbeam","Core Surge","Rainbow"],"picked":"Biased Cognition","floor":16.0},{"not_picked":["Compile Driver","Storm","BootSequence+1"],"picked":"White Noise+1","floor":18.0},{"not_picked":["Lockon","Compile Driver","Auto Shields"],"picked":"Steam","floor":19.0},{"not_picked":["Coolheaded","Go for the Eyes","Sunder","Leap"],"picked":"SKIP","floor":21.0},{"not_picked":["Undo","Blizzard","Chaos"],"picked":"Loop","floor":23.0},{"not_picked":["Rebound+1","Conserve Battery","Fusion"],"picked":"Electrodynamics","floor":24.0},{"not_picked":["Heatsinks","Turbo","Rebound"],"picked":"Loop","floor":28.0},{"not_picked":["Gash","Sweeping Beam","Recycle+1"],"picked":"Redo","floor":30.0},{"not_picked":["Tempest","Undo+1","Coolheaded","Beam Cell"],"picked":"SKIP","floor":31.0},{"not_picked":["Beam Cell","Cold Snap","Steam"],"picked":"Ball Lightning","floor":32.0},{"not_picked":["Multi-Cast","Reboot","Buffer"],"picked":"Fission","floor":33.0},{"not_picked":["Recycle","Barrage+1","Conserve Battery+1"],"picked":"Redo+1","floor":35.0},{"not_picked":["Steam+1","Compile Driver","Beam Cell"],"picked":"Redo+1","floor":36.0},{"not_picked":["Undo","Leap","Glacier"],"picked":"White Noise","floor":38},{"not_picked":["Sweeping Beam","Rebound+1","Beam Cell+1"],"picked":"Cold Snap+1","floor":39},{"not_picked":["Rebound","Aggregate","Melter+1","Beam Cell+1"],"picked":"SKIP","floor":40},{"not_picked":["Thunder Strike","Cold Snap+1","FTL"],"picked":"Conserve Battery+1","floor":41},{"not_picked":["Undo","Coolheaded+1","Reinforced Body+1"],"picked":"Force Field","floor":45},{"not_picked":["Go for the Eyes","Turbo+1","Coolheaded+1"],"picked":"Chaos+1","floor":46},{"not_picked":["Sweeping Beam","Streamline","Rebound"],"picked":"Conserve Battery+1","floor":47},{"not_picked":["Blizzard+1","Streamline","Cold Snap"],"picked":"Heatsinks","floor":48},{"not_picked":["Barrage+1","Steam+1","Stack+1"],"picked":"Hologram+1","floor":49}],"player_experience":906632,"relics_obtained":[{"floor":7.0,"key":"Matryoshka"},{"floor":9.0,"key":"Question Card"},{"floor":9.0,"key":"Letter Opener"},{"floor":13.0,"key":"MawBank"},{"floor":26.0,"key":"Orichalcum"},{"floor":26.0,"key":"PreservedInsect"},{"floor":30.0,"key":"Art of War"},{"floor":40,"key":"Bag of Marbles"},{"floor":46,"key":"Omamori"}],"event_choices":[{"damage_healed":0.0,"max_hp_gain":0.0,"max_hp_loss":0.0,"gold_gain":0.0,"cards_transformed":["Defend_B"],"event_name":"Transmorgrifier","player_choice":"Transformed","floor":3.0,"gold_loss":0.0,"damage_taken":0.0,"cards_obtained":["Doom and Gloom"]},{"damage_healed":0.0,"max_hp_gain":0.0,"max_hp_loss":0.0,"gold_gain":100.0,"event_name":"Golden Shrine","player_choice":"Pray","floor":11.0,"gold_loss":0.0,"damage_taken":0.0},{"damage_healed":0.0,"max_hp_gain":0.0,"max_hp_loss":0.0,"gold_gain":0.0,"event_name":"Back to Basics","player_choice":"Simplicity","floor":22.0,"gold_loss":0.0,"damage_taken":0.0,"cards_upgraded":["Strike_B","Strike_B","Strike_B","Strike_B","Defend_B","Defend_B","Defend_B"]},{"damage_healed":0.0,"max_hp_gain":0.0,"max_hp_loss":0.0,"gold_gain":100.0,"event_name":"Golden Shrine","player_choice":"Pray","floor":25.0,"gold_loss":0.0,"damage_taken":0.0}],"is_beta":false,"boss_relics":[{"not_picked":["Coffee Dripper","Pandora\u0027s Box"],"picked":"Nuclear Battery"},{"not_picked":["Orrery","Fusion Hammer"],"picked":"Lizard Tail"}],"items_purged_floors":[],"is_endless":false,"potions_floor_spawned":[1,4,13,16,18,28,30,38,40,45],"killed_by":"Donu and Deca","ascension_level":0}