{"gold_per_floor":[112,112,28,40,58,58,89,54,54,71,71],"floor_reached":11,"playtime":478,"items_purged":[],"score":142,"play_id":"f95ee3bf-5d12-4f5b-a693-9295b0345c5a","local_time":"20190415181318","is_ascension_mode":true,"campfire_choices":[{"floor":6,"key":"REST"}],"neow_cost":"NONE","seed_source_timestamp":348164138239265,"circlet_count":0,"master_deck":["AscendersBane","Strike_B","Strike_B","Strike_B","Strike_B","Defend_B","Defend_B","Defend_B","Defend_B","Zap+1","Dualcast","Ball Lightning","Storm","Barrage","Redo","Machine Learning","Conserve Battery"],"relics":["Cracked Core","Potion Belt","Happy Flower","Mercury Hourglass"],"potions_floor_usage":[],"damage_taken":[{"damage":7,"enemies":"Small Slimes","floor":1,"turns":4},{"damage":7,"enemies":"Jaw Worm","floor":4,"turns":2},{"damage":9,"enemies":"2 Louse","floor":5,"turns":2},{"damage":50,"enemies":"3 Sentries","floor":7,"turns":7},{"damage":7,"enemies":"Lots of Slimes","floor":10,"turns":3},{"damage":22,"enemies":"Exordium Wildlife","floor":11,"turns":2}],"seed_played":"1674173756720922655","potions_obtained":[{"floor":4,"key":"LiquidBronze"},{"floor":10,"key":"LiquidBronze"}],"is_trial":false,"path_per_floor":["M","?","$","M","M","R","E","?","T","M","M"],"character_chosen":"DEFECT","items_purchased":["Storm"],"campfire_rested":1,"item_purchase_floors":[3],"current_hp_per_floor":[57,57,57,50,41,62,12,29,29,22,0],"gold":71,"neow_bonus":"RANDOM_COMMON_RELIC","is_prod":false,"is_daily":false,"chose_seed":false,"campfire_upgraded":0,"win_rate":0,"timestamp":1555341198,"path_taken":["M","?","$","M","M","R","E","?","T","M","M"],"build_version":"2019-01-23","purchased_purges":0,"victory":false,"max_hp_per_floor":[71,71,71,71,71,71,71,71,71,71,71],"card_choices":[{"not_picked":["Barrage","Cold Snap"],"picked":"Ball Lightning","floor":1},{"not_picked":["Steam Power","Scrape"],"picked":"Barrage","floor":4},{"not_picked":["Double Energy","Gash"],"picked":"Redo","floor":5},{"not_picked":["Rebound","Barrage"],"picked":"Machine Learning","floor":7},{"not_picked":["Steam","Leap"],"picked":"Conserve Battery","floor":10}],"player_experience":1198859,"relics_obtained":[{"floor":7,"key":"Happy Flower"},{"floor":9,"key":"Mercury Hourglass"}],"event_choices":[{"damage_healed":0,"gold_gain":0,"player_choice":"Grow","damage_taken":0,"max_hp_gain":0,"max_hp_loss":0,"event_name":"Living Wall","floor":2,"gold_loss":0,"cards_upgraded":["Zap"]},{"damage_healed":17,"gold_gain":0,"player_choice":"Healed","damage_taken":0,"max_hp_gain":0,"max_hp_loss":0,"event_name":"The Cleric","floor":8,"gold_loss":35}],"is_beta":false,"boss_relics":[],"items_purged_floors":[],"is_endless":false,"potions_floor_spawned":[4,10],"killed_by":"Exordium Wildlife","ascension_level":19}