{"gold_per_floor":[18,30,44,58,23,23,48,48,48,48,48,77,95,106,106,185,185,165,165,184,99,99,99,99],"floor_reached":24,"playtime":940,"items_purged":[],"score":412,"play_id":"78af6dbc-df5e-47e0-811a-198851c3c97a","local_time":"20190304142133","is_ascension_mode":true,"campfire_choices":[{"data":"Fiend Fire","floor":6,"key":"SMITH"},{"data":"True Grit","floor":8,"key":"SMITH"},{"floor":11,"key":"REST"},{"floor":15,"key":"REST"},{"data":"Barricade","floor":23,"key":"SMITH"}],"neow_cost":"NO_GOLD","seed_source_timestamp":223622918708400,"circlet_count":0,"master_deck":["AscendersBane","Strike_R","Strike_R","Strike_R","Strike_R","Defend_R","Defend_R","Defend_R","Defend_R","Bash","Fiend Fire+1","Spot Weakness","Disarm","True Grit+1","Second Wind","Brutality","Shrug It Off","Evolve","Barricade+1","Feel No Pain+1","Inflame","Battle Trance"],"relics":["Burning Blood","Singing Bowl","Matryoshka","Mummified Hand","Runic Cube","Nilry\u0027s Codex","Art of War"],"potions_floor_usage":[12,16,18,20],"damage_taken":[{"damage":6,"enemies":"Cultist","floor":1,"turns":3},{"damage":7,"enemies":"Jaw Worm","floor":2,"turns":4},{"damage":0,"enemies":"2 Louse","floor":3,"turns":2},{"damage":43,"enemies":"Exordium Thugs","floor":4,"turns":5},{"damage":36,"enemies":"3 Sentries","floor":7,"turns":11},{"damage":42,"enemies":"Gremlin Nob","floor":12,"turns":4},{"damage":0,"enemies":"Blue Slaver","floor":13,"turns":3},{"damage":19,"enemies":"3 Louse","floor":14,"turns":4},{"damage":15,"enemies":"Slime Boss","floor":16,"turns":5},{"damage":20,"enemies":"2 Thieves","floor":18,"turns":4},{"damage":12,"enemies":"3 Byrds","floor":20,"turns":7},{"damage":31,"enemies":"Slavers","floor":24,"turns":3}],"seed_played":"-960779308308639165","potions_obtained":[{"floor":3,"key":"Dexterity Potion"},{"floor":7,"key":"SkillPotion"},{"floor":12,"key":"FairyPotion"},{"floor":13,"key":"PowerPotion"},{"floor":16,"key":"BloodPotion"},{"floor":18,"key":"Block Potion"}],"is_trial":false,"path_per_floor":["M","M","M","M","?","R","E","R","T","?","R","E","M","M","R","B",null,"M","?","M","?","?","R","E"],"character_chosen":"IRONCLAD","items_purchased":[],"campfire_rested":2,"item_purchase_floors":[],"current_hp_per_floor":[68,67,73,36,54,54,24,24,24,24,46,10,16,15,38,29,65,58,37,31,31,31,31,0],"gold":99,"neow_bonus":"THREE_RARE_CARDS","is_prod":false,"is_daily":false,"chose_seed":false,"campfire_upgraded":3,"win_rate":0,"timestamp":1551676893,"path_taken":["M","M","?","?","?","R","E","R","T","?","R","E","M","M","R","BOSS","M","?","M","?","?","R","E"],"build_version":"2019-01-23","purchased_purges":0,"victory":false,"max_hp_per_floor":[75,75,75,75,75,75,75,75,75,75,75,75,75,77,77,77,77,77,77,77,77,77,77,77],"card_choices":[{"not_picked":["Impervious","Demon Form"],"picked":"Fiend Fire","floor":0},{"not_picked":["Sword Boomerang","Perfected Strike"],"picked":"Spot Weakness","floor":1},{"not_picked":["Carnage","Headbutt","Thunderclap"],"picked":"SKIP","floor":2},{"not_picked":["Perfected Strike","Spot Weakness"],"picked":"Disarm","floor":3},{"not_picked":["Shockwave","Anger"],"picked":"True Grit","floor":4},{"not_picked":["Fire Breathing","Anger"],"picked":"Second Wind","floor":7},{"not_picked":["Flex","Cleave"],"picked":"Shrug It Off","floor":12},{"not_picked":["Cleave","Wild Strike"],"picked":"Evolve","floor":13},{"not_picked":["Brutality","Armaments","Clash"],"picked":"Singing Bowl","floor":14},{"not_picked":["Brutality","Dark Embrace"],"picked":"Barricade","floor":16},{"not_picked":["Thunderclap","Twin Strike"],"picked":"Feel No Pain+1","floor":18},{"not_picked":["Pommel Strike","Evolve"],"picked":"Inflame","floor":20}],"player_experience":1994551,"relics_obtained":[{"floor":7,"key":"Singing Bowl"},{"floor":9,"key":"Matryoshka"},{"floor":12,"key":"Mummified Hand"},{"floor":19,"key":"Nilry\u0027s Codex"}],"event_choices":[{"damage_healed":18,"gold_gain":0,"player_choice":"Healed","damage_taken":0,"max_hp_gain":0,"max_hp_loss":0,"event_name":"The Cleric","floor":5,"gold_loss":35},{"damage_healed":0,"gold_gain":0,"cards_transformed":["Strike_R"],"player_choice":"Transformed","damage_taken":0,"max_hp_gain":0,"max_hp_loss":0,"event_name":"Transmorgrifier","floor":10,"gold_loss":0,"cards_obtained":["Brutality"]},{"damage_healed":0,"gold_gain":0,"player_choice":"Obtained Book","damage_taken":21,"max_hp_gain":0,"max_hp_loss":0,"event_name":"Cursed Tome","floor":19,"gold_loss":0},{"damage_healed":0,"gold_gain":0,"player_choice":"Obtained Relic","damage_taken":0,"relics_obtained":["Art of War"],"max_hp_gain":0,"max_hp_loss":0,"event_name":"Addict","floor":21,"gold_loss":85},{"damage_healed":0,"gold_gain":0,"player_choice":"Read","damage_taken":0,"max_hp_gain":0,"max_hp_loss":0,"event_name":"The Library","floor":22,"gold_loss":0,"cards_obtained":["Battle Trance"]}],"is_beta":false,"boss_relics":[{"not_picked":["Eternal Feather","White Beast Statue"],"picked":"Runic Cube"}],"items_purged_floors":[],"is_endless":false,"potions_floor_spawned":[3,7,12,13,16,18],"killed_by":"Slavers","ascension_level":20}