{"gold_per_floor":[110,127,77,2,2,2,21,34,58,70,70,84,104,104],"floor_reached":14,"playtime":316,"items_purged":[],"score":84,"play_id":"37f91b8a-29bd-46f1-a243-23f02d3ced08","local_time":"20181201173139","is_ascension_mode":false,"campfire_choices":[{"floor":11,"key":"REST"}],"neow_cost":"TEN_PERCENT_HP_LOSS","seed_source_timestamp":1272215997492773,"circlet_count":0,"master_deck":["Strike_B","Strike_B","Defend_B","Defend_B","Defend_B","Defend_B","Zap","Dualcast","Ball Lightning","Cold Snap","Fusion","Streamline","Ball Lightning","Sweeping Beam","Sweeping Beam","Steam Power"],"relics":["Cracked Core","Gambling Chip","Juzu Bracelet"],"potions_floor_usage":[],"damage_taken":[{"damage":1,"enemies":"Cultist","floor":1,"turns":3},{"damage":7,"enemies":"Small Slimes","floor":2,"turns":3},{"damage":2,"enemies":"2 Louse","floor":7,"turns":3},{"damage":3,"enemies":"Looter","floor":8,"turns":2},{"damage":21,"enemies":"Lots of Slimes","floor":10,"turns":5},{"damage":8,"enemies":"Red Slaver","floor":12,"turns":2},{"damage":28,"enemies":"Exordium Thugs","floor":13,"turns":3},{"damage":12,"enemies":"Blue Slaver","floor":14,"turns":1}],"seed_played":"2325144218875289163","potions_obtained":[{"floor":1,"key":"Energy Potion"},{"floor":2,"key":"FearPotion"},{"floor":6,"key":"SmokeBomb"}],"is_trial":false,"path_per_floor":["M","M","?","$","?","?","M","M","T","M","R","M","M","M"],"character_chosen":"DEFECT","items_purchased":["Fusion"],"campfire_rested":1,"item_purchase_floors":[4],"current_hp_per_floor":[67,60,60,60,53,53,51,48,48,27,47,39,11,0],"gold":104,"neow_bonus":"ONE_RARE_RELIC","is_prod":false,"is_daily":false,"chose_seed":false,"campfire_upgraded":0,"win_rate":0.0,"timestamp":1543707099,"path_taken":["M","?","?","$","?","?","M","?","T","M","R","M","M","M"],"build_version":"2018-11-15","purchased_purges":0,"victory":false,"max_hp_per_floor":[68,68,68,68,68,68,68,68,68,68,68,68,68,68],"card_choices":[{"not_picked":["Streamline","Blizzard"],"picked":"Ball Lightning","floor":1},{"not_picked":["Blizzard","Coolheaded"],"picked":"Cold Snap","floor":2},{"not_picked":["Hello World","Force Field"],"picked":"Streamline","floor":7},{"not_picked":["Beam Cell","Turbo"],"picked":"Ball Lightning","floor":8},{"not_picked":["Storm","Streamline"],"picked":"Sweeping Beam","floor":10},{"not_picked":["Gash","Go for the Eyes"],"picked":"Sweeping Beam","floor":12},{"not_picked":["Gash","Core Surge"],"picked":"Steam Power","floor":13}],"player_experience":96050,"relics_obtained":[{"floor":9,"key":"Juzu Bracelet"}],"event_choices":[{"cards_removed":["Strike_B"],"damage_healed":0,"gold_gain":0,"player_choice":"Card Removal","damage_taken":0,"max_hp_gain":0,"max_hp_loss":0,"event_name":"The Cleric","floor":3,"gold_loss":50},{"cards_removed":["Strike_B"],"damage_healed":0,"gold_gain":0,"player_choice":"Card Removal","damage_taken":7,"max_hp_gain":0,"max_hp_loss":0,"event_name":"Golden Wing","floor":5,"gold_loss":0},{"damage_healed":0,"gold_gain":0,"player_choice":"Got Potions","damage_taken":0,"max_hp_gain":0,"max_hp_loss":0,"event_name":"Lab","floor":6,"gold_loss":0}],"is_beta":false,"boss_relics":[],"items_purged_floors":[],"is_endless":false,"potions_floor_spawned":[1,2],"killed_by":"Blue Slaver","ascension_level":0}