{"gold_per_floor":[110,110,35,45,45,45,56,56,83,95,119,147,174,198,210,222],"floor_reached":16,"playtime":404,"items_purged":[],"score":188,"play_id":"8e1e1df2-efc9-4425-bf98-3f40360e0208","local_time":"20190418160425","is_ascension_mode":true,"campfire_choices":[{"data":"Strike_R","floor":6,"key":"PURGE"},{"data":"True Grit","floor":8,"key":"SMITH"},{"floor":15,"key":"REST"}],"neow_cost":"PERCENT_DAMAGE","seed_source_timestamp":216487346183200,"circlet_count":0,"master_deck":["AscendersBane","Strike_R","Defend_R","Defend_R","Defend_R","Defend_R","Bash","Pommel Strike","Seeing Red","True Grit+1","Decay","Second Wind","Body Slam"],"relics":["Burning Blood","Peace Pipe","MawBank"],"potions_floor_usage":[11,11,13],"damage_taken":[{"damage":3,"enemies":"2 Louse","floor":1,"turns":4},{"damage":14,"enemies":"Jaw Worm","floor":4,"turns":3},{"damage":6,"enemies":"Small Slimes","floor":7,"turns":5},{"damage":9,"enemies":"Red Slaver","floor":11,"turns":4},{"damage":10,"enemies":"3 Louse","floor":12,"turns":4},{"damage":26,"enemies":"Exordium Wildlife","floor":13,"turns":9},{"damage":12,"enemies":"Blue Slaver","floor":14,"turns":6},{"damage":0,"enemies":"Hexaghost","floor":16,"turns":1}],"seed_played":"5216131982368338651","potions_obtained":[{"floor":4,"key":"BloodPotion"},{"floor":7,"key":"AttackPotion"},{"floor":12,"key":"Swift Potion"},{"floor":13,"key":"SpeedPotion"}],"is_trial":false,"path_per_floor":["M","?","?","M","T","R","M","R","T","?","M","M","M","M","R","B"],"character_chosen":"IRONCLAD","items_purchased":[],"campfire_rested":1,"item_purchase_floors":[],"current_hp_per_floor":[53,53,53,45,45,45,45,45,45,45,49,45,25,19,41,41],"gold":222,"neow_bonus":"REMOVE_TWO","is_prod":false,"is_daily":false,"chose_seed":false,"campfire_upgraded":1,"win_rate":0,"timestamp":1555571065,"path_taken":["M","?","?","?","?","R","M","R","T","?","M","M","?","M","R","BOSS"],"build_version":"2019-01-23","purchased_purges":0,"victory":false,"max_hp_per_floor":[75,75,75,75,75,75,75,75,75,75,75,75,75,75,75,75],"card_choices":[{"not_picked":["Warcry","Armaments"],"picked":"Pommel Strike","floor":1},{"not_picked":["Berserk","Dual Wield"],"picked":"Seeing Red","floor":4},{"not_picked":["Headbutt","Shrug It Off"],"picked":"True Grit","floor":7},{"not_picked":["Warcry","Headbutt"],"picked":"Second Wind","floor":11},{"not_picked":["Blood for Blood","Iron Wave","Thunderclap"],"picked":"SKIP","floor":12},{"not_picked":["Twin Strike","Immolate"],"picked":"Body Slam","floor":13},{"not_picked":["Perfected Strike","Heavy Blade","Warcry"],"picked":"SKIP","floor":14}],"player_experience":3208983,"relics_obtained":[{"floor":5,"key":"Peace Pipe"},{"floor":9,"key":"MawBank"}],"event_choices":[{"damage_healed":0,"gold_gain":0,"cards_transformed":["Strike_R"],"player_choice":"Change","damage_taken":0,"max_hp_gain":0,"max_hp_loss":0,"event_name":"Living Wall","floor":2,"gold_loss":0,"cards_obtained":["Sever Soul"]},{"cards_removed":["Sever Soul"],"damage_healed":0,"gold_gain":0,"player_choice":"Card Removal","damage_taken":0,"max_hp_gain":0,"max_hp_loss":0,"event_name":"The Cleric","floor":3,"gold_loss":75},{"damage_healed":0,"gold_gain":0,"player_choice":"1 cards matched","damage_taken":0,"max_hp_gain":0,"max_hp_loss":0,"event_name":"Match and Keep!","floor":10,"gold_loss":0,"cards_obtained":["Decay"]}],"is_beta":false,"boss_relics":[],"items_purged_floors":[],"is_endless":false,"potions_floor_spawned":[4,7,12,13],"killed_by":"Hexaghost","ascension_level":20}