{"gold_per_floor":[113,113,113,125,140,140,166,166,166,192,192,192],"floor_reached":12,"playtime":317,"items_purged":[],"score":152,"play_id":"3830ce67-86e8-49d4-a9ed-4d3fcdac1416","local_time":"20190316132133","is_ascension_mode":true,"campfire_choices":[{"floor":6,"key":"REST"}],"neow_cost":"PERCENT_DAMAGE","seed_source_timestamp":184604603001000,"circlet_count":0,"master_deck":["AscendersBane","Strike_R","Strike_R","Strike_R","Strike_R","Strike_R","Defend_R","Defend_R","Defend_R","Defend_R","Bash+1","Juggernaut+1","Battle Trance","Entrench","Shrug It Off"],"relics":["Burning Blood","Paper Frog","Letter Opener","Odd Mushroom"],"potions_floor_usage":[7],"damage_taken":[{"damage":8,"enemies":"Cultist","floor":1,"turns":5},{"damage":2,"enemies":"Jaw Worm","floor":4,"turns":5},{"damage":6,"enemies":"Small Slimes","floor":5,"turns":4},{"damage":25,"enemies":"3 Sentries","floor":7,"turns":8},{"damage":17,"enemies":"The Mushroom Lair","floor":10,"turns":6},{"damage":0,"enemies":"Gremlin Nob","floor":12,"turns":1}],"seed_played":"2467557098531406728","potions_obtained":[{"floor":4,"key":"GamblersBrew"},{"floor":5,"key":"SkillPotion"}],"is_trial":false,"path_per_floor":["M","?","T","M","M","R","E","?","T","?","?","E"],"character_chosen":"IRONCLAD","items_purchased":[],"campfire_rested":1,"item_purchase_floors":[],"current_hp_per_floor":[48,25,25,29,29,51,32,32,32,21,21,21],"gold":192,"neow_bonus":"THREE_RARE_CARDS","is_prod":false,"is_daily":false,"chose_seed":false,"campfire_upgraded":0,"win_rate":0,"timestamp":1552710093,"path_taken":["M","?","?","M","M","R","E","?","T","?","?","E"],"build_version":"2019-01-23","purchased_purges":0,"victory":false,"max_hp_per_floor":[75,75,75,75,75,75,75,75,75,75,75,75],"card_choices":[{"not_picked":["Exhume","Dark Embrace"],"picked":"Juggernaut","floor":0},{"not_picked":["Flex","Body Slam"],"picked":"Battle Trance","floor":1},{"not_picked":["Sentinel","Pommel Strike","Headbutt"],"picked":"SKIP","floor":4},{"not_picked":["Armaments","Havoc"],"picked":"Entrench","floor":5},{"not_picked":["Sentinel","Pommel Strike","Dual Wield"],"picked":"SKIP","floor":7},{"not_picked":["Pummel","Sentinel"],"picked":"Shrug It Off","floor":10}],"player_experience":2303476,"relics_obtained":[{"floor":7,"key":"Paper Frog"},{"floor":9,"key":"Letter Opener"},{"floor":10,"key":"Odd Mushroom"}],"event_choices":[{"damage_healed":0,"gold_gain":0,"player_choice":"Entered Light","damage_taken":23,"max_hp_gain":0,"max_hp_loss":0,"event_name":"Shining Light","floor":2,"gold_loss":0,"cards_upgraded":["Juggernaut","Bash"]},{"damage_healed":0,"gold_gain":0,"player_choice":"Searched \u00270\u0027 times","damage_taken":0,"max_hp_gain":0,"max_hp_loss":0,"event_name":"Dead Adventurer","floor":8,"gold_loss":0},{"damage_healed":0,"gold_gain":0,"player_choice":"Fought Mushrooms","damage_taken":0,"max_hp_gain":0,"max_hp_loss":0,"event_name":"Mushrooms","floor":10,"gold_loss":0},{"damage_healed":0,"gold_gain":0,"player_choice":"Ignored","damage_taken":0,"max_hp_gain":0,"max_hp_loss":0,"event_name":"Liars Game","floor":11,"gold_loss":0}],"is_beta":false,"boss_relics":[],"items_purged_floors":[],"is_endless":false,"potions_floor_spawned":[4,5],"killed_by":"Gremlin Nob","ascension_level":20}