{"gold_per_floor":[17,17,28,28,47,47,47,47,95,114,132,167,167,192,192,269,269,288,21,21,0,20,20,32,32,32,51,51,14,28,39,39,39],"floor_reached":33,"playtime":914,"items_purged":["Strike_R"],"score":564,"play_id":"77cb21eb-794a-4103-b7f8-40c94be5f83b","local_time":"20190414125542","is_ascension_mode":true,"campfire_choices":[{"data":"Armaments","floor":6.0,"key":"SMITH"},{"data":"Bash","floor":8.0,"key":"SMITH"},{"data":"Demon Form","floor":13.0,"key":"SMITH"},{"floor":15.0,"key":"REST"},{"floor":23,"key":"REST"},{"floor":25,"key":"REST"},{"data":"Barricade","floor":28,"key":"SMITH"},{"floor":32,"key":"REST"}],"neow_cost":"NO_GOLD","seed_source_timestamp":177099998995800,"circlet_count":0,"master_deck":["AscendersBane","Strike_R","Strike_R","Strike_R","Strike_R","Defend_R","Defend_R","Defend_R","Defend_R","Bash+1","Feed","True Grit","Entrench","Armaments+1","Demon Form+1","Juggernaut","Barricade+1","Fiend Fire","Shrug It Off","Entrench","Ghostly Armor","Evolve","Disarm"],"special_seed":0,"relics":["Burning Blood","Boot","Pen Nib","Strawberry","Bronze Scales","Busted Crown","Kunai"],"potions_floor_usage":[22,30,31],"damage_taken":[{"damage":7.0,"enemies":"Jaw Worm","floor":1.0,"turns":3.0},{"damage":10.0,"enemies":"2 Louse","floor":3.0,"turns":3.0},{"damage":7.0,"enemies":"Small Slimes","floor":5.0,"turns":5.0},{"damage":5.0,"enemies":"2 Fungi Beasts","floor":10.0,"turns":4.0},{"damage":6.0,"enemies":"Exordium Wildlife","floor":11.0,"turns":4.0},{"damage":8.0,"enemies":"Gremlin Nob","floor":12.0,"turns":3.0},{"damage":58.0,"enemies":"3 Sentries","floor":14.0,"turns":9.0},{"damage":38.0,"enemies":"Slime Boss","floor":16.0,"turns":10.0},{"damage":32.0,"enemies":"Spheric Guardian","floor":18.0,"turns":6.0},{"damage":26,"enemies":"2 Thieves","floor":22,"turns":5},{"damage":54,"enemies":"Cultist and Chosen","floor":24,"turns":7},{"damage":0,"enemies":"Snake Plant","floor":27,"turns":6},{"damage":1,"enemies":"Snecko","floor":30,"turns":8},{"damage":50,"enemies":"Shelled Parasite and Fungi","floor":31,"turns":7},{"damage":28,"enemies":"Automaton","floor":33,"turns":6}],"seed_played":"-3346513950259639861","potions_obtained":[{"floor":10.0,"key":"SteroidPotion"},{"floor":11.0,"key":"GamblersBrew"},{"floor":14.0,"key":"Fire Potion"},{"floor":24,"key":"Fire Potion"},{"floor":27,"key":"Swift Potion"},{"floor":31,"key":"FearPotion"}],"is_trial":false,"path_per_floor":["M","?","M","?","M","R","?","R","T","M","M","E","R","E","R","B",null,"M","$","?","?","M","R","M","R","T","M","R","$","M","M","R","B"],"character_chosen":"IRONCLAD","items_purchased":["Fiend Fire","Shrug It Off","AttackPotion","Evolve"],"campfire_rested":4,"item_purchase_floors":[19,19,19,29],"current_hp_per_floor":[70,70,69,69,71,71,60,60,60,64,68,73,73,24,54,25,84,58,58,58,58,38,69,21,52,52,62,62,62,67,26,59,31],"gold":39,"neow_bonus":"THREE_RARE_CARDS","is_prod":false,"is_daily":false,"chose_seed":false,"campfire_upgraded":4,"win_rate":0,"timestamp":1555214142,"path_taken":["M","?","M","?","M","R","?","R","T","M","M","E","R","E","R","BOSS","M","$","?","?","M","R","M","R","T","M","R","?","?","?","R","BOSS"],"build_version":"2019-01-23","purchased_purges":1,"victory":false,"max_hp_per_floor":[78,78,81,81,84,84,84,84,84,87,91,98,98,101,101,104,104,104,104,104,104,104,104,104,104,104,108,108,108,108,111,111,111],"card_choices":[{"not_picked":["Brutality","Exhume"],"picked":"Feed","floor":0.0},{"not_picked":["Anger","Bloodletting"],"picked":"True Grit","floor":1.0},{"not_picked":["Infernal Blade","Flex"],"picked":"Entrench","floor":3.0},{"not_picked":["Headbutt","Cleave"],"picked":"Armaments","floor":5.0},{"not_picked":["Power Through","Sever Soul","Corruption"],"picked":"SKIP","floor":10.0},{"not_picked":["Flex","Perfected Strike"],"picked":"Demon Form","floor":11.0},{"not_picked":["Infernal Blade","Hemokinesis"],"picked":"Juggernaut","floor":12.0},{"not_picked":["Cleave","Blood for Blood","Dual Wield"],"picked":"SKIP","floor":14.0},{"not_picked":["Brutality","Impervious"],"picked":"Barricade","floor":16.0},{"not_picked":["Warcry"],"picked":"SKIP","floor":18.0},{"not_picked":["Twin Strike"],"picked":"SKIP","floor":22},{"not_picked":["Dual Wield"],"picked":"SKIP","floor":24},{"not_picked":[],"picked":"Ghostly Armor","floor":27},{"not_picked":[],"picked":"Disarm","floor":30},{"not_picked":["Thunderclap"],"picked":"SKIP","floor":31}],"player_experience":3120015,"relics_obtained":[{"floor":9.0,"key":"Pen Nib"},{"floor":12.0,"key":"Strawberry"},{"floor":14.0,"key":"Bronze Scales"},{"floor":26,"key":"Kunai"}],"event_choices":[{"damage_healed":0.0,"max_hp_gain":0.0,"max_hp_loss":0.0,"gold_gain":0.0,"event_name":"The Cleric","player_choice":"Leave","floor":2.0,"gold_loss":0.0,"damage_taken":0.0},{"damage_healed":0.0,"max_hp_gain":0.0,"max_hp_loss":0.0,"gold_gain":0.0,"event_name":"Liars Game","player_choice":"Ignored","floor":4.0,"gold_loss":0.0,"damage_taken":0.0},{"damage_healed":0.0,"max_hp_gain":0.0,"max_hp_loss":0.0,"gold_gain":0.0,"event_name":"Scrap Ooze","player_choice":"Success","floor":7.0,"gold_loss":0.0,"damage_taken":11.0,"relics_obtained":["Boot"]},{"damage_healed":0.0,"max_hp_gain":0.0,"max_hp_loss":0.0,"gold_gain":0.0,"event_name":"The Library","player_choice":"Read","floor":20.0,"gold_loss":0.0,"damage_taken":0.0,"cards_obtained":["Entrench"]},{"damage_healed":0,"gold_gain":0,"player_choice":"Paid Fearfully","damage_taken":0,"max_hp_gain":0,"max_hp_loss":0,"event_name":"Masked Bandits","floor":21,"gold_loss":21}],"is_beta":false,"boss_relics":[{"not_picked":["Black Blood","Eternal Feather"],"picked":"Busted Crown"}],"items_purged_floors":[19],"is_endless":false,"potions_floor_spawned":[10,11,14,24,27,31],"killed_by":"Automaton","ascension_level":20}