{"gold_per_floor":[109,109,128,128,278,278,278,311,311,330,13,29,29,49,49,148,148,164,84,84,84,97,97,97,130,187,225,237,284,296,30,30,125,125,143,163,163,163],"floor_reached":38,"playtime":975,"items_purged":["Doubt"],"score":906,"play_id":"bd2de3ef-5f07-4b0f-8cad-a755547d288f","local_time":"20190327194053","is_ascension_mode":true,"campfire_choices":[{"data":"Streamline","floor":6,"key":"SMITH"},{"floor":13,"key":"REST"},{"data":"Loop","floor":15,"key":"SMITH"},{"data":"Sunder","floor":23,"key":"SMITH"},{"floor":28,"key":"REST"},{"data":"Loop","floor":30,"key":"SMITH"},{"floor":32,"key":"REST"}],"neow_cost":"NONE","seed_source_timestamp":61354628438800,"circlet_count":0,"master_deck":["AscendersBane","Strike_B+1","Defend_B+1","Defend_B+1","Defend_B+1","Defend_B+1","Zap","Dualcast+1","Streamline+1","Loop+1","Reboot","Loop+1","Sunder+1","Cold Snap","Heatsinks","Electrodynamics","Thunder Strike","Genetic Algorithm+1","Amplify+1","Heatsinks+1"],"relics":["Cracked Core","NeowsBlessing","Golden Idol","War Paint","Mummified Hand","Singing Bowl","Pantograph","Happy Flower","Snecko Eye","Smiling Mask","Tiny Chest","MawBank","Art of War","Dodecahedron","Astrolabe"],"potions_floor_usage":[25,25,29],"damage_taken":[{"damage":0,"enemies":"Jaw Worm","floor":1,"turns":1},{"damage":0,"enemies":"Small Slimes","floor":3,"turns":1},{"damage":0,"enemies":"3 Sentries","floor":8,"turns":1},{"damage":0,"enemies":"2 Louse","floor":10,"turns":1},{"damage":22,"enemies":"Lots of Slimes","floor":12,"turns":4},{"damage":0,"enemies":"Large Slime","floor":14,"turns":4},{"damage":31,"enemies":"The Guardian","floor":16,"turns":10},{"damage":1,"enemies":"Spheric Guardian","floor":18,"turns":3},{"damage":28,"enemies":"2 Thieves","floor":22,"turns":3},{"damage":27,"enemies":"Book of Stabbing","floor":25,"turns":3},{"damage":2,"enemies":"Slavers","floor":27,"turns":3},{"damage":7,"enemies":"Gremlin Leader","floor":29,"turns":5},{"damage":40,"enemies":"Automaton","floor":33,"turns":7},{"damage":9,"enemies":"Orb Walker","floor":35,"turns":3},{"damage":36,"enemies":"3 Darklings","floor":36,"turns":3},{"damage":4,"enemies":"Spire Growth","floor":38,"turns":2}],"seed_played":"-2479702909648589877","potions_obtained":[{"floor":8,"key":"LiquidBronze"},{"floor":12,"key":"Energy Potion"},{"floor":25,"key":"SteroidPotion"},{"floor":27,"key":"SkillPotion"},{"floor":33,"key":"Dexterity Potion"}],"is_trial":false,"path_per_floor":["M","?","M","?","?","R","T","E","T","M","$","M","R","M","R","B",null,"M","$","?","$","M","R","?","E","T","E","R","E","R","$","R","B",null,"M","M","?","M"],"character_chosen":"DEFECT","items_purchased":["Happy Flower","Loop","Loop","Dodecahedron"],"campfire_rested":3,"item_purchase_floors":[11,11,19,31],"current_hp_per_floor":[64,40,40,22,22,22,22,24,24,26,26,6,29,29,29,23,64,65,65,65,65,37,37,37,10,10,10,34,27,27,27,51,36,70,63,29,29,25],"gold":163,"neow_bonus":"THREE_ENEMY_KILL","is_prod":false,"is_daily":false,"chose_seed":false,"campfire_upgraded":4,"win_rate":0,"timestamp":1553683253,"path_taken":["M","?","M","?","?","R","?","E","T","M","$","M","R","M","R","BOSS","M","?","?","$","M","R","?","E","T","E","R","E","R","$","R","BOSS","M","M","?","M"],"build_version":"2019-01-23","purchased_purges":1,"victory":false,"max_hp_per_floor":[71,71,71,71,71,71,71,73,73,75,75,77,77,77,77,77,77,79,79,79,79,79,79,79,79,79,81,81,81,81,81,81,81,81,83,85,85,85],"card_choices":[{"not_picked":["Redo","Stack"],"picked":"Streamline","floor":1},{"not_picked":["Double Energy","Tempest","Auto Shields"],"picked":"SKIP","floor":3},{"not_picked":["Hello World","Compile Driver","Go for the Eyes"],"picked":"Singing Bowl","floor":8},{"not_picked":["Conserve Battery","Storm","Rebound"],"picked":"Singing Bowl","floor":10},{"not_picked":["Gash","Scrape","Beam Cell"],"picked":"Singing Bowl","floor":12},{"not_picked":["Compile Driver","Stack"],"picked":"Reboot","floor":14},{"not_picked":["Creative AI","Hyperbeam"],"picked":"Electrodynamics","floor":16},{"not_picked":["Rebound","Sweeping Beam","Beam Cell"],"picked":"Singing Bowl","floor":18},{"not_picked":["Steam","Leap"],"picked":"Cold Snap","floor":22},{"not_picked":["Stack","Gash"],"picked":"Heatsinks","floor":25},{"not_picked":["Gash","Rip and Tear","Reinforced Body"],"picked":"Singing Bowl","floor":27},{"not_picked":["Leap","Ball Lightning"],"picked":"Electrodynamics","floor":29},{"not_picked":["Core Surge","Hyperbeam"],"picked":"Thunder Strike","floor":33},{"not_picked":["Steam","Beam Cell","Lockon"],"picked":"Singing Bowl","floor":35},{"not_picked":["Rebound","Genetic Algorithm","Ball Lightning"],"picked":"Singing Bowl","floor":36}],"player_experience":2642258,"relics_obtained":[{"floor":7,"key":"Mummified Hand"},{"floor":8,"key":"Singing Bowl"},{"floor":9,"key":"Pantograph"},{"floor":25,"key":"Smiling Mask"},{"floor":26,"key":"Tiny Chest"},{"floor":27,"key":"MawBank"},{"floor":29,"key":"Art of War"}],"event_choices":[{"damage_healed":0,"gold_gain":0,"player_choice":"Take Damage","damage_taken":24,"relics_obtained":["Golden Idol"],"max_hp_gain":0,"max_hp_loss":0,"event_name":"Golden Idol","floor":2,"gold_loss":0},{"damage_healed":0,"gold_gain":0,"player_choice":"Success","damage_taken":18,"relics_obtained":["War Paint"],"max_hp_gain":0,"max_hp_loss":0,"event_name":"Scrap Ooze","floor":4,"gold_loss":0},{"damage_healed":0,"gold_gain":150,"player_choice":"AGREE","damage_taken":0,"max_hp_gain":0,"max_hp_loss":0,"event_name":"Liars Game","floor":5,"gold_loss":0,"cards_obtained":["Doubt"]},{"damage_healed":0,"gold_gain":0,"player_choice":"Read","damage_taken":0,"max_hp_gain":0,"max_hp_loss":0,"event_name":"The Library","floor":20,"gold_loss":0,"cards_obtained":["Sunder"]},{"damage_healed":0,"gold_gain":0,"player_choice":"Simplicity","damage_taken":0,"max_hp_gain":0,"max_hp_loss":0,"event_name":"Back to Basics","floor":24,"gold_loss":0,"cards_upgraded":["Strike_B","Strike_B","Strike_B","Strike_B","Defend_B","Defend_B","Defend_B"]},{"cards_removed":["Electrodynamics"],"damage_healed":0,"gold_gain":0,"player_choice":"Removed Power","damage_taken":0,"max_hp_gain":0,"max_hp_loss":0,"event_name":"Falling","floor":37,"gold_loss":0}],"is_beta":false,"boss_relics":[{"not_picked":["Inserter","Lizard Tail"],"picked":"Snecko Eye"},{"not_picked":["Fusion Hammer","White Beast Statue"],"picked":"Astrolabe"}],"items_purged_floors":[11],"is_endless":false,"potions_floor_spawned":[8,12,16,25,27,33],"killed_by":"Spire Growth","ascension_level":20}