{"path_per_floor":["M","M","M","?","$","E","R","M","T","?","R","E","$","M","R","B",null,"M","?","?","$"],"character_chosen":"IRONCLAD","items_purchased":["Feel No Pain"],"gold_per_floor":[110,124,138,138,63,88,88,101,101,101,101,136,136,152,152,255,255,227,177,102,68,68],"floor_reached":22,"campfire_rested":1,"playtime":1066,"current_hp_per_floor":[77,67,73,73,73,63,63,56,56,80,80,46,46,52,76,36,69,32,32,32,32,0],"items_purged":["Defend_R"],"gold":68,"score":259,"play_id":"e7246a93-8dd5-4cd7-b368-32465944d6e2","local_time":"20180323212549","is_prod":false,"is_daily":false,"is_ascension_mode":true,"campfire_upgraded":2,"timestamp":1521833149,"path_taken":["M","?","M","?","$","E","R","M","T","?","R","E","$","M","R","BOSS","M","?","?","$","M"],"build_version":"2018-03-22v2","purchased_purges":1,"victory":false,"master_deck":["Strike_R","Strike_R","Strike_R","Strike_R","Strike_R","Defend_R","Defend_R","Defend_R","Bash+1","Shrug It Off","Pommel Strike+1","Dropkick+1","Battle Trance","Exhume","Feed","Writhe","Injury","Intimidate","Feel No Pain"],"max_hp_per_floor":[80,80,80,80,80,80,80,80,80,80,80,80,80,80,80,80,80,80,80,80,80,80],"relics":["Burning Blood","Shuriken","Dead Branch","Blue Candle","Calling Bell","Anchor","Pantograph","Torii"],"card_choices":[{"not_picked":["Warcry","Perfected Strike"],"picked":"Shrug It Off","floor":1},{"not_picked":["Warcry","Havoc"],"picked":"Pommel Strike","floor":2},{"not_picked":["Dual Wield","Twin Strike"],"picked":"Dropkick","floor":3},{"not_picked":["Reckless Charge","Rupture"],"picked":"Battle Trance","floor":12},{"not_picked":["Clash","Anger"],"picked":"Exhume","floor":14},{"not_picked":["Fiend Fire","Double Tap"],"picked":"Feed","floor":16},{"not_picked":["Clothesline","Thunderclap"],"picked":"Intimidate","floor":18}],"player_experience":314596,"potions_floor_usage":[12,16],"damage_taken":[{"damage":1,"enemies":"Cultist","floor":1,"turns":3},{"damage":16,"enemies":"Small Slimes","floor":2,"turns":5},{"damage":0,"enemies":"2 Louse","floor":3,"turns":4},{"damage":16,"enemies":"Gremlin Nob","floor":6,"turns":3},{"damage":13,"enemies":"Blue Slaver","floor":8,"turns":2},{"damage":40,"enemies":"Lagavulin","floor":12,"turns":4},{"damage":0,"enemies":"Large Slime","floor":14,"turns":6},{"damage":46,"enemies":"Slime Boss","floor":16,"turns":10},{"damage":43,"enemies":"2 Thieves","floor":18,"turns":5},{"damage":40,"enemies":"Spheric Guardian","floor":22,"turns":4}],"event_choices":[{"event_name":"Shining Light","player_choice":"Ignored","floor":4,"damage_taken":0},{"event_name":"Big Fish","player_choice":"Banana","floor":10,"damage_taken":0},{"event_name":"The Joust","player_choice":"Bet on Murderer","floor":19,"damage_taken":0},{"event_name":"Beggar","player_choice":"Gave Gold","floor":20,"damage_taken":0}],"boss_relics":[{"not_picked":["Tiny House","Runic Cube"],"picked":"Calling Bell"}],"potions_floor_spawned":[8,14],"seed_played":"-8689409325699907362","killed_by":"Spheric Guardian","ascension_level":7,"is_trial":false}