{"gold_per_floor":[117,135,135,135,10,41,41,41,66,91,124,124,139,153,153,248,248,267,74,87,87,112,112,156,156,156,156],"floor_reached":27,"playtime":1178,"items_purged":["Strike_R"],"score":410,"play_id":"1112da13-7ce0-455a-86e6-1f70dfb5bfea","local_time":"20181204233521","is_ascension_mode":true,"campfire_choices":[{"data":"Rampage","floor":8.0,"key":"SMITH"},{"data":"True Grit","floor":12.0,"key":"SMITH"},{"data":"Bash","floor":15.0,"key":"SMITH"},{"data":"Iron Wave","floor":23.0,"key":"SMITH"},{"floor":25.0,"key":"REST"}],"neow_cost":"NONE","seed_source_timestamp":0,"circlet_count":0,"master_deck":["AscendersBane","Strike_R","Strike_R","Strike_R","Strike_R","Defend_R","Defend_R","Defend_R","Defend_R","Bash+1","Rampage+1","Pommel Strike","Headbutt","True Grit+1","Ghostly Armor","Double Tap","Flame Barrier","Cleave","Iron Wave+1","Shrug It Off","Headbutt"],"special_seed":0,"relics":["Burning Blood","Strawberry","Mercury Hourglass","Golden Idol","Boot","Nunchaku","Black Star","ClockworkSouvenir","Bag of Marbles","Bronze Scales","Toxic Egg 2"],"potions_floor_usage":[],"damage_taken":[{"damage":1.0,"enemies":"2 Louse","floor":1.0,"turns":3.0},{"damage":7.0,"enemies":"Jaw Worm","floor":2.0,"turns":3.0},{"damage":28.0,"enemies":"3 Sentries","floor":6.0,"turns":8.0},{"damage":8.0,"enemies":"Small Slimes","floor":10.0,"turns":3.0},{"damage":4.0,"enemies":"Gremlin Nob","floor":11.0,"turns":3.0},{"damage":3.0,"enemies":"Blue Slaver","floor":13.0,"turns":2.0},{"damage":7.0,"enemies":"Exordium Wildlife","floor":14.0,"turns":3.0},{"damage":40.0,"enemies":"Hexaghost","floor":16.0,"turns":9.0},{"damage":16.0,"enemies":"Shell Parasite","floor":18.0,"turns":3.0},{"damage":17.0,"enemies":"3 Byrds","floor":20.0,"turns":3.0},{"damage":8.0,"enemies":"Centurion and Healer","floor":22.0,"turns":8.0},{"damage":41.0,"enemies":"Slavers","floor":24.0,"turns":5.0},{"damage":42,"enemies":"Book of Stabbing","floor":27,"turns":4}],"seed_played":"5490358071822074909","potions_obtained":[{"floor":1.0,"key":"Block Potion"},{"floor":2.0,"key":"Block Potion"},{"floor":10.0,"key":"AttackPotion"},{"floor":20.0,"key":"BloodPotion"},{"floor":22.0,"key":"Fire Potion"}],"is_trial":false,"path_per_floor":["M","M","?","?","$","E","?","R","T","M","E","R","M","M","R","B",null,"M","$","M","?","M","R","E","R","T","E"],"character_chosen":"IRONCLAD","items_purchased":["Headbutt","ClockworkSouvenir"],"campfire_rested":1,"item_purchase_floors":[5,19],"current_hp_per_floor":[80,79,79,84,84,62,62,62,62,60,62,62,65,64,64,30,68,58,58,47,47,45,45,18,42,42,0],"gold":156,"neow_bonus":"RANDOM_COMMON_RELIC","is_prod":false,"is_daily":false,"chose_seed":false,"campfire_upgraded":4,"win_rate":0,"timestamp":1543937721,"path_taken":["M","M","?","?","?","E","?","R","T","?","E","R","M","M","R","BOSS","M","$","M","?","M","R","E","R","T","E"],"build_version":"2018-11-15","purchased_purges":1,"victory":false,"max_hp_per_floor":[82,82,82,87,87,87,81,81,81,81,81,81,81,81,81,81,81,81,81,81,81,81,81,81,81,81,81],"card_choices":[{"not_picked":["Spot Weakness","Burning Pact"],"picked":"Rampage","floor":1.0},{"not_picked":["Armaments","Wild Strike"],"picked":"Pommel Strike","floor":2.0},{"not_picked":["Spot Weakness","Carnage"],"picked":"True Grit","floor":6.0},{"not_picked":["Cleave","Havoc"],"picked":"Ghostly Armor","floor":10.0},{"not_picked":["Hemokinesis","Pommel Strike"],"picked":"Double Tap","floor":11.0},{"not_picked":["Dual Wield","Sever Soul"],"picked":"Flame Barrier","floor":13.0},{"not_picked":["Pummel","Bloodletting","Rampage"],"picked":"SKIP","floor":14.0},{"not_picked":["Reckless Charge","Blood for Blood"],"picked":"Cleave","floor":18.0},{"not_picked":["Body Slam","Rage"],"picked":"Iron Wave","floor":20.0},{"not_picked":["Pummel+1","Heavy Blade+1","Havoc"],"picked":"SKIP","floor":22.0},{"not_picked":["Combust","Anger"],"picked":"Headbutt","floor":24.0}],"player_experience":586907,"relics_obtained":[{"floor":6.0,"key":"Mercury Hourglass"},{"floor":9.0,"key":"Boot"},{"floor":11.0,"key":"Nunchaku"},{"floor":24.0,"key":"Bag of Marbles"},{"floor":24.0,"key":"Bronze Scales"},{"floor":26.0,"key":"Toxic Egg 2"}],"event_choices":[{"damage_healed":0.0,"max_hp_gain":0.0,"max_hp_loss":0.0,"gold_gain":0.0,"event_name":"Liars Game","player_choice":"Ignored","floor":3.0,"gold_loss":0.0,"damage_taken":0.0},{"damage_healed":0.0,"max_hp_gain":5.0,"max_hp_loss":0.0,"gold_gain":0.0,"event_name":"Big Fish","player_choice":"Donut","floor":4.0,"gold_loss":0.0,"damage_taken":0.0},{"damage_healed":0.0,"max_hp_gain":0.0,"max_hp_loss":6.0,"gold_gain":0.0,"event_name":"Golden Idol","player_choice":"Lose Max HP","floor":7.0,"gold_loss":0.0,"damage_taken":0.0,"relics_obtained":["Golden Idol"]},{"damage_healed":0.0,"max_hp_gain":0.0,"max_hp_loss":0.0,"gold_gain":0.0,"event_name":"The Library","player_choice":"Read","floor":21.0,"gold_loss":0.0,"damage_taken":0.0,"cards_obtained":["Shrug It Off"]}],"is_beta":true,"boss_relics":[{"not_picked":["Eternal Feather","White Beast Statue"],"picked":"Black Star"}],"items_purged_floors":[5],"is_endless":false,"potions_floor_spawned":[1,2,10,20,22],"killed_by":"Book of Stabbing","ascension_level":14}