{"gold_per_floor":[109,124,124,139,139,139,156,182,232,232,248,39,74,88,88,163,163,182,193,138,228,245,245,76,76,76,76,76,19,19,19,19,92,92,110,110,32,32,32,32,48,75,75,75,75,91,91,191,191,191,191,191,191,36,70,70],"floor_reached":57,"playtime":3612,"items_purged":["Strike_R","Dropkick"],"score":2593,"play_id":"1203c87c-258f-4e79-b19d-51acb14f7c17","local_time":"20190403195317","is_ascension_mode":true,"campfire_choices":[{"data":"Armaments","floor":6,"key":"SMITH"},{"floor":10,"key":"REST"},{"data":"True Grit","floor":15,"key":"SMITH"},{"floor":23,"key":"REST"},{"data":"Body Slam","floor":25,"key":"SMITH"},{"data":"Shrug It Off","floor":27,"key":"SMITH"},{"floor":32,"key":"REST"},{"floor":40,"key":"RECALL"},{"data":"Battle Trance","floor":44,"key":"PURGE"},{"data":"Defend_R","floor":49,"key":"PURGE"},{"data":"Bash","floor":53,"key":"PURGE"}],"neow_cost":"TEN_PERCENT_HP_LOSS","seed_source_timestamp":460453831787900,"circlet_count":0,"master_deck":["AscendersBane","Defend_R","Defend_R","Defend_R","Armaments+1","Body Slam+1","True Grit+1","Offering","Battle Trance","Dramatic Entrance","Shrug It Off+1","Iron Wave","Barricade+1","Evolve","Bandage Up","Finesse","Finesse","True Grit+1"],"relics":["Burning Blood","Magic Flower","GremlinMask","Kunai","Bag of Marbles","Bag of Preparation","Red Skull","Centennial Puzzle","Empty Cage","Unceasing Top","Fusion Hammer","Peace Pipe","Gambling Chip","Bottled Lightning"],"potions_floor_usage":[7,11,14,16,22,33,33,42,56,56],"damage_taken":[{"damage":11,"enemies":"Small Slimes","floor":1,"turns":5},{"damage":1,"enemies":"Cultist","floor":2,"turns":3},{"damage":7,"enemies":"Jaw Worm","floor":4,"turns":3},{"damage":26,"enemies":"Exordium Wildlife","floor":7,"turns":7},{"damage":34,"enemies":"Lagavulin","floor":8,"turns":6},{"damage":12,"enemies":"Large Slime","floor":11,"turns":8},{"damage":20,"enemies":"3 Sentries","floor":13,"turns":10},{"damage":7,"enemies":"Exordium Thugs","floor":14,"turns":7},{"damage":38,"enemies":"The Guardian","floor":16,"turns":15},{"damage":21,"enemies":"3 Byrds","floor":18,"turns":8},{"damage":14,"enemies":"Shell Parasite","floor":19,"turns":12},{"damage":25,"enemies":"Shelled Parasite and Fungi","floor":22,"turns":5},{"damage":16,"enemies":"Colosseum Slavers","floor":28,"turns":4},{"damage":66,"enemies":"Automaton","floor":33,"turns":10},{"damage":6,"enemies":"3 Shapes","floor":35,"turns":7},{"damage":9,"enemies":"Orb Walker","floor":41,"turns":3},{"damage":27,"enemies":"Reptomancer","floor":42,"turns":10},{"damage":6,"enemies":"4 Shapes","floor":46,"turns":6},{"damage":6,"enemies":"Mind Bloom Boss Battle","floor":48,"turns":3},{"damage":26,"enemies":"Time Eater","floor":50,"turns":8},{"damage":7,"enemies":"Awakened One","floor":51,"turns":10},{"damage":19,"enemies":"Shield and Spear","floor":55,"turns":6},{"damage":79,"enemies":"The Heart","floor":56,"turns":9}],"seed_played":"6569297718754340455","potions_obtained":[{"floor":2,"key":"SkillPotion"},{"floor":8,"key":"Energy Potion"},{"floor":13,"key":"SteroidPotion"},{"floor":14,"key":"BloodPotion"},{"floor":18,"key":"Strength Potion"},{"floor":35,"key":"Energy Potion"},{"floor":41,"key":"Strength Potion"},{"floor":48,"key":"GamblersBrew"}],"is_trial":false,"path_per_floor":["M","M","?","M","?","R","M","E","T","R","M","$","E","M","R","B",null,"M","M","$","?","M","R","$","R","T","R","?","$","?","$","R","B",null,"M","?","$","?","?","R","M","E","T","R","?","M","?","?","R","B","B",null,"R","$","E","B",null],"character_chosen":"IRONCLAD","items_purchased":["Red Skull","True Grit","Fire Potion","Dropkick","Shrug It Off","SkillPotion","Evolve","SpeedPotion"],"campfire_rested":3,"item_purchase_floors":[12,12,20,24,24,29,37,54],"current_hp_per_floor":[66,68,68,68,57,57,40,15,15,35,32,32,21,29,29,11,57,51,52,52,28,18,43,43,43,43,43,42,42,42,42,68,11,69,78,78,78,68,68,68,74,62,62,62,62,74,74,83,83,72,83,90,90,90,82,21],"gold":70,"neow_bonus":"ONE_RARE_RELIC","is_prod":false,"is_daily":false,"chose_seed":false,"campfire_upgraded":4,"win_rate":0,"timestamp":1554288797,"path_taken":["M","M","?","?","?","R","M","E","T","R","M","?","E","M","R","BOSS","M","M","$","?","M","R","?","R","T","R","?","?","?","$","R","BOSS","M","?","$","?","?","R","M","E","T","R","?","?","?","?","R","BOSS","BOSS","R","$","E","BOSS"],"build_version":"2019-01-23","purchased_purges":2,"victory":true,"max_hp_per_floor":[68,68,68,68,68,68,68,68,68,68,68,68,68,72,72,72,72,76,80,80,80,84,84,84,84,84,84,88,88,88,88,88,88,88,92,92,92,92,92,92,92,92,92,92,92,92,92,92,92,92,92,92,92,92,92,92],"card_choices":[{"not_picked":["Sword Boomerang","Havoc"],"picked":"Armaments","floor":1},{"not_picked":["Infernal Blade","Blood for Blood","Clash"],"picked":"SKIP","floor":2},{"not_picked":["Iron Wave","Sever Soul","Pommel Strike"],"picked":"SKIP","floor":4},{"not_picked":["Reckless Charge","Iron Wave"],"picked":"Body Slam","floor":7},{"not_picked":["Heavy Blade","Havoc","Sever Soul"],"picked":"SKIP","floor":8},{"not_picked":["Headbutt","Twin Strike","Perfected Strike"],"picked":"SKIP","floor":11},{"not_picked":["Warcry","Iron Wave"],"picked":"Feed","floor":13},{"not_picked":["Fire Breathing","Headbutt","Thunderclap"],"picked":"SKIP","floor":14},{"not_picked":["Fiend Fire","Immolate"],"picked":"Offering","floor":16},{"not_picked":["Fire Breathing+1","Iron Wave","Intimidate"],"picked":"SKIP","floor":18},{"not_picked":["Sword Boomerang","Iron Wave"],"picked":"Battle Trance","floor":19},{"not_picked":["Havoc+1","Armaments","Sword Boomerang"],"picked":"SKIP","floor":22},{"not_picked":["Feed","Fiend Fire"],"picked":"Barricade","floor":33},{"not_picked":["Headbutt+1","Heavy Blade+1","Thunderclap"],"picked":"SKIP","floor":35},{"not_picked":["Mind Blast","Panache"],"picked":"Bandage Up","floor":38},{"not_picked":["Purity","Trip"],"picked":"Finesse","floor":38},{"not_picked":["Secret Technique","Master of Strategy"],"picked":"Finesse","floor":38},{"not_picked":["Thunderclap","Pummel","Inflame"],"picked":"SKIP","floor":41},{"not_picked":["Iron Wave","Wild Strike"],"picked":"True Grit+1","floor":42},{"not_picked":["Shrug It Off+1","Wild Strike","True Grit"],"picked":"SKIP","floor":46},{"not_picked":["Uppercut+1","Spot Weakness","Limit Break"],"picked":"SKIP","floor":55}],"player_experience":2841017,"relics_obtained":[{"floor":8,"key":"Bag of Marbles"},{"floor":9,"key":"Bag of Preparation"},{"floor":13,"key":"Centennial Puzzle"},{"floor":26,"key":"Unceasing Top"},{"floor":42,"key":"Peace Pipe"},{"floor":48,"key":"Gambling Chip"},{"floor":55,"key":"Bottled Lightning"}],"event_choices":[{"damage_healed":0,"gold_gain":0,"player_choice":"Trade","damage_taken":0,"relics_obtained":["GremlinMask"],"max_hp_gain":0,"max_hp_loss":0,"event_name":"FaceTrader","floor":3,"gold_loss":0},{"damage_healed":0,"gold_gain":0,"player_choice":"Success","damage_taken":11,"relics_obtained":["Kunai"],"max_hp_gain":0,"max_hp_loss":0,"event_name":"Scrap Ooze","floor":5,"gold_loss":0},{"damage_healed":0,"gold_gain":90,"player_choice":"GOLD CARD ","damage_taken":24,"max_hp_gain":0,"max_hp_loss":0,"event_name":"Knowing Skull","floor":21,"potions_obtained":[],"gold_loss":0,"cards_obtained":["Dramatic Entrance"]},{"damage_healed":0,"gold_gain":0,"player_choice":"Fight","damage_taken":0,"max_hp_gain":0,"max_hp_loss":0,"event_name":"Colosseum","floor":28,"gold_loss":0},{"damage_healed":0,"gold_gain":0,"player_choice":"Fled From Nobs","damage_taken":0,"max_hp_gain":0,"max_hp_loss":0,"event_name":"Colosseum","floor":28,"gold_loss":0},{"damage_healed":0,"gold_gain":0,"player_choice":"Fled From Nobs","damage_taken":0,"max_hp_gain":0,"max_hp_loss":0,"event_name":"Colosseum","floor":28,"gold_loss":0},{"damage_healed":0,"gold_gain":0,"cards_transformed":["Strike_R","Strike_R"],"player_choice":"Became Test Subject","damage_taken":0,"max_hp_gain":0,"max_hp_loss":0,"event_name":"Drug Dealer","floor":30,"gold_loss":0,"cards_obtained":["Battle Trance","Iron Wave"]},{"damage_healed":0,"gold_gain":0,"player_choice":"Ignored","damage_taken":0,"max_hp_gain":0,"max_hp_loss":0,"event_name":"Tomb of Lord Red Mask","floor":36,"gold_loss":0},{"damage_healed":0,"gold_gain":0,"player_choice":"Memory 3","damage_taken":10,"max_hp_gain":0,"max_hp_loss":0,"event_name":"SensoryStone","floor":38,"gold_loss":0},{"cards_removed":["Feed"],"damage_healed":0,"gold_gain":0,"player_choice":"Removed Attack","damage_taken":0,"max_hp_gain":0,"max_hp_loss":0,"event_name":"Falling","floor":39,"gold_loss":0},{"damage_healed":0,"gold_gain":0,"player_choice":"Forge","damage_taken":0,"max_hp_gain":0,"max_hp_loss":0,"event_name":"Accursed Blacksmith","floor":45,"gold_loss":0,"cards_upgraded":["Barricade"]},{"damage_healed":0,"gold_gain":0,"player_choice":"Ignored","damage_taken":0,"max_hp_gain":0,"max_hp_loss":0,"event_name":"Mysterious Sphere","floor":47,"gold_loss":0},{"damage_healed":0,"gold_gain":0,"player_choice":"Fight","damage_taken":0,"max_hp_gain":0,"max_hp_loss":0,"event_name":"MindBloom","floor":48,"gold_loss":0}],"is_beta":false,"boss_relics":[{"not_picked":["Tiny House","Cursed Key"],"picked":"Empty Cage"},{"not_picked":["Pandora\u0027s Box","Coffee Dripper"],"picked":"Fusion Hammer"}],"items_purged_floors":[24,54],"is_endless":false,"potions_floor_spawned":[2,8,13,14,18,28,35,41,48],"ascension_level":20}