{"gold_per_floor":[113,388,406,3,21,21,47,47,47,47,76,76,87,97,97,174,174,190,210,0,0,0],"floor_reached":22,"playtime":2308,"items_purged":["Regret"],"score":363,"play_id":"2d91d277-a266-4839-9d4f-ceb6e573e7f5","local_time":"20190310205300","is_ascension_mode":true,"campfire_choices":[{"floor":6,"key":"REST"},{"floor":10,"key":"REST"},{"floor":12,"key":"REST"},{"floor":15,"key":"REST"}],"neow_cost":"NONE","seed_source_timestamp":443864033718082,"circlet_count":0,"master_deck":["AscendersBane","Strike_B","Strike_B","Defend_B","Defend_B","Defend_B","Zap","Dualcast","Compile Driver","Heatsinks","Loop","Magnetism","FTL","Amplify","Loop","Stack","Cold Snap","Buffer","Fusion+1","Biased Cognition+1","Capacitor+1","Ball Lightning+1","Sunder"],"relics":["Cracked Core","Art of War","Kunai","Question Card","Mummified Hand","Astrolabe"],"potions_floor_usage":[7,8,16,19],"damage_taken":[{"damage":11,"enemies":"Small Slimes","floor":1,"turns":4},{"damage":3,"enemies":"Cultist","floor":3,"turns":3},{"damage":9,"enemies":"2 Louse","floor":5,"turns":4},{"damage":24,"enemies":"Gremlin Nob","floor":7,"turns":4},{"damage":0,"enemies":"Large Slime","floor":8,"turns":1},{"damage":52,"enemies":"3 Sentries","floor":11,"turns":8},{"damage":7,"enemies":"Looter","floor":13,"turns":4},{"damage":0,"enemies":"Exordium Wildlife","floor":14,"turns":3},{"damage":2,"enemies":"The Guardian","floor":16,"turns":9},{"damage":33,"enemies":"Shell Parasite","floor":18,"turns":6},{"damage":28,"enemies":"2 Thieves","floor":19,"turns":4},{"damage":8,"enemies":"Snake Plant","floor":22,"turns":2}],"seed_played":"-3241905869822103248","potions_obtained":[{"floor":1,"key":"Weak Potion"},{"floor":3,"key":"SmokeBomb"},{"floor":14,"key":"PowerPotion"},{"floor":18,"key":"Weak Potion"}],"is_trial":false,"path_per_floor":["M","?","M","$","M","R","E","M","T","R","E","R","M","M","R","B",null,"M","M","?","?","M"],"character_chosen":"DEFECT","items_purchased":["Loop","Magnetism","PowerPotion"],"campfire_rested":4,"item_purchase_floors":[4,4,4],"current_hp_per_floor":[53,53,50,50,41,62,38,38,38,59,7,28,21,21,42,40,63,30,2,2,2,0],"gold":0,"neow_bonus":"RANDOM_COMMON_RELIC","is_prod":false,"is_daily":false,"chose_seed":false,"campfire_upgraded":0,"win_rate":0,"timestamp":1552243980,"path_taken":["M","?","M","$","M","R","E","M","T","R","E","R","M","?","R","BOSS","M","M","?","?","M"],"build_version":"2019-01-23","purchased_purges":1,"victory":false,"max_hp_per_floor":[71,71,71,71,71,71,71,71,71,71,71,71,71,71,71,71,71,71,71,71,71,71],"card_choices":[{"not_picked":["Skim","Steam Power"],"picked":"Compile Driver","floor":1},{"not_picked":["Redo","Tempest"],"picked":"Heatsinks","floor":3},{"not_picked":["Barrage","Sweeping Beam"],"picked":"FTL","floor":5},{"not_picked":["Go for the Eyes","Loop"],"picked":"Amplify","floor":7},{"not_picked":["Doom and Gloom","Coolheaded","Genetic Algorithm"],"picked":"Loop","floor":11},{"not_picked":["Leap","Barrage","Redo"],"picked":"Stack","floor":13},{"not_picked":["Hologram","FTL","Beam Cell"],"picked":"Cold Snap","floor":14},{"not_picked":["Machine Learning","Fission","Hyperbeam"],"picked":"Buffer","floor":16},{"not_picked":["Redo","Conserve Battery","Sweeping Beam"],"picked":"Ball Lightning+1","floor":18},{"not_picked":["Rebound+1","Coolheaded","Compile Driver"],"picked":"Sunder","floor":19}],"player_experience":1076515,"relics_obtained":[{"floor":7,"key":"Kunai"},{"floor":9,"key":"Question Card"},{"floor":11,"key":"Mummified Hand"}],"event_choices":[{"damage_healed":0,"gold_gain":275,"player_choice":"Desecrate","damage_taken":0,"max_hp_gain":0,"max_hp_loss":0,"event_name":"Golden Shrine","floor":2,"gold_loss":0,"cards_obtained":["Regret"]},{"damage_healed":0,"gold_gain":0,"player_choice":"Paid Fearfully","damage_taken":0,"max_hp_gain":0,"max_hp_loss":0,"event_name":"Masked Bandits","floor":20,"gold_loss":210},{"damage_healed":0,"gold_gain":0,"player_choice":"Ignored","damage_taken":0,"max_hp_gain":0,"max_hp_loss":0,"event_name":"Beggar","floor":21,"gold_loss":0}],"is_beta":false,"boss_relics":[{"not_picked":["Cursed Key","Pandora\u0027s Box"],"picked":"Astrolabe"}],"items_purged_floors":[4],"is_endless":false,"potions_floor_spawned":[1,3,14,18],"killed_by":"Snake Plant","ascension_level":17}