{"gold_per_floor":[110,120,120,120,45,74,87,116,116,143,156,156,174,203,203,282,282,292,323,168,181,181,181,211,211,238,269,283,283,313,331,331,404,404,418,418,140,155,30,62,62,74,74,74,108,126,126,153,153,153,153,153,153,96,123,123],"floor_reached":57,"playtime":2886,"items_purged":["Pain","Strike_R","Bite"],"score":3202,"play_id":"d7ffe51a-4bc6-472b-8332-817bc024723b","local_time":"20190307190658","is_ascension_mode":true,"campfire_choices":[{"data":"Demon Form","floor":12.0,"key":"SMITH"},{"data":"Disarm","floor":15.0,"key":"SMITH"},{"data":"Disarm","floor":23.0,"key":"SMITH"},{"data":"True Grit","floor":25.0,"key":"SMITH"},{"data":"Feed","floor":29.0,"key":"SMITH"},{"data":"Shockwave","floor":32.0,"key":"SMITH"},{"data":"Exhume","floor":41.0,"key":"SMITH"},{"floor":44.0,"key":"RECALL"},{"data":"Second Wind","floor":49.0,"key":"SMITH"},{"data":"Evolve","floor":53.0,"key":"SMITH"}],"neow_cost":"NONE","seed_source_timestamp":10662045000400,"circlet_count":0,"master_deck":["AscendersBane","Defend_R","Defend_R","Defend_R","Defend_R","Bash+1","Carnage+1","Disarm+1","True Grit+1","Shockwave+1","Offering","Demon Form+1","Double Tap","Flame Barrier","Evolve+1","Disarm+1","Bite+1","Bite","Bite","Intimidate","Feed+1","True Grit+1","Exhume+1","Second Wind+1","Flame Barrier+1","Shrug It Off+1","True Grit+1","Offering","Madness","Madness"],"special_seed":0,"relics":["Burning Blood","NeowsBlessing","WarpedTongs","Oddly Smooth Stone","Singing Bowl","Orichalcum","Pen Nib","Charon\u0027s Ashes","Philosopher\u0027s Stone","Red Mask","Dead Branch","Vajra","Bottled Tornado","Whetstone","Coffee Dripper","Bottled Lightning","Centennial Puzzle","Omamori","Dream Catcher","Lantern"],"potions_floor_usage":[56,56],"damage_taken":[{"damage":1.0,"enemies":"Small Slimes","floor":1.0,"turns":2.0},{"damage":0.0,"enemies":"2 Louse","floor":2.0,"turns":1.0},{"damage":0.0,"enemies":"Lagavulin","floor":6.0,"turns":1.0},{"damage":0.0,"enemies":"Cultist","floor":7.0,"turns":3.0},{"damage":24.0,"enemies":"3 Sentries","floor":8.0,"turns":9.0},{"damage":6.0,"enemies":"Lagavulin","floor":10.0,"turns":3.0},{"damage":8.0,"enemies":"Blue Slaver","floor":11.0,"turns":3.0},{"damage":0.0,"enemies":"3 Louse","floor":13.0,"turns":2.0},{"damage":11.0,"enemies":"Gremlin Nob","floor":14.0,"turns":3.0},{"damage":6.0,"enemies":"The Guardian","floor":16.0,"turns":8.0},{"damage":6.0,"enemies":"Spheric Guardian","floor":18.0,"turns":3.0},{"damage":28.0,"enemies":"Masked Bandits","floor":19.0,"turns":4.0},{"damage":7.0,"enemies":"Shell Parasite","floor":21.0,"turns":6.0},{"damage":25.0,"enemies":"Slavers","floor":24.0,"turns":5.0},{"damage":20.0,"enemies":"Book of Stabbing","floor":27.0,"turns":4.0},{"damage":6.0,"enemies":"Snecko","floor":28.0,"turns":3.0},{"damage":23.0,"enemies":"Slavers","floor":30.0,"turns":5.0},{"damage":19.0,"enemies":"Shelled Parasite and Fungi","floor":31.0,"turns":5.0},{"damage":51.0,"enemies":"Collector","floor":33.0,"turns":8.0},{"damage":3.0,"enemies":"Orb Walker","floor":35.0,"turns":3.0},{"damage":10.0,"enemies":"3 Shapes","floor":38.0,"turns":4.0},{"damage":6.0,"enemies":"Nemesis","floor":40.0,"turns":7.0},{"damage":16.0,"enemies":"Transient","floor":42.0,"turns":6.0},{"damage":12.0,"enemies":"Reptomancer","floor":45.0,"turns":1.0},{"damage":16.0,"enemies":"4 Shapes","floor":46.0,"turns":3.0},{"damage":12.0,"enemies":"Nemesis","floor":48.0,"turns":5.0},{"damage":21.0,"enemies":"Donu and Deca","floor":50.0,"turns":9.0},{"damage":36.0,"enemies":"Time Eater","floor":51.0,"turns":6.0},{"damage":31,"enemies":"Shield and Spear","floor":55,"turns":5},{"damage":64,"enemies":"The Heart","floor":56,"turns":8}],"seed_played":"7930812467398890937","potions_obtained":[{"floor":7.0,"key":"FearPotion"},{"floor":8.0,"key":"AttackPotion"},{"floor":11.0,"key":"Block Potion"},{"floor":18.0,"key":"SteroidPotion"},{"floor":21.0,"key":"Regen Potion"},{"floor":27.0,"key":"Block Potion"},{"floor":30.0,"key":"LiquidBronze"},{"floor":48.0,"key":"SkillPotion"},{"floor":55,"key":"Ancient Potion"}],"is_trial":false,"path_per_floor":["M","M","?","?","$","E","M","E","T","E","M","R","M","E","R","B",null,"M","?","$","M","?","R","E","R","T","E","M","R","E","M","R","B",null,"M","?","$","M","$","E","R","M","T","R","E","M","?","E","R","B","B",null,"R","$","E","B",null],"character_chosen":"IRONCLAD","items_purchased":["AttackPotion","Bottled Lightning","PowerPotion"],"campfire_rested":0,"item_purchase_floors":[20,37,54],"current_hp_per_floor":[73,75,75,75,75,75,75,57,57,57,57,57,65,62,62,62,76,76,54,54,53,53,53,56,56,56,52,59,59,58,71,71,47,68,77,77,77,79,79,83,83,79,79,79,75,72,56,62,62,64,47,83,83,83,78,34],"gold":123,"neow_bonus":"THREE_ENEMY_KILL","is_prod":false,"is_daily":false,"chose_seed":false,"campfire_upgraded":9,"win_rate":0,"timestamp":1551953218,"path_taken":["M","M","?","?","$","E","M","E","T","E","M","R","M","E","R","BOSS","M","?","$","M","?","R","E","R","T","E","M","R","E","M","R","BOSS","M","?","$","M","$","E","R","M","T","R","E","M","?","E","R","BOSS","BOSS","R","$","E","BOSS"],"build_version":"2019-01-23","purchased_purges":3,"victory":true,"max_hp_per_floor":[75,75,75,75,75,75,75,75,75,75,77,77,79,81,81,81,81,81,81,81,81,56,56,56,56,56,56,59,59,65,71,71,75,75,79,79,79,79,79,83,83,83,83,83,85,89,89,91,91,95,95,95,95,95,101,101],"card_choices":[{"not_picked":["Pommel Strike","Sword Boomerang"],"picked":"Carnage","floor":1.0},{"not_picked":["Cleave","Power Through"],"picked":"Disarm","floor":2.0},{"not_picked":["Pommel Strike","Armaments"],"picked":"True Grit","floor":6.0},{"not_picked":["Heavy Blade","Iron Wave"],"picked":"Shockwave","floor":7.0},{"not_picked":["Pommel Strike","Anger"],"picked":"Offering","floor":8.0},{"not_picked":["Warcry","Sword Boomerang"],"picked":"Demon Form","floor":10.0},{"not_picked":["Heavy Blade","Pummel","Sword Boomerang"],"picked":"Singing Bowl","floor":11.0},{"not_picked":["Thunderclap","Hemokinesis","Pummel"],"picked":"Singing Bowl","floor":13.0},{"not_picked":["Fire Breathing","Body Slam","Spot Weakness"],"picked":"Singing Bowl","floor":14.0},{"not_picked":["Limit Break","Demon Form"],"picked":"Double Tap","floor":16.0},{"not_picked":["Sentinel","Anger+1"],"picked":"Flame Barrier","floor":18.0},{"not_picked":["Clash","Heavy Blade"],"picked":"Evolve","floor":19.0},{"not_picked":["Intimidate","Heavy Blade"],"picked":"Disarm","floor":21.0},{"not_picked":["Bloodletting","Twin Strike"],"picked":"Intimidate","floor":24.0},{"not_picked":["Twin Strike+1","Rampage"],"picked":"Feed","floor":27.0},{"not_picked":["Clash+1","Clothesline"],"picked":"True Grit+1","floor":28.0},{"not_picked":["Thunderclap","Rampage","Flex"],"picked":"Singing Bowl","floor":30.0},{"not_picked":["Rupture","Fire Breathing","Pommel Strike"],"picked":"Singing Bowl","floor":31.0},{"not_picked":["Dark Embrace","Limit Break"],"picked":"Exhume","floor":33.0},{"not_picked":["Dual Wield","Anger"],"picked":"Second Wind","floor":35.0},{"not_picked":["Dropkick","Armaments"],"picked":"Flame Barrier+1","floor":38.0},{"not_picked":["Perfected Strike","Dark Embrace"],"picked":"Shrug It Off+1","floor":40.0},{"not_picked":["Shrug It Off","Armaments+1"],"picked":"True Grit+1","floor":42.0},{"not_picked":["Warcry","Wild Strike","Fire Breathing"],"picked":"Singing Bowl","floor":45.0},{"not_picked":["Sword Boomerang","Clash"],"picked":"Offering","floor":46.0},{"not_picked":["Wild Strike","Bloodletting","Iron Wave"],"picked":"Singing Bowl","floor":48.0},{"not_picked":["Clothesline","Warcry","Iron Wave"],"picked":"Singing Bowl","floor":55}],"player_experience":2054930,"relics_obtained":[{"floor":6.0,"key":"Oddly Smooth Stone"},{"floor":8.0,"key":"Singing Bowl"},{"floor":9.0,"key":"Orichalcum"},{"floor":10.0,"key":"Pen Nib"},{"floor":14.0,"key":"Charon\u0027s Ashes"},{"floor":19.0,"key":"Red Mask"},{"floor":24.0,"key":"Dead Branch"},{"floor":26.0,"key":"Vajra"},{"floor":27.0,"key":"Bottled Tornado"},{"floor":30.0,"key":"Whetstone"},{"floor":40.0,"key":"Centennial Puzzle"},{"floor":45.0,"key":"Omamori"},{"floor":48.0,"key":"Dream Catcher"},{"floor":55,"key":"Lantern"}],"event_choices":[{"damage_healed":0.0,"max_hp_gain":0.0,"max_hp_loss":0.0,"gold_gain":0.0,"event_name":"Living Wall","player_choice":"Grow","floor":3.0,"gold_loss":0.0,"damage_taken":0.0,"cards_upgraded":["Carnage"]},{"damage_healed":0.0,"max_hp_gain":0.0,"max_hp_loss":0.0,"gold_gain":0.0,"event_name":"Accursed Blacksmith","player_choice":"Rummage","floor":4.0,"gold_loss":0.0,"damage_taken":0.0,"relics_obtained":["WarpedTongs"],"cards_obtained":["Pain"]},{"damage_healed":0.0,"max_hp_gain":0.0,"max_hp_loss":0.0,"gold_gain":0.0,"event_name":"Masked Bandits","player_choice":"Fought Bandits","floor":19.0,"gold_loss":0.0,"damage_taken":0.0},{"damage_healed":0.0,"max_hp_gain":0.0,"max_hp_loss":25.0,"gold_gain":0.0,"event_name":"Vampires","player_choice":"Became a vampire","floor":22.0,"gold_loss":0.0,"damage_taken":0.0,"cards_obtained":["Bite","Bite","Bite","Bite","Bite"]},{"cards_removed":["Bite"],"damage_healed":0.0,"max_hp_gain":0.0,"max_hp_loss":0.0,"gold_gain":0.0,"event_name":"Falling","player_choice":"Removed Attack","floor":36.0,"gold_loss":0.0,"damage_taken":0.0},{"damage_healed":0.0,"max_hp_gain":0.0,"max_hp_loss":0.0,"gold_gain":0.0,"event_name":"Winding Halls","player_choice":"Embrace Madness","floor":47.0,"gold_loss":0.0,"damage_taken":16.0,"cards_obtained":["Madness","Madness"]}],"is_beta":false,"boss_relics":[{"not_picked":["Runic Pyramid","Black Star"],"picked":"Philosopher\u0027s Stone"},{"not_picked":["Runic Dome","Tiny House"],"picked":"Coffee Dripper"}],"items_purged_floors":[5,20,39],"is_endless":false,"potions_floor_spawned":[7,8,11,18,21,27,30,35,38,48,55],"ascension_level":20}