{"gold_per_floor":[118,131,144,294,294,294,325,325,375,390,403,403,429,459,459,537,537,552,562,574,135,105,105,105],"floor_reached":24,"playtime":888,"items_purged":["Strike_B"],"score":432,"play_id":"a99a7dd0-c347-4c21-aedf-df0a9a915c97","local_time":"20190211083603","is_ascension_mode":true,"campfire_choices":[{"data":"Beam Cell","floor":6,"key":"SMITH"},{"floor":8,"key":"REST"},{"data":"Sunder","floor":12,"key":"SMITH"},{"data":"Go for the Eyes","floor":15,"key":"SMITH"},{"floor":23,"key":"REST"}],"neow_cost":"NONE","seed_source_timestamp":483446287215000,"circlet_count":0,"master_deck":["AscendersBane","Strike_B","Strike_B","Strike_B","Defend_B","Defend_B","Defend_B","Defend_B","Zap","Dualcast","Beam Cell+1","Go for the Eyes+1","Cold Snap","Sunder+1","Gash","All For One","Echo Form","Coolheaded+1","Defragment","Panache"],"relics":["Cracked Core","NeowsBlessing","Blood Vial","Boot","WingedGreaves","Centennial Puzzle","Busted Crown","Juzu Bracelet"],"potions_floor_usage":[13,16,16,24,24],"damage_taken":[{"damage":0,"enemies":"Cultist","floor":1,"turns":1},{"damage":0,"enemies":"Small Slimes","floor":2,"turns":1},{"damage":0,"enemies":"2 Louse","floor":3,"turns":1},{"damage":40,"enemies":"3 Sentries","floor":7,"turns":8},{"damage":4,"enemies":"Red Slaver","floor":10,"turns":3},{"damage":3,"enemies":"Looter","floor":11,"turns":2},{"damage":23,"enemies":"Lagavulin","floor":13,"turns":6},{"damage":4,"enemies":"Gremlin Nob","floor":14,"turns":3},{"damage":25,"enemies":"The Guardian","floor":16,"turns":10},{"damage":26,"enemies":"Shell Parasite","floor":18,"turns":4},{"damage":12,"enemies":"Chosen","floor":19,"turns":4},{"damage":13,"enemies":"3 Cultists","floor":20,"turns":5},{"damage":5,"enemies":"Gremlin Leader","floor":24,"turns":4}],"seed_played":"-5591390326570876141","potions_obtained":[{"floor":7,"key":"EssenceOfSteel"},{"floor":11,"key":"Regen Potion"},{"floor":14,"key":"Strength Potion"},{"floor":16,"key":"Weak Potion"},{"floor":18,"key":"LiquidBronze"},{"floor":22,"key":"Block Potion"},{"floor":22,"key":"Fire Potion"}],"is_trial":false,"path_per_floor":["M","M","M","?","?","R","E","R","T","M","M","R","E","E","R","B",null,"M","M","M","$","?","R","E"],"character_chosen":"DEFECT","items_purchased":["Panache","Juzu Bracelet"],"campfire_rested":2,"item_purchase_floors":[21,21],"current_hp_per_floor":[64,64,64,64,64,64,24,45,45,43,42,42,33,31,31,8,55,31,21,10,10,10,31,28],"gold":105,"neow_bonus":"THREE_ENEMY_KILL","is_prod":false,"is_daily":false,"chose_seed":false,"campfire_upgraded":3,"win_rate":0,"timestamp":1549841763,"path_taken":["M","?","M","?","?","R","E","R","T","?","M","R","E","E","R","BOSS","M","M","M","$","?","R","E"],"build_version":"2019-01-23","purchased_purges":1,"victory":false,"max_hp_per_floor":[71,71,71,71,71,71,71,71,71,71,71,71,71,71,71,71,71,71,71,71,71,71,71,71],"card_choices":[{"not_picked":["Compile Driver","Steam"],"picked":"Beam Cell","floor":1},{"not_picked":["Heatsinks","Static Discharge"],"picked":"Go for the Eyes","floor":2},{"not_picked":["Turbo","Force Field","Steam"],"picked":"SKIP","floor":3},{"not_picked":["Go for the Eyes","Redo"],"picked":"Cold Snap","floor":7},{"not_picked":["Self Repair","Fusion"],"picked":"Sunder","floor":10},{"not_picked":["Streamline","Doom and Gloom"],"picked":"Gash","floor":11},{"not_picked":["Amplify","BootSequence"],"picked":"All For One","floor":13},{"not_picked":["Steam","Compile Driver","Rebound"],"picked":"SKIP","floor":14},{"not_picked":["Reboot","Creative AI"],"picked":"Echo Form","floor":16},{"not_picked":[],"picked":"Coolheaded+1","floor":18},{"not_picked":[],"picked":"Defragment","floor":19},{"not_picked":["Ball Lightning"],"picked":"SKIP","floor":20}],"player_experience":1501099,"relics_obtained":[{"floor":7,"key":"Blood Vial"},{"floor":9,"key":"Boot"},{"floor":13,"key":"WingedGreaves"},{"floor":14,"key":"Centennial Puzzle"}],"event_choices":[{"damage_healed":0,"gold_gain":150,"player_choice":"AGREE","damage_taken":0,"max_hp_gain":0,"max_hp_loss":0,"event_name":"Liars Game","floor":4,"gold_loss":0,"cards_obtained":["Doubt"]},{"cards_removed":["Doubt"],"damage_healed":0,"gold_gain":0,"player_choice":"Purged","damage_taken":0,"max_hp_gain":0,"max_hp_loss":0,"event_name":"Purifier","floor":5,"gold_loss":0},{"damage_healed":0,"gold_gain":0,"player_choice":"Bought 2 Potions","damage_taken":0,"max_hp_gain":0,"max_hp_loss":0,"event_name":"The Woman in Blue","floor":22,"gold_loss":0}],"is_beta":false,"boss_relics":[{"not_picked":["Tiny House","Black Star"],"picked":"Busted Crown"}],"items_purged_floors":[21],"is_endless":false,"potions_floor_spawned":[7,11,14,16,18],"killed_by":"Gremlin Leader","ascension_level":20}