{"path_per_floor":["M","?","M","M","?","R","E","M","T","?","M","E","M","?","R"],"character_chosen":"THE_SILENT","items_purchased":[],"gold_per_floor":[111,111,123,134,134,134,160,171,171,244,255,282,294,469,469],"floor_reached":16,"campfire_rested":1,"playtime":1801,"current_hp_per_floor":[67,53,50,49,31,31,7,7,7,7,7,7,1,1,22],"items_purged":[],"gold":469,"play_id":"42ce1931-8deb-4eef-bf73-f8c3f89f16c5","is_prod":false,"is_daily":false,"is_ascension_mode":false,"campfire_upgraded":1,"path_taken":["M","?","M","?","?","R","E","M","T","?","M","E","M","?","R","BOSS"],"build_version":"2018-01-25-PROD3","purchased_purges":0,"victory":false,"master_deck":["Defend_G","Defend_G","Defend_G+1","Defend_G+1","Defend_G","Strike_G","Strike_G","Strike_G","Strike_G","Survivor","Neutralize+1","Unload+1","PiercingWail","Flying Knee","Deflect","Heel Hook","Backstab","Sucker Punch","Flechettes","Doubt"],"max_hp_per_floor":[70,70,70,70,70,70,70,70,70,70,70,70,70,70,70],"relics":["Ring of the Snake","Pantograph","Kunai","Frozen Eye","Molten Egg"],"card_choices":[{"not_picked":["Calculated Gamble","Malaise"],"picked":"PiercingWail"},{"not_picked":["Doppelganger","Sucker Punch"],"picked":"Flying Knee"},{"not_picked":["Choke","Poisoned Stab"],"picked":"Deflect"},{"not_picked":["Slice","Burst"],"picked":"Heel Hook"},{"not_picked":["Caltrops","Poisoned Stab"],"picked":"Backstab"},{"not_picked":["Outmaneuver","Dodge and Roll"],"picked":"Sucker Punch"},{"not_picked":["Outmaneuver","Sucker Punch"],"picked":"Flechettes"}],"player_experience":13798,"potions_floor_usage":[12,12,16],"damage_taken":[{"damage":3,"enemies":"Jaw Worm","floor":1,"turns":3},{"damage":3,"enemies":"2 Louse","floor":3,"turns":2},{"damage":1,"enemies":"Blue Slaver","floor":4,"turns":4},{"damage":24,"enemies":"3 Sentries","floor":7,"turns":13},{"damage":0,"enemies":"Looter","floor":8,"turns":3},{"damage":0,"enemies":"3 Louse","floor":11,"turns":5},{"damage":0,"enemies":"Gremlin Nob","floor":12,"turns":2},{"damage":6,"enemies":"Lots of Slimes","floor":13,"turns":4},{"damage":49,"enemies":"Slime Boss","floor":16,"turns":16}],"event_choices":[{"event_name":"Shining Light","player_choice":"Entered Light","floor":2,"damage_taken":0},{"event_name":"Scrap Ooze","player_choice":"success","floor":5,"damage_taken":18},{"event_name":"Golden Wing","player_choice":"Gained Gold","floor":10,"damage_taken":0},{"event_name":"Liars Game","player_choice":"agreed","floor":14,"damage_taken":0}],"boss_relics":[],"potions_floor_spawned":[1,3,11,13],"seed_played":"3526778031236700970","killed_by":"Slime Boss","ascension_level":0,"is_trial":false}