{"gold_per_floor":[112,112,112,59,72,135,135,135,135,166,166,206,206,35,35,128,128,152,173,173,5,25,25,48,84,160,160,160,160,178,178,178,178],"floor_reached":33,"playtime":1051,"items_purged":["Strike_R"],"score":558,"play_id":"fb3280bb-ecfc-41c9-97e8-6e9a64e2dbf0","local_time":"20190403184211","is_ascension_mode":true,"campfire_choices":[{"data":"Immolate","floor":8,"key":"SMITH"},{"data":"Bash","floor":11,"key":"SMITH"},{"data":"Impervious","floor":13,"key":"SMITH"},{"data":"Whirlwind","floor":15,"key":"SMITH"},{"data":"Disarm","floor":23,"key":"SMITH"},{"data":"Feel No Pain","floor":28,"key":"SMITH"},{"data":"Impervious","floor":29,"key":"SMITH"},{"floor":32,"key":"REST"}],"neow_cost":"NONE","seed_source_timestamp":458754387734700,"circlet_count":0,"master_deck":["AscendersBane","Strike_R","Strike_R","Strike_R","Defend_R","Defend_R","Defend_R","Defend_R","Bash+1","Immolate+1","Second Wind","Battle Trance","Impervious+1","Whirlwind+1","Offering","Feel No Pain+1","Disarm+1","Flame Barrier","Impervious+1","Writhe","Rampage+1"],"relics":["Burning Blood","Golden Idol","Tiny Chest","Bag of Preparation","WingedGreaves","Sozu","Nloth\u0027s Gift","The Courier","Dream Catcher"],"potions_floor_usage":[6,10,16,16],"damage_taken":[{"damage":0,"enemies":"2 Louse","floor":1,"turns":1},{"damage":14,"enemies":"Jaw Worm","floor":5,"turns":4},{"damage":24,"enemies":"3 Sentries","floor":6,"turns":6},{"damage":6,"enemies":"Gremlin Nob","floor":10,"turns":3},{"damage":20,"enemies":"Lagavulin","floor":12,"turns":4},{"damage":19,"enemies":"Slime Boss","floor":16,"turns":7},{"damage":0,"enemies":"3 Byrds","floor":18,"turns":4},{"damage":11,"enemies":"Shell Parasite","floor":19,"turns":4},{"damage":6,"enemies":"Sentry and Sphere","floor":22,"turns":1},{"damage":32,"enemies":"Snecko","floor":24,"turns":5},{"damage":28,"enemies":"Slavers","floor":25,"turns":3},{"damage":15,"enemies":"Cultist and Chosen","floor":30,"turns":7},{"damage":63,"enemies":"Champ","floor":33,"turns":19}],"seed_played":"498182981862806324","potions_obtained":[{"floor":6,"key":"SkillPotion"},{"floor":12,"key":"Block Potion"}],"is_trial":false,"path_per_floor":["M","?","?","$","M","E","?","R","T","E","R","E","R","$","R","B",null,"M","M","?","$","M","R","M","E","T","?","R","R","M","?","R","B"],"character_chosen":"IRONCLAD","items_purchased":["PowerPotion","Whirlwind","PowerPotion","Disarm","Flame Barrier"],"campfire_rested":1,"item_purchase_floors":[4,14,14,21,21],"current_hp_per_floor":[74,67,41,41,33,15,40,40,40,40,40,26,26,26,26,13,60,66,61,61,61,61,61,35,13,13,75,75,75,66,66,75,12],"gold":178,"neow_bonus":"ONE_RANDOM_RARE_CARD","is_prod":false,"is_daily":false,"chose_seed":false,"campfire_upgraded":7,"win_rate":0,"timestamp":1554284531,"path_taken":["M","?","?","?","M","E","?","R","T","E","R","E","R","?","R","BOSS","M","M","?","$","M","R","?","E","T","?","R","R","?","?","R","BOSS"],"build_version":"2019-01-23","purchased_purges":1,"victory":false,"max_hp_per_floor":[75,75,75,75,75,75,75,75,75,75,75,75,75,75,75,75,75,75,75,75,75,75,75,75,75,75,75,75,75,75,75,75,75],"card_choices":[{"not_picked":["Sword Boomerang","Hemokinesis","Anger"],"picked":"SKIP","floor":1},{"not_picked":["Disarm","Flex"],"picked":"Second Wind","floor":5},{"not_picked":["Pommel Strike","Reckless Charge","Heavy Blade"],"picked":"SKIP","floor":6},{"not_picked":["Pummel","Warcry"],"picked":"Battle Trance","floor":10},{"not_picked":["Pummel","Sword Boomerang"],"picked":"Impervious","floor":12},{"not_picked":["Immolate","Fiend Fire"],"picked":"Offering","floor":16},{"not_picked":["Iron Wave","Inflame"],"picked":"Feel No Pain","floor":18},{"not_picked":["Thunderclap","Perfected Strike","Dropkick"],"picked":"SKIP","floor":19},{"not_picked":["Warcry","Wild Strike+1","Thunderclap"],"picked":"SKIP","floor":22},{"not_picked":["Fire Breathing","Armaments","Searing Blow"],"picked":"SKIP","floor":24},{"not_picked":["Disarm","Flex"],"picked":"Impervious","floor":25},{"not_picked":["Thunderclap","Iron Wave","Headbutt"],"picked":"SKIP","floor":30},{"not_picked":["Carnage","Clothesline"],"picked":"Rampage+1","floor":32}],"player_experience":2839362,"relics_obtained":[{"floor":6,"key":"Tiny Chest"},{"floor":9,"key":"Bag of Preparation"},{"floor":10,"key":"WingedGreaves"},{"floor":12,"key":"Orichalcum"},{"floor":25,"key":"The Courier"}],"event_choices":[{"cards_removed":["Strike_R"],"damage_healed":0,"gold_gain":0,"player_choice":"Card Removal","damage_taken":7,"max_hp_gain":0,"max_hp_loss":0,"event_name":"Golden Wing","floor":2,"gold_loss":0},{"damage_healed":0,"gold_gain":0,"player_choice":"Take Damage","damage_taken":26,"relics_obtained":["Golden Idol"],"max_hp_gain":0,"max_hp_loss":0,"event_name":"Golden Idol","floor":3,"gold_loss":0},{"damage_healed":25,"gold_gain":0,"player_choice":"Banana","damage_taken":0,"max_hp_gain":0,"max_hp_loss":0,"event_name":"Big Fish","floor":7,"gold_loss":0},{"damage_healed":0,"gold_gain":0,"player_choice":"Traded Relic","damage_taken":0,"relics_obtained":["Nloth\u0027s Gift"],"max_hp_gain":0,"max_hp_loss":0,"event_name":"N\u0027loth","floor":20,"relics_lost":["Orichalcum"],"gold_loss":0},{"damage_healed":62,"gold_gain":0,"player_choice":"Full Heal","damage_taken":0,"max_hp_gain":0,"max_hp_loss":0,"event_name":"Wheel of Change","floor":27,"gold_loss":0},{"damage_healed":0,"gold_gain":0,"player_choice":"Opened","damage_taken":0,"relics_obtained":["Dream Catcher"],"max_hp_gain":0,"max_hp_loss":0,"event_name":"The Mausoleum","floor":31,"gold_loss":0,"cards_obtained":["Writhe"]}],"is_beta":false,"boss_relics":[{"not_picked":["Empty Cage","Black Star"],"picked":"Sozu"}],"items_purged_floors":[14],"is_endless":false,"potions_floor_spawned":[6,12,30],"killed_by":"Champ","ascension_level":20}