{"gold_per_floor":[115,127,402,422,439,468,468,13,13,13,13],"floor_reached":11,"playtime":231,"items_purged":["Regret"],"score":146,"play_id":"90a30cf6-068f-46ac-b6e2-05c90a4f2438","local_time":"20190307124302","is_ascension_mode":true,"campfire_choices":[{"data":"Zap","floor":7,"key":"SMITH"}],"neow_cost":"NONE","seed_source_timestamp":213090139888200,"circlet_count":0,"master_deck":["AscendersBane","Strike_B","Strike_B","Strike_B","Strike_B+1","Defend_B+1","Defend_B","Defend_B","Defend_B","Zap+1","Dualcast","Cold Snap","Streamline","Electrodynamics","Self Repair","Coolheaded"],"relics":["Cracked Core","Bag of Marbles","Pear","Mummified Hand","Turnip"],"potions_floor_usage":[6,11],"damage_taken":[{"damage":0,"enemies":"Small Slimes","floor":1,"turns":2},{"damage":0,"enemies":"Cultist","floor":2,"turns":2},{"damage":3,"enemies":"2 Louse","floor":4,"turns":2},{"damage":12,"enemies":"Blue Slaver","floor":5,"turns":3},{"damage":29,"enemies":"Gremlin Nob","floor":6,"turns":4},{"damage":0,"enemies":"Lagavulin","floor":11,"turns":3}],"seed_played":"4917830020627578059","potions_obtained":[{"floor":4,"key":"Swift Potion"},{"floor":6,"key":"FocusPotion"}],"is_trial":false,"path_per_floor":["M","M","?","M","M","E","R","$","T","?","E"],"character_chosen":"DEFECT","items_purchased":["Mummified Hand","Self Repair","Coolheaded"],"campfire_rested":0,"item_purchase_floors":[8,8,8],"current_hp_per_floor":[64,64,64,61,49,30,30,30,30,6,6],"gold":13,"neow_bonus":"RANDOM_COMMON_RELIC","is_prod":false,"is_daily":false,"chose_seed":false,"campfire_upgraded":1,"win_rate":0,"timestamp":1551930182,"path_taken":["M","M","?","?","M","E","R","?","T","?","E"],"build_version":"2019-01-23","purchased_purges":1,"victory":false,"max_hp_per_floor":[71,71,71,71,71,81,81,81,81,81,81],"card_choices":[{"not_picked":["Conserve Battery","Rebound"],"picked":"Cold Snap","floor":1},{"not_picked":["Leap","Sweeping Beam"],"picked":"Streamline","floor":2},{"not_picked":["Leap","Barrage","Go for the Eyes"],"picked":"SKIP","floor":4},{"not_picked":["Static Discharge","Sweeping Beam","Hologram"],"picked":"SKIP","floor":5},{"not_picked":["Fusion","Rebound"],"picked":"Electrodynamics","floor":6}],"player_experience":2043559,"relics_obtained":[{"floor":6,"key":"Pear"},{"floor":9,"key":"Turnip"}],"event_choices":[{"damage_healed":0,"gold_gain":275,"player_choice":"Desecrate","damage_taken":0,"max_hp_gain":0,"max_hp_loss":0,"event_name":"Golden Shrine","floor":3,"gold_loss":0,"cards_obtained":["Regret"]},{"damage_healed":0,"gold_gain":0,"player_choice":"Entered Light","damage_taken":24,"max_hp_gain":0,"max_hp_loss":0,"event_name":"Shining Light","floor":10,"gold_loss":0,"cards_upgraded":["Defend_B","Strike_B"]}],"is_beta":false,"boss_relics":[],"items_purged_floors":[8],"is_endless":false,"potions_floor_spawned":[4,6],"killed_by":"Lagavulin","ascension_level":20}