{"gold_per_floor":[117,134,2,2,20,20,32,60,60,86,86,100,100,112,112,186,186,206,306,316,326,326,326,341,341,341,341,374,374,394,444,444,515,515,529,529,529,529,543,543,571,571,626,652,472,498,513,524,524,524,524,524,524,207,241,241],"floor_reached":57,"playtime":2824,"items_purged":["Strike_B","Defend_B"],"score":2740,"play_id":"913eccdf-c220-4f35-9fb5-83029cb3dfa3","local_time":"20190310123925","is_ascension_mode":true,"campfire_choices":[{"data":"Sunder","floor":6.0,"key":"SMITH"},{"data":"Defragment","floor":11,"key":"SMITH"},{"data":"Defragment","floor":13,"key":"SMITH"},{"data":"Consume","floor":15,"key":"SMITH"},{"data":"Electrodynamics","floor":23,"key":"SMITH"},{"data":"Loop","floor":25,"key":"SMITH"},{"floor":27,"key":"REST"},{"data":"Double Energy","floor":32,"key":"SMITH"},{"data":"Chill","floor":40,"key":"SMITH"},{"data":"Heatsinks","floor":42,"key":"SMITH"},{"floor":49,"key":"RECALL"},{"floor":53,"key":"DIG"}],"neow_cost":"NONE","seed_source_timestamp":92583837735300,"circlet_count":0,"master_deck":["AscendersBane","Strike_B","Strike_B","Strike_B","Defend_B","Defend_B","Defend_B","Zap","Dualcast","Electrodynamics+1","Sunder+1","Defragment+1","Glacier","Ball Lightning+1","Consume+1","Defragment+1","Double Energy+1","Heatsinks+1","Hologram+1","Loop+1","Chill+1","Cold Snap+1","Coolheaded","Echo Form","Coolheaded","Defragment+1","Turbo+1"],"special_seed":0,"relics":["Cracked Core","CultistMask","Mango","Darkstone Periapt","Meat on the Bone","Inserter","Bird Faced Urn","Matryoshka","Omamori","Letter Opener","Blue Candle","Strawberry","Cursed Key","Whetstone","Shovel","Potion Belt","Pear","Happy Flower"],"potions_floor_usage":[8,10,19,19,44,44,50,55,56,56,56],"damage_taken":[{"damage":8.0,"enemies":"2 Louse","floor":1.0,"turns":3.0},{"damage":1.0,"enemies":"Cultist","floor":2.0,"turns":3.0},{"damage":7.0,"enemies":"Jaw Worm","floor":5.0,"turns":3.0},{"damage":7.0,"enemies":"2 Fungi Beasts","floor":7.0,"turns":2.0},{"damage":23,"enemies":"Gremlin Nob","floor":8,"turns":4},{"damage":10,"enemies":"3 Sentries","floor":10,"turns":3},{"damage":4,"enemies":"3 Louse","floor":12,"turns":3},{"damage":0,"enemies":"Large Slime","floor":14,"turns":2},{"damage":38,"enemies":"Slime Boss","floor":16,"turns":5},{"damage":16,"enemies":"Chosen","floor":18,"turns":5},{"damage":22,"enemies":"Colosseum Slavers","floor":19,"turns":3},{"damage":18,"enemies":"Colosseum Nobs","floor":19,"turns":3},{"damage":29,"enemies":"2 Thieves","floor":20,"turns":4},{"damage":19,"enemies":"Cultist and Chosen","floor":21,"turns":6},{"damage":34,"enemies":"Snake Plant","floor":24,"turns":5},{"damage":0,"enemies":"Gremlin Leader","floor":28,"turns":4},{"damage":10,"enemies":"Snecko","floor":30,"turns":4},{"damage":57,"enemies":"Collector","floor":33,"turns":8},{"damage":24,"enemies":"3 Darklings","floor":35,"turns":5},{"damage":3,"enemies":"3 Shapes","floor":39,"turns":6},{"damage":25,"enemies":"Nemesis","floor":41,"turns":11},{"damage":41,"enemies":"Reptomancer","floor":44,"turns":9},{"damage":30,"enemies":"Nemesis","floor":46,"turns":19},{"damage":24,"enemies":"Spire Growth","floor":47,"turns":6},{"damage":0,"enemies":"Sphere and 2 Shapes","floor":48,"turns":8},{"damage":57,"enemies":"Awakened One","floor":50,"turns":17},{"damage":15,"enemies":"Donu and Deca","floor":51,"turns":10},{"damage":36,"enemies":"Shield and Spear","floor":55,"turns":8},{"damage":79,"enemies":"The Heart","floor":56,"turns":14}],"seed_played":"1072614588811512845","potions_obtained":[{"floor":7.0,"key":"Strength Potion"},{"floor":8,"key":"Fire Potion"},{"floor":10,"key":"SteroidPotion"},{"floor":12,"key":"GamblersBrew"},{"floor":14,"key":"FocusPotion"},{"floor":19,"key":"LiquidBronze"},{"floor":20,"key":"PowerPotion"},{"floor":35,"key":"FearPotion"},{"floor":41,"key":"GamblersBrew"},{"floor":44,"key":"Strength Potion"},{"floor":48,"key":"SteroidPotion"}],"is_trial":false,"path_per_floor":["M","M","$","?","M","R","M","E","T","E","R","M","R","M","R","B",null,"M","?","M","M","?","R","M","R","T","R","E","?","M","?","R","B",null,"M","?","?","?","M","R","E","R","T","E","$","E","M","M","R","B","B",null,"R","$","E","B",null],"character_chosen":"DEFECT","items_purchased":["Defragment","Glacier","Swift Potion","Coolheaded","FocusPotion","Block Potion","Regen Potion"],"campfire_rested":1,"item_purchase_floors":[3,3,45,45,54,54,54],"current_hp_per_floor":[56,55,55,55,48,48,41,32,32,22,22,30,30,42,42,16,68,52,36,29,32,32,32,18,18,18,43,51,58,58,58,58,23,75,59,59,59,59,68,68,61,61,61,44,44,40,48,66,66,39,48,77,87,87,81,32],"gold":241,"neow_bonus":"ONE_RANDOM_RARE_CARD","is_prod":false,"is_daily":false,"chose_seed":false,"campfire_upgraded":9,"win_rate":0,"timestamp":1552189165,"path_taken":["M","M","$","?","?","R","M","E","T","E","R","M","R","M","R","BOSS","M","?","M","M","?","R","M","R","T","R","E","?","M","?","R","BOSS","M","?","?","?","M","R","E","R","T","E","$","E","M","M","R","BOSS","BOSS","R","$","E","BOSS"],"build_version":"2019-01-23","purchased_purges":2,"victory":true,"max_hp_per_floor":[71,71,71,71,71,71,71,85,85,85,85,85,85,85,85,85,85,85,85,85,85,85,85,85,85,85,85,85,92,92,92,92,92,92,92,92,92,87,87,87,87,87,87,87,87,87,87,87,87,87,87,87,97,97,97,97],"card_choices":[{"not_picked":["Beam Cell","Doom and Gloom","Steam"],"picked":"SKIP","floor":1.0},{"not_picked":["Fusion","Reinforced Body"],"picked":"Sunder","floor":2.0},{"not_picked":["Beam Cell","Streamline"],"picked":"Ball Lightning","floor":5.0},{"not_picked":["Rebound","Auto Shields"],"picked":"Consume","floor":7.0},{"not_picked":["Coolheaded","Steam"],"picked":"Defragment","floor":8},{"not_picked":["Compile Driver","Sweeping Beam"],"picked":"Double Energy","floor":10},{"not_picked":["Static Discharge","Steam"],"picked":"Heatsinks","floor":12},{"not_picked":["Sweeping Beam","Ball Lightning","Machine Learning"],"picked":"SKIP","floor":14},{"not_picked":["Biased Cognition","Amplify"],"picked":"Core Surge","floor":16},{"not_picked":["Rip and Tear","Go for the Eyes"],"picked":"Hologram+1","floor":18},{"not_picked":["Self Repair","Melter"],"picked":"Loop","floor":19},{"not_picked":["Ball Lightning+1","Fusion+1"],"picked":"Chill","floor":20},{"not_picked":["Compile Driver","Stack","Redo"],"picked":"SKIP","floor":21},{"not_picked":["Auto Shields","Tempest"],"picked":"Cold Snap","floor":24},{"not_picked":["Heatsinks","Streamline"],"picked":"Coolheaded","floor":28},{"not_picked":["Multi-Cast","Stack","Melter"],"picked":"SKIP","floor":30},{"not_picked":["Meteor Strike","Buffer"],"picked":"Echo Form","floor":33},{"not_picked":["Storm+1","Rebound","Leap"],"picked":"SKIP","floor":35},{"not_picked":["Hologram","Chaos","Streamline+1"],"picked":"SKIP","floor":39},{"not_picked":["Redo+1","Beam Cell","Self Repair"],"picked":"SKIP","floor":41},{"not_picked":["Sweeping Beam","Redo","Streamline+1"],"picked":"SKIP","floor":44},{"not_picked":["Doom and Gloom","Darkness"],"picked":"Defragment+1","floor":46},{"not_picked":["Sunder","Beam Cell","Rebound"],"picked":"SKIP","floor":47},{"not_picked":["Stack","Undo","Ball Lightning+1"],"picked":"SKIP","floor":48},{"not_picked":["Doom and Gloom","Storm"],"picked":"Turbo+1","floor":55}],"player_experience":2136665,"relics_obtained":[{"floor":8,"key":"Mango"},{"floor":9,"key":"Darkstone Periapt"},{"floor":10,"key":"Meat on the Bone"},{"floor":19,"key":"Bird Faced Urn"},{"floor":19,"key":"Matryoshka"},{"floor":26,"key":"Omamori"},{"floor":26,"key":"Letter Opener"},{"floor":28,"key":"Blue Candle"},{"floor":43,"key":"Whetstone"},{"floor":44,"key":"Shovel"},{"floor":46,"key":"Potion Belt"},{"floor":53,"key":"Pear"},{"floor":55,"key":"Happy Flower"}],"event_choices":[{"damage_healed":0.0,"max_hp_gain":0.0,"max_hp_loss":0.0,"gold_gain":0.0,"event_name":"FaceTrader","player_choice":"Trade","floor":4.0,"gold_loss":0.0,"damage_taken":0.0,"relics_obtained":["CultistMask"]},{"damage_healed":0,"gold_gain":0,"player_choice":"Fight","damage_taken":0,"max_hp_gain":0,"max_hp_loss":0,"event_name":"Colosseum","floor":19,"gold_loss":0},{"damage_healed":0,"gold_gain":0,"player_choice":"Fought Nobs","damage_taken":0,"max_hp_gain":0,"max_hp_loss":0,"event_name":"Colosseum","floor":19,"gold_loss":0},{"damage_healed":0,"gold_gain":0,"player_choice":"Ignored","damage_taken":0,"max_hp_gain":0,"max_hp_loss":0,"event_name":"Vampires","floor":22,"gold_loss":0},{"damage_healed":0,"gold_gain":0,"player_choice":"Opened","damage_taken":0,"relics_obtained":["Strawberry"],"max_hp_gain":0,"max_hp_loss":0,"event_name":"The Mausoleum","floor":29,"gold_loss":0,"cards_obtained":["Writhe"]},{"damage_healed":0,"gold_gain":50,"player_choice":"Stole From Cult","damage_taken":0,"max_hp_gain":0,"max_hp_loss":0,"event_name":"Nest","floor":31,"gold_loss":0},{"damage_healed":0,"gold_gain":0,"player_choice":"Ignored","damage_taken":0,"max_hp_gain":0,"max_hp_loss":0,"event_name":"Tomb of Lord Red Mask","floor":36,"gold_loss":0},{"cards_removed":["Core Surge"],"damage_healed":0,"gold_gain":0,"player_choice":"Removed Attack","damage_taken":0,"max_hp_gain":0,"max_hp_loss":0,"event_name":"Falling","floor":37,"gold_loss":0},{"damage_healed":0,"gold_gain":0,"player_choice":"Max HP","damage_taken":0,"max_hp_gain":0,"max_hp_loss":5,"event_name":"Winding Halls","floor":38,"gold_loss":0}],"is_beta":false,"boss_relics":[{"not_picked":["Ectoplasm","Busted Crown"],"picked":"Inserter"},{"not_picked":["Pandora\u0027s Box","Eternal Feather"],"picked":"Cursed Key"}],"items_purged_floors":[45,54],"is_endless":false,"potions_floor_spawned":[7,8,10,12,14,18,19,20,33,35,41,44,48],"ascension_level":20}