{"gold_per_floor":[114,131,141,157,157,157,157,69,94,108,91,91,116,86,86,157,157,168,168,181,194,50,50,62,62,62,80,80,80,80],"floor_reached":30,"playtime":1729,"items_purged":[],"score":418,"play_id":"d90f6931-e8ed-4db6-a3f7-f98c6018086d","local_time":"20181202181807","is_ascension_mode":true,"campfire_choices":[{"floor":6,"key":"REST"},{"floor":15,"key":"REST"},{"floor":23,"key":"REST"},{"floor":25,"key":"REST"},{"floor":28,"key":"REST"}],"neow_cost":"NONE","seed_source_timestamp":710698232320644,"circlet_count":0,"master_deck":["AscendersBane","Strike_B","Strike_B","Strike_B","Strike_B","Defend_B","Defend_B","Defend_B","Defend_B","Zap","Dualcast","Glacier","Melter","Loop","Coolheaded","Chill","Electrodynamics","Creative AI","Lockon+1","Steam","Darkness","Loop","BootSequence","Steam"],"relics":["Cracked Core","Pen Nib","Boot","White Beast Statue","Happy Flower"],"potions_floor_usage":[4,4,11,16,18,21,21,24,27,29,30],"damage_taken":[{"damage":4,"enemies":"Jaw Worm","floor":1,"turns":3},{"damage":9,"enemies":"2 Louse","floor":2,"turns":3},{"damage":6,"enemies":"Cultist","floor":3,"turns":4},{"damage":14,"enemies":"3 Louse","floor":4,"turns":5},{"damage":4,"enemies":"2 Fungi Beasts","floor":10,"turns":3},{"damage":15,"enemies":"Exordium Thugs","floor":11,"turns":4},{"damage":32,"enemies":"Lagavulin","floor":13,"turns":11},{"damage":1,"enemies":"The Guardian","floor":16,"turns":15},{"damage":9,"enemies":"Chosen","floor":18,"turns":8},{"damage":0,"enemies":"Spheric Guardian","floor":20,"turns":2},{"damage":41,"enemies":"Centurion and Healer","floor":21,"turns":6},{"damage":19,"enemies":"Cultist and Chosen","floor":24,"turns":5},{"damage":32,"enemies":"Snake Plant","floor":27,"turns":3},{"damage":10,"enemies":"Colosseum Slavers","floor":29,"turns":6},{"damage":44,"enemies":"Chosen and Byrds","floor":30,"turns":5}],"seed_played":"674272298414076666","potions_obtained":[{"floor":2,"key":"SpeedPotion"},{"floor":3,"key":"Weak Potion"},{"floor":10,"key":"SkillPotion"},{"floor":13,"key":"Block Potion"},{"floor":14,"key":"FocusPotion"},{"floor":18,"key":"Poison Potion"},{"floor":20,"key":"Swift Potion"},{"floor":21,"key":"Ancient Potion"},{"floor":24,"key":"EssenceOfSteel"},{"floor":27,"key":"Strength Potion"}],"is_trial":false,"path_per_floor":["M","M","M","M","?","R","?","$","T","M","M","?","E","?","R","B",null,"M","?","M","M","$","R","M","R","T","M","R","?","M"],"character_chosen":"DEFECT","items_purchased":["Loop","PowerPotion","Loop"],"campfire_rested":5,"item_purchase_floors":[8,22,22],"current_hp_per_floor":[67,58,52,38,38,61,61,61,61,57,42,42,10,10,33,32,67,58,74,74,33,33,56,37,60,60,28,51,41,0],"gold":80,"neow_bonus":"TEN_PERCENT_HP_BONUS","is_prod":false,"is_daily":false,"chose_seed":false,"campfire_upgraded":0,"win_rate":0,"timestamp":1543767487,"path_taken":["M","M","M","M","?","R","?","$","T","?","M","?","E","?","R","BOSS","M","?","M","M","$","R","M","R","T","M","R","?","M"],"build_version":"2018-11-15","purchased_purges":0,"victory":false,"max_hp_per_floor":[78,78,78,78,78,78,78,78,78,78,78,78,78,78,78,78,78,78,78,78,78,78,78,78,78,78,78,78,78,78],"card_choices":[{"not_picked":["Sweeping Beam","Leap"],"picked":"Glacier","floor":1},{"not_picked":["Streamline","Hologram","Reinforced Body"],"picked":"SKIP","floor":2},{"not_picked":["Beam Cell","Leap","Reinforced Body"],"picked":"SKIP","floor":3},{"not_picked":["Undo","Compile Driver"],"picked":"Melter","floor":4},{"not_picked":["Compile Driver","Rebound"],"picked":"Coolheaded","floor":10},{"not_picked":["Go for the Eyes","Lockon"],"picked":"Chill","floor":11},{"not_picked":["Redo","Defragment"],"picked":"Electrodynamics","floor":13},{"not_picked":["Thunder Strike","Multi-Cast"],"picked":"Creative AI","floor":16},{"not_picked":["Auto Shields","Genetic Algorithm"],"picked":"Lockon+1","floor":18},{"not_picked":["Leap","Steam Power"],"picked":"Steam","floor":20},{"not_picked":["Beam Cell+1","Leap"],"picked":"Darkness","floor":21},{"not_picked":["Doom and Gloom","Chaos"],"picked":"BootSequence","floor":24},{"not_picked":["Turbo","Beam Cell"],"picked":"Steam","floor":27}],"player_experience":815626,"relics_obtained":[{"floor":9,"key":"Pen Nib"},{"floor":13,"key":"Boot"},{"floor":26,"key":"Happy Flower"}],"event_choices":[{"damage_healed":0,"gold_gain":0,"player_choice":"Ignored","damage_taken":0,"max_hp_gain":0,"max_hp_loss":0,"event_name":"Shining Light","floor":5,"gold_loss":0},{"damage_healed":0,"gold_gain":0,"player_choice":"Ignored","damage_taken":0,"max_hp_gain":0,"max_hp_loss":0,"event_name":"Purifier","floor":7,"gold_loss":0},{"damage_healed":0,"gold_gain":0,"player_choice":"Ignored","damage_taken":0,"max_hp_gain":0,"max_hp_loss":0,"event_name":"Golden Idol","floor":12,"gold_loss":0},{"damage_healed":0,"gold_gain":0,"player_choice":"Bought 2 Potions","damage_taken":0,"max_hp_gain":0,"max_hp_loss":0,"event_name":"The Woman in Blue","floor":14,"gold_loss":0},{"damage_healed":16,"gold_gain":0,"player_choice":"Heal","damage_taken":0,"max_hp_gain":0,"max_hp_loss":0,"event_name":"The Library","floor":19,"gold_loss":0},{"damage_healed":0,"gold_gain":0,"player_choice":"Fight","damage_taken":0,"max_hp_gain":0,"max_hp_loss":0,"event_name":"Colosseum","floor":29,"gold_loss":0},{"damage_healed":0,"gold_gain":0,"player_choice":"Fled From Nobs","damage_taken":0,"max_hp_gain":0,"max_hp_loss":0,"event_name":"Colosseum","floor":29,"gold_loss":0}],"is_beta":false,"boss_relics":[{"not_picked":["FrozenCore","Philosopher\u0027s Stone"],"picked":"White Beast Statue"}],"items_purged_floors":[],"is_endless":false,"potions_floor_spawned":[2,3,10,13,18,20,21,24,27,29],"killed_by":"Chosen and Byrds","ascension_level":16}