{"gold_per_floor":[118,42,57,72,90,90,109,141,141,141,141,169,181,226,238,250],"floor_reached":16,"playtime":416,"items_purged":[],"score":224,"play_id":"7b4df555-f24a-4fa6-a56c-e390d1e30b06","local_time":"20190328114428","is_ascension_mode":true,"campfire_choices":[{"data":"Bash","floor":6,"key":"SMITH"},{"data":"True Grit","floor":10,"key":"SMITH"},{"floor":15,"key":"REST"}],"neow_cost":"NONE","seed_source_timestamp":34580961673899,"circlet_count":0,"master_deck":["AscendersBane","Strike_R","Strike_R","Strike_R","Strike_R","Strike_R","Defend_R","Defend_R","Defend_R","Defend_R","Bash+1","Spot Weakness","Disarm","True Grit+1","Barricade"],"relics":["Burning Blood","NeowsBlessing","Magic Flower","Toxic Egg 2","Letter Opener","MawBank","Girya"],"potions_floor_usage":[7,8,8],"damage_taken":[{"damage":0,"enemies":"2 Louse","floor":1,"turns":1},{"damage":0,"enemies":"Cultist","floor":3,"turns":1},{"damage":0,"enemies":"Jaw Worm","floor":4,"turns":1},{"damage":10,"enemies":"2 Fungi Beasts","floor":5,"turns":5},{"damage":15,"enemies":"Gremlin Gang","floor":7,"turns":5},{"damage":42,"enemies":"Lagavulin","floor":8,"turns":9},{"damage":26,"enemies":"Lots of Slimes","floor":12,"turns":5},{"damage":73,"enemies":"3 Sentries","floor":14,"turns":15},{"damage":20,"enemies":"The Guardian","floor":16,"turns":4}],"seed_played":"-827467071344296483","potions_obtained":[{"floor":3,"key":"Strength Potion"},{"floor":4,"key":"Regen Potion"},{"floor":7,"key":"PowerPotion"}],"is_trial":false,"path_per_floor":["M","?","M","M","M","R","M","E","T","R","?","M","?","E","R","B"],"character_chosen":"IRONCLAD","items_purchased":[],"campfire_rested":1,"item_purchase_floors":[],"current_hp_per_floor":[74,74,75,75,74,74,68,57,57,57,31,14,75,11,33,13],"gold":250,"neow_bonus":"THREE_ENEMY_KILL","is_prod":false,"is_daily":false,"chose_seed":false,"campfire_upgraded":2,"win_rate":0,"timestamp":1553741068,"path_taken":["M","?","?","M","M","R","M","E","T","R","?","M","?","E","R","BOSS"],"build_version":"2019-01-23","purchased_purges":0,"victory":false,"max_hp_per_floor":[75,75,75,75,75,75,75,75,75,75,75,75,75,75,75,75],"card_choices":[{"not_picked":["Anger","Sentinel","Twin Strike"],"picked":"SKIP","floor":1},{"not_picked":["Headbutt","Iron Wave","Pommel Strike"],"picked":"SKIP","floor":3},{"not_picked":["Anger","Burning Pact"],"picked":"Spot Weakness","floor":4},{"not_picked":["Thunderclap","Havoc"],"picked":"Disarm","floor":5},{"not_picked":["Clothesline","Headbutt"],"picked":"True Grit","floor":7},{"not_picked":["Evolve","Sword Boomerang"],"picked":"Barricade","floor":8},{"not_picked":["Hemokinesis","Pommel Strike"],"picked":"Second Wind+1","floor":12},{"not_picked":["Dropkick","Spot Weakness+1","Perfected Strike"],"picked":"SKIP","floor":14}],"player_experience":2661628,"relics_obtained":[{"floor":8,"key":"Toxic Egg 2"},{"floor":9,"key":"Letter Opener"},{"floor":14,"key":"Girya"}],"event_choices":[{"damage_healed":0,"gold_gain":0,"player_choice":"Paid Gold","damage_taken":0,"relics_obtained":["Magic Flower"],"max_hp_gain":0,"max_hp_loss":0,"event_name":"WeMeetAgain","floor":2,"gold_loss":76},{"damage_healed":0,"gold_gain":0,"player_choice":"Success","damage_taken":26,"relics_obtained":["MawBank"],"max_hp_gain":0,"max_hp_loss":0,"event_name":"Scrap Ooze","floor":11,"gold_loss":0},{"cards_removed":["Second Wind"],"damage_healed":61,"gold_gain":0,"player_choice":"Offered Uncommon","damage_taken":0,"max_hp_gain":0,"max_hp_loss":0,"event_name":"Bonfire Elementals","floor":13,"gold_loss":0}],"is_beta":false,"boss_relics":[],"items_purged_floors":[],"is_endless":false,"potions_floor_spawned":[3,4,7],"killed_by":"The Guardian","ascension_level":20}