{"gold_per_floor":[369,369,294,309,30,30,49,78,78,78,407,424,424,443,443,443],"floor_reached":16,"playtime":417,"items_purged":[],"score":220,"play_id":"82f9db89-e69a-4530-87a2-8ef0202eb90b","local_time":"20190328150804","is_ascension_mode":true,"campfire_choices":[{"data":"Whirlwind","floor":6,"key":"SMITH"},{"data":"Armaments","floor":10,"key":"SMITH"},{"data":"Shockwave","floor":13,"key":"SMITH"},{"data":"Bash","floor":15,"key":"SMITH"}],"neow_cost":"TEN_PERCENT_HP_LOSS","seed_source_timestamp":46795731018100,"circlet_count":0,"master_deck":["AscendersBane","Strike_R","Strike_R","Strike_R","Strike_R","Strike_R","Defend_R","Defend_R","Defend_R","Defend_R","Bash+1","Whirlwind+1","Seeing Red","Armaments+1","Shockwave+1","Impervious"],"relics":["Burning Blood","Darkstone Periapt","Membership Card","Thread and Needle","Letter Opener","Old Coin"],"potions_floor_usage":[8,11,11,14,16,16],"damage_taken":[{"damage":7,"enemies":"Small Slimes","floor":1,"turns":3},{"damage":0,"enemies":"2 Louse","floor":4,"turns":2},{"damage":1,"enemies":"Cultist","floor":7,"turns":3},{"damage":32,"enemies":"Gremlin Nob","floor":8,"turns":4},{"damage":20,"enemies":"Lagavulin","floor":11,"turns":8},{"damage":0,"enemies":"3 Louse","floor":12,"turns":3},{"damage":0,"enemies":"Gremlin Gang","floor":14,"turns":3},{"damage":46,"enemies":"Hexaghost","floor":16,"turns":11}],"seed_played":"-8764111183107147815","potions_obtained":[{"floor":7,"key":"Block Potion"},{"floor":8,"key":"SkillPotion"},{"floor":11,"key":"GamblersBrew"},{"floor":12,"key":"LiquidBronze"},{"floor":14,"key":"Block Potion"}],"is_trial":false,"path_per_floor":["M","?","?","M","$","R","M","E","T","R","E","M","R","M","R","B"],"character_chosen":"IRONCLAD","items_purchased":["Membership Card","Seeing Red","Fire Potion"],"campfire_rested":0,"item_purchase_floors":[5,5,5],"current_hp_per_floor":[67,73,73,74,74,74,74,48,48,48,34,40,40,46,46,0],"gold":443,"neow_bonus":"TWO_FIFTY_GOLD","is_prod":false,"is_daily":false,"chose_seed":false,"campfire_upgraded":4,"win_rate":0,"timestamp":1553753284,"path_taken":["M","?","?","M","$","R","M","E","T","R","E","M","R","M","R","BOSS"],"build_version":"2019-01-23","purchased_purges":0,"victory":false,"max_hp_per_floor":[68,74,74,74,74,74,74,74,74,74,74,74,74,74,74,74],"card_choices":[{"not_picked":["Sword Boomerang","Clothesline"],"picked":"Whirlwind","floor":1},{"not_picked":["Clothesline","Flex","Sentinel"],"picked":"SKIP","floor":4},{"not_picked":["Clothesline","Flex","Sentinel"],"picked":"SKIP","floor":4},{"not_picked":["Rage","Heavy Blade"],"picked":"Armaments","floor":7},{"not_picked":["Havoc","Anger","Dual Wield"],"picked":"SKIP","floor":8},{"not_picked":["Ghostly Armor","Metallicize"],"picked":"Shockwave","floor":11},{"not_picked":["Sword Boomerang","Pummel"],"picked":"Impervious","floor":12},{"not_picked":["Pommel Strike","Searing Blow","Flex"],"picked":"SKIP","floor":14}],"player_experience":2672760,"relics_obtained":[{"floor":8,"key":"Thread and Needle"},{"floor":9,"key":"Letter Opener"},{"floor":11,"key":"Old Coin"}],"event_choices":[{"damage_healed":0,"gold_gain":0,"player_choice":"Box","damage_taken":0,"relics_obtained":["Darkstone Periapt"],"max_hp_gain":0,"max_hp_loss":0,"event_name":"Big Fish","floor":2,"gold_loss":0,"cards_obtained":["Regret"]},{"cards_removed":["Regret"],"damage_healed":0,"gold_gain":0,"player_choice":"Card Removal","damage_taken":0,"max_hp_gain":0,"max_hp_loss":0,"event_name":"The Cleric","floor":3,"gold_loss":75}],"is_beta":false,"boss_relics":[],"items_purged_floors":[],"is_endless":false,"potions_floor_spawned":[7,8,11,12,14],"killed_by":"Hexaghost","ascension_level":20}