{"gold_per_floor":[113,188,188,202,218,218,243,256,256,285,303,303],"floor_reached":12,"playtime":259,"items_purged":[],"score":180,"play_id":"cfebc99e-6066-44cc-960d-7a565de72698","local_time":"20190408205416","is_ascension_mode":true,"campfire_choices":[{"data":"Zap","floor":6,"key":"SMITH"}],"neow_cost":"NONE","seed_source_timestamp":154728750762500,"circlet_count":0,"master_deck":["AscendersBane","Strike_B","Strike_B","Strike_B","Defend_B","Defend_B","Defend_B","Defend_B","Zap+1","Dualcast","White Noise","Cold Snap","FTL","Coolheaded","Defragment"],"relics":["Cracked Core","NeowsBlessing","Gremlin Horn","Unceasing Top","Pocketwatch"],"potions_floor_usage":[7],"damage_taken":[{"damage":0,"enemies":"Small Slimes","floor":1,"turns":1},{"damage":0,"enemies":"2 Louse","floor":4,"turns":2},{"damage":0,"enemies":"Cultist","floor":5,"turns":1},{"damage":18,"enemies":"Lagavulin","floor":7,"turns":5},{"damage":0,"enemies":"2 Fungi Beasts","floor":8,"turns":4},{"damage":17,"enemies":"3 Sentries","floor":10,"turns":7},{"damage":6,"enemies":"3 Louse","floor":11,"turns":4},{"damage":0,"enemies":"Gremlin Gang","floor":12,"turns":1}],"seed_played":"-8597104547011470317","potions_obtained":[{"floor":1,"key":"Poison Potion"},{"floor":5,"key":"Dexterity Potion"},{"floor":8,"key":"Ancient Potion"},{"floor":10,"key":"AttackPotion"}],"is_trial":false,"path_per_floor":["M","?","?","M","M","R","E","M","T","E","M","M"],"character_chosen":"DEFECT","items_purchased":[],"campfire_rested":0,"item_purchase_floors":[],"current_hp_per_floor":[64,53,53,53,53,53,35,35,35,18,12,12],"gold":303,"neow_bonus":"THREE_ENEMY_KILL","is_prod":false,"is_daily":false,"chose_seed":false,"campfire_upgraded":1,"win_rate":0,"timestamp":1554724456,"path_taken":["M","?","?","M","?","R","E","M","T","E","M","M"],"build_version":"2019-01-23","purchased_purges":0,"victory":false,"max_hp_per_floor":[71,71,71,71,71,71,71,71,71,71,71,71],"card_choices":[{"not_picked":["Skim","Fusion"],"picked":"White Noise","floor":1},{"not_picked":["Redo","Hello World"],"picked":"Cold Snap","floor":4},{"not_picked":["Stack","Aggregate","Storm"],"picked":"SKIP","floor":5},{"not_picked":["Reinforced Body","Storm"],"picked":"FTL","floor":7},{"not_picked":["Redo","BootSequence"],"picked":"Coolheaded","floor":8},{"not_picked":["Stack","Steam"],"picked":"Defragment","floor":10},{"not_picked":["Beam Cell","Leap","Reinforced Body"],"picked":"SKIP","floor":11}],"player_experience":2990459,"relics_obtained":[{"floor":7,"key":"Gremlin Horn"},{"floor":9,"key":"Unceasing Top"},{"floor":10,"key":"Pocketwatch"}],"event_choices":[{"damage_healed":0,"gold_gain":75,"player_choice":"Gather Gold","damage_taken":11,"max_hp_gain":0,"max_hp_loss":0,"event_name":"World of Goop","floor":2,"gold_loss":0},{"cards_removed":["Strike_B"],"damage_healed":0,"gold_gain":0,"player_choice":"Offered Basic","damage_taken":0,"max_hp_gain":0,"max_hp_loss":0,"event_name":"Bonfire Elementals","floor":3,"gold_loss":0}],"is_beta":false,"boss_relics":[],"items_purged_floors":[],"is_endless":false,"potions_floor_spawned":[1,5,8,10],"killed_by":"Gremlin Gang","ascension_level":20}