{"gold_per_floor":[112,77,95,115,167,167,180,213,213,213,242,252,252,265,265,336,336,351,351,362,277,327,327,359,359,359,359,359,369,369,386,386,463,463,476,451,470,92,107,107,140,140,140,189,203,234,234,234,234,234,234,234,234,3,30,30],"floor_reached":57,"playtime":2715,"items_purged":[],"score":2851,"play_id":"3407a169-f2bd-451e-82c2-d302c3de51b3","local_time":"20190416152040","is_ascension_mode":true,"campfire_choices":[{"data":"Sunder","floor":6,"key":"SMITH"},{"data":"Defragment","floor":10,"key":"SMITH"},{"data":"Defragment","floor":13,"key":"SMITH"},{"data":"Zap","floor":15,"key":"SMITH"},{"floor":23,"key":"REST"},{"data":"Defragment","floor":25,"key":"SMITH"},{"data":"Defragment","floor":28,"key":"SMITH"},{"floor":32,"key":"REST"},{"data":"Consume","floor":40,"key":"SMITH"},{"data":"Capacitor","floor":42,"key":"SMITH"},{"floor":47,"key":"RECALL"},{"data":"Capacitor","floor":49,"key":"SMITH"},{"data":"Creative AI","floor":53,"key":"SMITH"}],"neow_cost":"NONE","seed_source_timestamp":38729952089500,"circlet_count":0,"master_deck":["AscendersBane","Zap+1","Dualcast","Defragment+1","Sunder+1","Defragment+1","Coolheaded","FTL","Turbo","Electrodynamics","Skim","Reprogram","Capacitor+1","Defragment+1","Capacitor+1","Defragment+1","Undo","Double Energy","Chill","Buffer","Seek","Chill","Creative AI+1","Consume+1","Coolheaded","Coolheaded","Deep Breath","Coolheaded","Self Repair","Glacier","Loop","Amplify","Blizzard"],"relics":["Cracked Core","NeowsBlessing","Bag of Marbles","Question Card","Pantograph","Strawberry","Pandora\u0027s Box","Ice Cream","Meat on the Bone","Sozu","Sundial","Peace Pipe","Mummified Hand","Girya","Shuriken","Lantern"],"potions_floor_usage":[11,16,24,24],"damage_taken":[{"damage":0,"enemies":"Small Slimes","floor":1,"turns":1},{"damage":0,"enemies":"Jaw Worm","floor":3,"turns":1},{"damage":0,"enemies":"Cultist","floor":4,"turns":1},{"damage":4,"enemies":"Exordium Thugs","floor":7,"turns":3},{"damage":32,"enemies":"Lagavulin","floor":8,"turns":6},{"damage":8,"enemies":"Gremlin Nob","floor":11,"turns":3},{"damage":10,"enemies":"2 Fungi Beasts","floor":12,"turns":4},{"damage":0,"enemies":"Large Slime","floor":14,"turns":3},{"damage":30,"enemies":"Hexaghost","floor":16,"turns":11},{"damage":23,"enemies":"2 Thieves","floor":18,"turns":4},{"damage":0,"enemies":"Spheric Guardian","floor":20,"turns":6},{"damage":31,"enemies":"Book of Stabbing","floor":24,"turns":4},{"damage":8,"enemies":"Shelled Parasite and Fungi","floor":29,"turns":6},{"damage":0,"enemies":"3 Cultists","floor":31,"turns":3},{"damage":11,"enemies":"Collector","floor":33,"turns":10},{"damage":0,"enemies":"Orb Walker","floor":35,"turns":3},{"damage":0,"enemies":"3 Shapes","floor":37,"turns":6},{"damage":12,"enemies":"3 Darklings","floor":39,"turns":6},{"damage":0,"enemies":"Nemesis","floor":41,"turns":8},{"damage":3,"enemies":"2 Orb Walkers","floor":44,"turns":6},{"damage":6,"enemies":"4 Shapes","floor":45,"turns":4},{"damage":0,"enemies":"Reptomancer","floor":46,"turns":7},{"damage":0,"enemies":"Donu and Deca","floor":50,"turns":8},{"damage":11,"enemies":"Time Eater","floor":51,"turns":14},{"damage":48,"enemies":"Shield and Spear","floor":55,"turns":8},{"damage":62,"enemies":"The Heart","floor":56,"turns":13}],"seed_played":"-6218390605394927693","potions_obtained":[{"floor":1,"key":"EssenceOfSteel"},{"floor":4,"key":"Fire Potion"},{"floor":12,"key":"AttackPotion"},{"floor":20,"key":"PowerPotion"}],"is_trial":false,"path_per_floor":["M","?","M","M","T","R","M","E","T","R","E","M","R","M","R","B",null,"M","?","M","?","?","R","E","R","T","?","R","M","?","M","R","B",null,"M","$","M","$","M","R","E","R","T","?","M","E","R","?","R","B","B",null,"R","$","E","B",null],"character_chosen":"DEFECT","items_purchased":["Coolheaded","Sundial","Deep Breath","Loop","Amplify"],"campfire_rested":2,"item_purchase_floors":[36,38,38,54,54],"current_hp_per_floor":[64,71,71,71,71,71,67,35,35,35,34,24,24,24,24,19,63,40,40,40,40,40,63,32,32,32,32,32,36,15,27,50,64,75,75,75,75,75,63,63,63,63,63,60,61,68,68,68,68,78,74,77,77,77,48,30],"gold":30,"neow_bonus":"THREE_ENEMY_KILL","is_prod":false,"is_daily":false,"chose_seed":false,"campfire_upgraded":10,"win_rate":0,"timestamp":1555395640,"path_taken":["M","?","M","M","?","R","M","E","T","R","E","?","R","M","R","BOSS","M","?","M","?","?","R","E","R","T","?","R","?","?","M","R","BOSS","M","$","M","$","M","R","E","R","T","?","M","E","R","?","R","BOSS","BOSS","R","$","E","BOSS"],"build_version":"2019-01-23","purchased_purges":0,"victory":true,"max_hp_per_floor":[71,71,71,71,71,71,71,71,71,71,78,78,78,78,78,78,78,78,78,78,78,78,78,78,78,78,78,78,78,78,78,78,78,78,78,78,78,78,78,78,78,78,78,78,78,78,78,78,78,78,78,78,78,78,78,78],"card_choices":[{"not_picked":["Steam Power","Melter"],"picked":"Defragment","floor":1},{"not_picked":["Conserve Battery","Hologram"],"picked":"Sunder","floor":3},{"not_picked":["Heatsinks","Streamline"],"picked":"Cold Snap","floor":4},{"not_picked":["Turbo","Redo"],"picked":"Defragment","floor":7},{"not_picked":["Barrage","Redo","All For One"],"picked":"SKIP","floor":8},{"not_picked":["Ball Lightning","Cold Snap","Beam Cell"],"picked":"Coolheaded","floor":11},{"not_picked":["Stack","Rebound","Compile Driver"],"picked":"FTL","floor":12},{"not_picked":["Sunder","Scrape","Turbo","Barrage"],"picked":"SKIP","floor":14},{"not_picked":["Sunder","Scrape","Turbo","Barrage"],"picked":"SKIP","floor":14},{"not_picked":["Sunder","Scrape","Turbo","Barrage"],"picked":"SKIP","floor":14},{"not_picked":["Sunder","Scrape","Barrage"],"picked":"Turbo","floor":14},{"not_picked":["Fission","Echo Form","Biased Cognition"],"picked":"Electrodynamics","floor":16},{"not_picked":["Auto Shields","Steam","Streamline"],"picked":"Undo","floor":18},{"not_picked":["Barrage","Loop","Reprogram"],"picked":"Double Energy","floor":20},{"not_picked":["Loop","Barrage+1","Redo"],"picked":"Chill","floor":24},{"not_picked":["Redo","Go for the Eyes","Reprogram","Fusion"],"picked":"SKIP","floor":29},{"not_picked":["Redo","Go for the Eyes","Reprogram","Fusion"],"picked":"SKIP","floor":29},{"not_picked":["Redo","Go for the Eyes","Reprogram","Fusion"],"picked":"SKIP","floor":29},{"not_picked":["Beam Cell","Rebound","Aggregate"],"picked":"Chill","floor":31},{"not_picked":["Core Surge","Buffer","Reboot"],"picked":"Creative AI","floor":33},{"not_picked":["Cold Snap","Steam","Darkness"],"picked":"Consume","floor":35},{"not_picked":["Go for the Eyes","Gash+1","Hologram"],"picked":"Coolheaded","floor":37},{"not_picked":["Blizzard","Turbo+1","Steam+1"],"picked":"Coolheaded","floor":39},{"not_picked":["Meteor Strike","Conserve Battery+1","Steam","Cold Snap"],"picked":"SKIP","floor":41},{"not_picked":["Redo","Tempest","Gash+1"],"picked":"Self Repair","floor":44},{"not_picked":["Gash","Sweeping Beam","Stack","Leap"],"picked":"SKIP","floor":45},{"not_picked":["Redo","Ball Lightning","Genetic Algorithm"],"picked":"Glacier","floor":46},{"not_picked":["Hologram+1","Coolheaded","Melter+1"],"picked":"Blizzard","floor":55}],"player_experience":3180547,"relics_obtained":[{"floor":5,"key":"Bag of Marbles"},{"floor":8,"key":"Question Card"},{"floor":9,"key":"Pantograph"},{"floor":11,"key":"Strawberry"},{"floor":24,"key":"Meat on the Bone"},{"floor":41,"key":"Peace Pipe"},{"floor":43,"key":"Mummified Hand"},{"floor":44,"key":"Girya"},{"floor":46,"key":"Shuriken"},{"floor":55,"key":"Lantern"}],"event_choices":[{"damage_healed":17,"gold_gain":0,"player_choice":"Healed","damage_taken":0,"max_hp_gain":0,"max_hp_loss":0,"event_name":"The Cleric","floor":2,"gold_loss":35},{"damage_healed":0,"gold_gain":0,"player_choice":"Ignored","damage_taken":0,"max_hp_gain":0,"max_hp_loss":0,"event_name":"Vampires","floor":19,"gold_loss":0},{"damage_healed":0,"gold_gain":0,"player_choice":"Obtained Relic","damage_taken":0,"relics_obtained":["Ice Cream"],"max_hp_gain":0,"max_hp_loss":0,"event_name":"Addict","floor":21,"gold_loss":85},{"damage_healed":0,"gold_gain":50,"player_choice":"Stole From Cult","damage_taken":0,"max_hp_gain":0,"max_hp_loss":0,"event_name":"Nest","floor":22,"gold_loss":0},{"damage_healed":0,"gold_gain":0,"cards_transformed":["Redo","Stack"],"player_choice":"Became Test Subject","damage_taken":0,"max_hp_gain":0,"max_hp_loss":0,"event_name":"Drug Dealer","floor":27,"gold_loss":0,"cards_obtained":["Buffer","Seek"]},{"damage_healed":0,"gold_gain":0,"player_choice":"Obtained Book","damage_taken":21,"max_hp_gain":0,"max_hp_loss":0,"event_name":"Cursed Tome","floor":30,"gold_loss":0},{"damage_healed":0,"gold_gain":0,"player_choice":"Fight","damage_taken":0,"max_hp_gain":0,"max_hp_loss":0,"event_name":"Mysterious Sphere","floor":44,"gold_loss":0},{"cards_removed":["Cold Snap"],"damage_healed":0,"gold_gain":0,"player_choice":"Purged","damage_taken":0,"max_hp_gain":0,"max_hp_loss":0,"event_name":"Purifier","floor":48,"gold_loss":0}],"is_beta":false,"boss_relics":[{"not_picked":["Empty Cage","Orrery"],"picked":"Pandora\u0027s Box"},{"not_picked":["Calling Bell","Velvet Choker"],"picked":"Sozu"}],"items_purged_floors":[],"is_endless":false,"potions_floor_spawned":[1,4,12,14,20,37,41,45],"ascension_level":20}