{"path_per_floor":["M","?","M","M","?","R","M","E","T","R","?","R","$","M","R","B",null,"M","M","$","M","M","R","E","R","T","M","R","?","R","M","R","B",null,"M","$","M","$","M","R","?","R","T","R","M","E","M","?","R","B"],"character_chosen":"DEFECT","items_purchased":["Gash","Gash","Purity"],"gold_per_floor":[116,66,81,98,98,98,116,147,227,227,302,302,153,163,163,261,261,272,282,109,127,147,147,175,175,225,241,241,164,164,183,183,278,278,294,169,185,90,108,108,108,108,108,108,126,161,173,173,173,173],"floor_reached":51,"campfire_rested":3,"playtime":2912,"current_hp_per_floor":[68,68,67,66,59,59,59,49,49,49,38,38,38,32,32,2,68,40,40,40,22,8,28,28,28,28,28,28,28,28,20,55,47,68,65,65,59,59,51,51,51,51,51,51,45,39,37,37,68,42],"items_purged":["Reprieve","Strike_B","Strike_B"],"gold":173,"score":808,"play_id":"40182a36-e574-4cff-866d-17d43c0f2fbc","local_time":"20180503155645","is_prod":false,"is_daily":false,"chose_seed":false,"is_ascension_mode":true,"campfire_upgraded":6,"timestamp":1525334205,"path_taken":["M","?","M","M","?","R","M","E","T","R","?","R","?","M","R","BOSS","M","M","$","M","M","R","E","R","T","M","R","?","R","?","R","BOSS","M","$","M","$","M","R","?","R","T","R","?","E","M","?","R","BOSS"],"build_version":"2018-05-01v2","seed_source_timestamp":539017368202916,"purchased_purges":4,"victory":true,"master_deck":["Strike_B","Defend_B","Defend_B","Defend_B","Zap+1","Dualcast+1","Double Energy+1","FTL","Gash","Tempest+1","Axe Kick","Go for the Eyes+1","Gash","Reinforced Body+1","Beam Cell","J.A.X.+1","Seek","Injury","Regret","Regret","Gash+1","Purity","Gash","FTL+1","Go for the Eyes","Panache"],"max_hp_per_floor":[68,68,68,68,68,68,68,68,68,68,68,68,68,68,68,68,68,68,68,68,68,68,68,68,68,68,68,68,68,68,68,68,68,68,68,68,68,68,68,68,68,68,68,68,68,68,68,68,68,68],"relics":["Cracked Core","Shovel","Unceasing Top","DataDisk","Blue Candle","Du-Vu Doll","Oddly Smooth Stone","Sozu","Regal Pillow","Vajra","Calling Bell","Dream Catcher","Gremlin Horn","Torii","Shuriken","Sundial","Blood Vial"],"card_choices":[{"not_picked":["Skim","Tempest"],"picked":"Double Energy","floor":1},{"not_picked":["Stack","Axe Kick"],"picked":"FTL","floor":3},{"not_picked":["Leap","Rebound"],"picked":"Hologram","floor":4},{"not_picked":["Reprogram","Hyperbeam"],"picked":"Reprieve","floor":8},{"not_picked":["Auto Shields","Leap"],"picked":"Tempest","floor":14},{"not_picked":["Sweeping Beam","Darkness"],"picked":"Axe Kick","floor":18},{"not_picked":["Cold Snap","Flux Capacitor"],"picked":"Go for the Eyes","floor":19},{"not_picked":["Capacitor","Impulse"],"picked":"Reinforced Body","floor":21},{"not_picked":["Cold Snap","White Noise"],"picked":"Beam Cell","floor":27},{"not_picked":["Machine Learning","Prime"],"picked":"Seek","floor":33},{"not_picked":["Reprogram","Barrage"],"picked":"Gash","floor":35},{"not_picked":["Barrage","Capacitor"],"picked":"Gash","floor":45},{"not_picked":["Glacier","Prime"],"picked":"FTL","floor":46},{"not_picked":["Skim","Blizzard"],"picked":"Go for the Eyes","floor":47},{"not_picked":["Panacea","Dark Shackles"],"picked":"Panache","floor":48}],"player_experience":327302,"potions_floor_usage":[8,8,16,16],"damage_taken":[{"damage":0,"enemies":"Small Slimes","floor":1,"turns":3},{"damage":1,"enemies":"Jaw Worm","floor":3,"turns":3},{"damage":1,"enemies":"Cultist","floor":4,"turns":3},{"damage":0,"enemies":"Blue Slaver","floor":7,"turns":3},{"damage":22,"enemies":"3 Sentries","floor":8,"turns":6},{"damage":6,"enemies":"Exordium Thugs","floor":14,"turns":4},{"damage":30,"enemies":"Hexaghost","floor":16,"turns":9},{"damage":28,"enemies":"2 Thieves","floor":18,"turns":4},{"damage":0,"enemies":"Spheric Guardian","floor":19,"turns":2},{"damage":18,"enemies":"Chosen and Byrds","floor":21,"turns":5},{"damage":14,"enemies":"Snecko","floor":22,"turns":5},{"damage":0,"enemies":"Gremlin Leader","floor":24,"turns":5},{"damage":0,"enemies":"Centurion and Healer","floor":27,"turns":5},{"damage":8,"enemies":"Snake Plant","floor":31,"turns":2},{"damage":8,"enemies":"Champ","floor":33,"turns":6},{"damage":3,"enemies":"Flame Bruiser 1 Orb","floor":35,"turns":2},{"damage":6,"enemies":"Orb Walker","floor":37,"turns":2},{"damage":8,"enemies":"4 Shapes","floor":39,"turns":2},{"damage":6,"enemies":"Spire Growth","floor":45,"turns":2},{"damage":6,"enemies":"Giant Head","floor":46,"turns":4},{"damage":4,"enemies":"Sphere and 2 Shapes","floor":47,"turns":2},{"damage":26,"enemies":"Donu and Deca","floor":50,"turns":4}],"event_choices":[{"event_name":"The Cleric","player_choice":"Card Removal","floor":2,"damage_taken":0},{"event_name":"Golden Wing","player_choice":"Card Removal","floor":5,"damage_taken":0},{"event_name":"World of Goop","player_choice":"Gather Gold","floor":11,"damage_taken":0},{"event_name":"Drug Dealer","player_choice":"Got JAXXED","floor":29,"damage_taken":0},{"event_name":"SensoryStone","player_choice":"Memory 1","floor":48,"damage_taken":0}],"boss_relics":[{"not_picked":["Inserter","Ectoplasm"],"picked":"Sozu"},{"not_picked":["Cursed Key","Pandora\u0027s Box"],"picked":"Calling Bell"}],"potions_floor_spawned":[3,4,8,14,19,31,33,39,45,46,47],"seed_played":"-8415760956275780613","ascension_level":1,"is_trial":false}