{"gold_per_floor":[110,110,17,17,17,48,48,48,120,120,141,154,167,186,186,279,279,300,220,240,11,29,29,29,29],"floor_reached":25,"playtime":1209,"items_purged":["Injury"],"score":362,"play_id":"1f807c08-c140-43b5-b4bc-c9cbf68dbb01","local_time":"20181202183836","is_ascension_mode":true,"campfire_choices":[{"floor":7,"key":"REST"},{"data":"Rainbow","floor":10,"key":"SMITH"},{"floor":15,"key":"REST"},{"floor":23,"key":"REST"}],"neow_cost":"NONE","seed_source_timestamp":712449011800716,"circlet_count":0,"master_deck":["AscendersBane","Strike_B","Strike_B","Strike_B","Strike_B","Defend_B","Defend_B","Defend_B","Zap","Dualcast","Cold Snap","Defragment+1","Rainbow+1","Redo","Barrage","Defragment","Redo","Buffer","Heatsinks","Capacitor","Loop","Consume"],"relics":["Cracked Core","Ginger","Golden Idol","Sundial","Nuclear Battery"],"potions_floor_usage":[6,16,18,25],"damage_taken":[{"damage":5,"enemies":"Small Slimes","floor":1,"turns":4},{"damage":18,"enemies":"Gremlin Nob","floor":6,"turns":5},{"damage":9,"enemies":"Jaw Worm","floor":11,"turns":4},{"damage":13,"enemies":"2 Louse","floor":12,"turns":3},{"damage":2,"enemies":"Large Slime","floor":13,"turns":5},{"damage":0,"enemies":"Exordium Wildlife","floor":14,"turns":3},{"damage":28,"enemies":"Slime Boss","floor":16,"turns":7},{"damage":8,"enemies":"3 Byrds","floor":18,"turns":3},{"damage":24,"enemies":"Spheric Guardian","floor":20,"turns":4},{"damage":35,"enemies":"Centurion and Healer","floor":22,"turns":10},{"damage":31,"enemies":"Chosen and Byrds","floor":25,"turns":4}],"seed_played":"-3467262202114365383","potions_obtained":[{"floor":11,"key":"Energy Potion"},{"floor":13,"key":"LiquidBronze"},{"floor":22,"key":"Block Potion"}],"is_trial":false,"path_per_floor":["M","?","$","?","?","E","R","?","T","R","M","M","M","M","R","B",null,"M","$","M","$","M","R","?","M"],"character_chosen":"DEFECT","items_purchased":["Defragment","Block Potion","Capacitor","Loop","Ancient Potion"],"campfire_rested":3,"item_purchase_floors":[3,3,19,21,21],"current_hp_per_floor":[66,66,66,66,66,48,71,71,71,71,62,49,47,47,70,42,69,61,61,37,37,2,25,25,0],"gold":29,"neow_bonus":"TEN_PERCENT_HP_BONUS","is_prod":false,"is_daily":false,"chose_seed":false,"campfire_upgraded":1,"win_rate":0,"timestamp":1543768716,"path_taken":["M","?","$","?","?","E","R","?","T","R","M","M","?","M","R","BOSS","M","$","M","$","M","R","?","M"],"build_version":"2018-11-15","purchased_purges":1,"victory":false,"max_hp_per_floor":[78,78,78,78,78,78,78,78,78,78,78,78,78,78,78,78,78,78,78,78,78,78,78,78,78],"card_choices":[{"not_picked":["Compile Driver","Go for the Eyes"],"picked":"Cold Snap","floor":1},{"not_picked":["Conserve Battery","Cold Snap"],"picked":"Rainbow","floor":6},{"not_picked":["Turbo","Steam"],"picked":"Redo","floor":11},{"not_picked":["Hologram","Conserve Battery"],"picked":"Barrage","floor":12},{"not_picked":["Redo","Steam Power"],"picked":"Defragment","floor":13},{"not_picked":["Rip and Tear","Gash"],"picked":"Redo","floor":14},{"not_picked":["Rainbow","Reboot"],"picked":"Buffer","floor":16},{"not_picked":["Hologram","Rebound"],"picked":"Heatsinks","floor":18},{"not_picked":["Rip and Tear","Sweeping Beam","Beam Cell"],"picked":"SKIP","floor":20},{"not_picked":["Go for the Eyes","All For One","Undo+1"],"picked":"SKIP","floor":22}],"player_experience":817355,"relics_obtained":[{"floor":6,"key":"Ginger"},{"floor":9,"key":"Sundial"}],"event_choices":[{"damage_healed":0,"gold_gain":0,"player_choice":"Ignored","damage_taken":0,"max_hp_gain":0,"max_hp_loss":0,"event_name":"Shining Light","floor":2,"gold_loss":0},{"damage_healed":0,"gold_gain":0,"player_choice":"Grow","damage_taken":0,"max_hp_gain":0,"max_hp_loss":0,"event_name":"Living Wall","floor":4,"gold_loss":0,"cards_upgraded":["Defragment"]},{"damage_healed":0,"gold_gain":0,"player_choice":"Leave","damage_taken":0,"max_hp_gain":0,"max_hp_loss":0,"event_name":"The Cleric","floor":5,"gold_loss":0},{"damage_healed":0,"gold_gain":0,"player_choice":"Take Wound","damage_taken":0,"relics_obtained":["Golden Idol"],"max_hp_gain":0,"max_hp_loss":0,"event_name":"Golden Idol","floor":8,"gold_loss":0,"cards_obtained":["Injury"]},{"damage_healed":0,"gold_gain":0,"cards_transformed":["Defend_B"],"player_choice":"Transformed","damage_taken":0,"max_hp_gain":0,"max_hp_loss":0,"event_name":"Transmorgrifier","floor":24,"gold_loss":0,"cards_obtained":["Consume"]}],"is_beta":false,"boss_relics":[{"not_picked":["Pandora\u0027s Box","Empty Cage"],"picked":"Nuclear Battery"}],"items_purged_floors":[21],"is_endless":false,"potions_floor_spawned":[11,13,14,22],"killed_by":"Chosen and Byrds","ascension_level":16}