{"path_per_floor":["M","M","M","M","M","E","M","M","T","R","E","R","M","M","R","B",null,"M","M","?","?","$","R","E","R","T","M","R","M","M","$","R","B",null,"M","M","?","M","M"],"character_chosen":"THE_SILENT","items_purchased":["Infinite Blades","Panache","Prepared"],"gold_per_floor":[112,126,142,152,164,195,210,226,226,226,261,261,275,293,293,397,397,397,367,367,367,9,9,9,9,9,9,9,9,9,9,9,9,9,9,9,9,9,9],"floor_reached":40,"campfire_rested":1,"playtime":4184,"current_hp_per_floor":[68,63,63,63,63,41,51,43,43,43,35,35,35,35,35,38,70,70,70,61,61,61,61,57,57,57,50,50,31,22,22,44,35,75,40,33,33,30,12],"items_purged":["Strike_G"],"gold":9,"play_id":"1c712d86-caee-466d-8c5e-7b78afe3a1c8","is_prod":false,"is_daily":false,"is_ascension_mode":false,"campfire_upgraded":6,"path_taken":["M","M","M","M","M","E","M","M","T","R","E","R","M","M","R","BOSS","M","M","?","?","$","R","E","R","T","M","R","?","M","?","R","BOSS","M","M","?","M","M","E"],"build_version":"2018-02-01-PROD3","purchased_purges":1,"victory":false,"master_deck":["Defend_G","Defend_G","Defend_G","Defend_G","Defend_G","Strike_G","Strike_G","Strike_G","Strike_G","Survivor","Neutralize+1","Catalyst+1","Leg Sweep","Backflip","Poisoned Stab","Footwork+1","Adrenaline","Sucker Punch+1","Outmaneuver","Envenom+1","Accuracy+1","Quick Slash","Wraith Form+1","Dagger Spray+1","Crippling Poison+1","Infinite Blades+1","Panache+1","Prepared+1","Noxious Fumes+1","Infinite Blades+1","Acrobatics","Heel Hook+1","A Thousand Cuts+1","Prepared+1","Prepared+1"],"max_hp_per_floor":[70,70,70,70,70,70,70,70,70,70,70,70,70,70,70,70,70,70,70,75,75,75,75,75,75,75,75,75,75,75,75,75,75,75,75,75,75,75,75],"relics":["White Beast Statue","Letter Opener","Ninja Scroll","Frozen Egg 2","Ectoplasm","Girya","Orichalcum","The Specimen"],"card_choices":[{"not_picked":["Slice","Distraction"],"picked":"Catalyst"},{"not_picked":["Terror","All Out Attack"],"picked":"Leg Sweep"},{"not_picked":["Slice","Underhanded Strike"],"picked":"Backflip"},{"not_picked":["Underhanded Strike","Heel Hook"],"picked":"Poisoned Stab"},{"not_picked":["Reflex","Well Laid Plans"],"picked":"Footwork"},{"not_picked":["Footwork","Bane"],"picked":"Adrenaline"},{"not_picked":["Cloak And Dagger","Dagger Spray"],"picked":"Sucker Punch"},{"not_picked":["Sucker Punch","Flying Knee"],"picked":"Outmaneuver"},{"not_picked":["Quick Slash","Finisher"],"picked":"Envenom"},{"not_picked":["Quick Slash","Dagger Spray"],"picked":"Accuracy"},{"not_picked":["Skewer","Sucker Punch"],"picked":"Quick Slash"},{"not_picked":["Burst","Night Terror"],"picked":"Wraith Form"},{"not_picked":["Dodge and Roll","Dagger Throw"],"picked":"Dagger Spray"},{"not_picked":["Reflex","Quick Slash"],"picked":"Crippling Poison"},{"not_picked":["Eviscerate","Corpse Explosion"],"picked":"Noxious Fumes"},{"not_picked":["Poisoned Stab","Noxious Fumes"],"picked":"Infinite Blades"},{"not_picked":["Sucker Punch","Poisoned Stab"],"picked":"Acrobatics"},{"not_picked":["Deadly Poison","Escape Plan"],"picked":"Heel Hook"},{"not_picked":["Phantasmal Killer","Doppelganger"],"picked":"A Thousand Cuts"},{"not_picked":["Slice","Dodge and Roll"],"picked":"Prepared"}],"player_experience":106107,"potions_floor_usage":[4,5,5,6,6,7,11,11,14,16,19,24,24,27,27,33,33,33,36,38,40,40,40],"damage_taken":[{"damage":2,"enemies":"Small Slimes","floor":1,"turns":3},{"damage":5,"enemies":"2 Louse","floor":2,"turns":4},{"damage":0,"enemies":"Blue Slaver","floor":3,"turns":6},{"damage":0,"enemies":"2 Fungi Beasts","floor":4,"turns":3},{"damage":0,"enemies":"3 Louse","floor":5,"turns":4},{"damage":22,"enemies":"Gremlin Nob","floor":6,"turns":4},{"damage":5,"enemies":"Lots of Slimes","floor":7,"turns":8},{"damage":8,"enemies":"Exordium Thugs","floor":8,"turns":8},{"damage":8,"enemies":"3 Sentries","floor":11,"turns":10},{"damage":0,"enemies":"3 Louse","floor":13,"turns":4},{"damage":0,"enemies":"Gremlin Gang","floor":14,"turns":5},{"damage":12,"enemies":"Hexaghost","floor":16,"turns":10},{"damage":0,"enemies":"3 Byrds","floor":18,"turns":5},{"damage":0,"enemies":"2 Thieves","floor":19,"turns":4},{"damage":4,"enemies":"Book of Stabbing","floor":24,"turns":5},{"damage":7,"enemies":"Snecko","floor":27,"turns":4},{"damage":19,"enemies":"Slaver and Parasite","floor":29,"turns":4},{"damage":9,"enemies":"Snake Plant","floor":30,"turns":4},{"damage":9,"enemies":"Champ","floor":33,"turns":7},{"damage":35,"enemies":"3 Darklings","floor":35,"turns":4},{"damage":7,"enemies":"Orb Walker","floor":36,"turns":4},{"damage":3,"enemies":"3 Darklings","floor":38,"turns":3},{"damage":18,"enemies":"Sphere and 2 Shapes","floor":39,"turns":3},{"damage":16,"enemies":"Giant Head","floor":40,"turns":5}],"event_choices":[{"event_name":"Forgotten Altar","player_choice":"Shed Blood","floor":20,"damage_taken":0},{"event_name":"Drug Dealer","player_choice":"Ignored","floor":21,"damage_taken":0},{"event_name":"Duplicator","player_choice":"One dupe","floor":37,"damage_taken":0}],"boss_relics":[{"not_picked":["Sozu","Velvet Choker"],"picked":"Ectoplasm"},{"not_picked":["Question Card","Runic Pyramid"],"picked":"The Specimen"}],"potions_floor_spawned":[1,2,3,4,5,6,7,8,11,13,14,16,18,19,24,27,29,30,33,35,36,38,39],"seed_played":"-3934972677336333301","killed_by":"Giant Head","ascension_level":0,"is_trial":false}