{"gold_per_floor":[113,263,263,263,273,298,298,330,330,342,342,370,386,386],"floor_reached":14,"playtime":332,"items_purged":[],"score":266,"play_id":"98643362-65ee-4fc4-95a6-e1a487f2281c","local_time":"20190317175929","is_ascension_mode":true,"campfire_choices":[{"data":"Demon Form","floor":7.0,"key":"SMITH"},{"data":"Bash","floor":11.0,"key":"SMITH"}],"neow_cost":"NONE","seed_source_timestamp":25726503235400,"circlet_count":0,"master_deck":["AscendersBane","Strike_R","Strike_R+1","Strike_R+1","Strike_R","Strike_R","Defend_R","Defend_R","Defend_R","Defend_R","Bash+1","Doubt","Demon Form+1","Evolve","Reaper"],"special_seed":0,"relics":["Burning Blood","NeowsBlessing","Self Forming Clay","Bag of Marbles","Red Skull","Whetstone"],"potions_floor_usage":[14],"damage_taken":[{"damage":0.0,"enemies":"Small Slimes","floor":1.0,"turns":1.0},{"damage":0.0,"enemies":"Jaw Worm","floor":5.0,"turns":1.0},{"damage":0.0,"enemies":"3 Sentries","floor":6.0,"turns":2.0},{"damage":36.0,"enemies":"Lagavulin","floor":8.0,"turns":8.0},{"damage":7.0,"enemies":"2 Louse","floor":10.0,"turns":2.0},{"damage":31.0,"enemies":"3 Sentries","floor":12.0,"turns":8.0},{"damage":19.0,"enemies":"Exordium Thugs","floor":13.0,"turns":5.0},{"damage":29,"enemies":"Gremlin Nob","floor":14,"turns":4}],"seed_played":"5564478055616601072","potions_obtained":[{"floor":5.0,"key":"PowerPotion"},{"floor":8.0,"key":"SpeedPotion"},{"floor":12.0,"key":"Block Potion"}],"is_trial":false,"path_per_floor":["M","?","?","?","M","E","R","E","T","M","R","E","M","E"],"character_chosen":"IRONCLAD","items_purchased":[],"campfire_rested":0,"item_purchase_floors":[],"current_hp_per_floor":[74,74,79,79,80,80,80,50,50,49,49,24,34,15],"gold":386,"neow_bonus":"THREE_ENEMY_KILL","is_prod":false,"is_daily":false,"chose_seed":false,"campfire_upgraded":2,"win_rate":0,"timestamp":1552813169,"path_taken":["M","?","?","?","?","E","R","E","T","M","R","E","M","E"],"build_version":"2019-01-23","purchased_purges":0,"victory":false,"max_hp_per_floor":[75,75,80,80,80,80,80,80,80,80,80,80,80,80],"card_choices":[{"not_picked":["Flex","Infernal Blade","Bloodletting"],"picked":"SKIP","floor":1.0},{"not_picked":["Wild Strike","Warcry","Cleave"],"picked":"SKIP","floor":5.0},{"not_picked":["Corruption","Thunderclap","Clothesline"],"picked":"SKIP","floor":6.0},{"not_picked":["Headbutt","Rage","Cleave"],"picked":"SKIP","floor":8.0},{"not_picked":["Shrug It Off","Cleave"],"picked":"Evolve","floor":10.0},{"not_picked":["True Grit","Immolate"],"picked":"Reaper","floor":12.0},{"not_picked":["Anger","Thunderclap","Rage"],"picked":"SKIP","floor":13.0}],"player_experience":2322582,"relics_obtained":[{"floor":6.0,"key":"Self Forming Clay"},{"floor":8.0,"key":"Bag of Marbles"},{"floor":9.0,"key":"Red Skull"},{"floor":12.0,"key":"Whetstone"}],"event_choices":[{"damage_healed":0.0,"max_hp_gain":0.0,"max_hp_loss":0.0,"gold_gain":150.0,"event_name":"Liars Game","player_choice":"AGREE","floor":2.0,"gold_loss":0.0,"damage_taken":0.0,"cards_obtained":["Doubt"]},{"damage_healed":0.0,"max_hp_gain":5.0,"max_hp_loss":0.0,"gold_gain":0.0,"event_name":"Big Fish","player_choice":"Donut","floor":3.0,"gold_loss":0.0,"damage_taken":0.0},{"damage_healed":0.0,"max_hp_gain":0.0,"max_hp_loss":0.0,"gold_gain":0.0,"event_name":"Match and Keep!","player_choice":"1 cards matched","floor":4.0,"gold_loss":0.0,"damage_taken":0.0,"cards_obtained":["Demon Form"]}],"is_beta":false,"boss_relics":[],"items_purged_floors":[],"is_endless":false,"potions_floor_spawned":[5,8,10,12],"killed_by":"Gremlin Nob","ascension_level":20}