{"path_per_floor":["M","M","?","M","$","E","M","M","T","?","?","M","R","M","R","B",null,"M","?","?","M","?","R","M","?","T","R","M","R","M","M","R","B",null,"M","M","$","M","?","R","M","R","T","?","M"],"character_chosen":"DEFECT","items_purchased":["Swift Strike","Finesse"],"gold_per_floor":[114,130,130,150,53,87,106,121,147,147,112,130,130,140,140,236,236,255,255,354,365,365,365,378,378,378,378,395,395,414,428,428,532,532,548,565,384,402,402,402,413,413,413,413,423,423],"floor_reached":46,"campfire_rested":7,"playtime":3012,"item_purchase_floors":[5,37],"current_hp_per_floor":[75,73,66,65,65,59,52,52,52,37,55,55,55,55,75,21,62,44,44,44,37,21,43,32,32,32,54,24,46,32,12,34,2,57,53,25,25,17,17,39,36,58,58,75,7,0],"items_purged":["Defend_B"],"gold":423,"score":533,"play_id":"39a70cd8-cff0-472f-8c15-4a6fbea3cf0d","local_time":"20180615222729","is_prod":false,"is_daily":false,"chose_seed":false,"is_ascension_mode":true,"campfire_upgraded":1,"win_rate":0,"timestamp":1529090849,"campfire_choices":[{"data":"Zap","floor":13,"key":"SMITH"},{"floor":15,"key":"REST"},{"floor":23,"key":"REST"},{"floor":27,"key":"REST"},{"floor":29,"key":"REST"},{"floor":32,"key":"REST"},{"floor":40,"key":"REST"},{"floor":42,"key":"REST"}],"path_taken":["M","M","?","M","$","E","M","M","T","?","?","M","R","M","R","BOSS","M","?","?","M","?","R","M","?","T","R","?","R","M","M","R","BOSS","M","M","$","M","?","R","M","R","T","?","?","E"],"build_version":"2018-06-14v2","seed_source_timestamp":600166078592941,"purchased_purges":1,"victory":false,"master_deck":["Strike_B+1","Defend_B+1","Zap+1","Dualcast","Scrape+1","Gash","Gash","Swift Strike+1","Beam Cell","Go for the Eyes","Seek","Steam","Go for the Eyes+1","Redo","Redo+1","Steam","Echo Form","BootSequence","Reboot","Glacier+1","Melter+1","Cold Snap+1","Beam Cell","Finesse","Scrape","Writhe","Streamline+1"],"max_hp_per_floor":[75,75,75,75,75,75,75,75,75,75,75,75,75,75,75,75,75,75,75,75,75,75,75,75,75,75,75,75,75,75,75,75,75,75,75,75,75,75,75,75,75,75,75,75,75,75],"relics":["Cracked Core","Bag of Preparation","Whetstone","Pen Nib","Empty Cage","Enchiridion","Blue Candle","Astrolabe","Molten Egg 2"],"card_choices":[{"not_picked":["Chaos","Sweeping Beam"],"picked":"Scrape","floor":1},{"not_picked":["BootSequence","Auto Shields"],"picked":"Gash","floor":2},{"not_picked":["Sunder","Melter"],"picked":"Gash","floor":4},{"not_picked":["Compile Driver","Ball Lightning","Leap"],"picked":"SKIP","floor":6},{"not_picked":["Leap","Fusion"],"picked":"Beam Cell","floor":7},{"not_picked":["Redo","Rebound"],"picked":"Go for the Eyes","floor":8},{"not_picked":["Storm","Beam Cell"],"picked":"Seek","floor":12},{"not_picked":["Stack","Scrape"],"picked":"Steam","floor":14},{"not_picked":["Scrape","Sweeping Beam+1"],"picked":"Go for the Eyes+1","floor":18},{"not_picked":["Chaos","Hologram"],"picked":"Redo","floor":21},{"not_picked":["Leap","Beam Cell+1"],"picked":"Redo+1","floor":24},{"not_picked":["Sweeping Beam","Storm"],"picked":"Steam","floor":28},{"not_picked":["Conserve Battery","Recycle+1"],"picked":"Echo Form","floor":30},{"not_picked":["Beam Cell","Lockon"],"picked":"BootSequence","floor":31},{"not_picked":["Echo Form","Machine Learning"],"picked":"Reboot","floor":33},{"not_picked":["Cold Snap+1","Compile Driver","Loop+1"],"picked":"SKIP","floor":35},{"not_picked":["Rebound","Auto Shields+1"],"picked":"Beam Cell","floor":36},{"not_picked":["Sweeping Beam+1","Redo+1"],"picked":"Scrape","floor":38},{"not_picked":["Glacier+1","Hologram","Doom and Gloom+1"],"picked":"SKIP","floor":41},{"not_picked":["Conserve Battery","Leap+1"],"picked":"Streamline+1","floor":45}],"player_experience":501815,"potions_floor_usage":[1,6,6,12,14,24,24,31,36,38,46],"damage_taken":[{"damage":0,"enemies":"Small Slimes","floor":1,"turns":2},{"damage":2,"enemies":"Jaw Worm","floor":2,"turns":3},{"damage":1,"enemies":"2 Louse","floor":4,"turns":2},{"damage":20,"enemies":"Lagavulin","floor":6,"turns":5},{"damage":7,"enemies":"Looter","floor":7,"turns":3},{"damage":0,"enemies":"Large Slime","floor":8,"turns":4},{"damage":0,"enemies":"3 Louse","floor":12,"turns":1},{"damage":0,"enemies":"2 Fungi Beasts","floor":14,"turns":2},{"damage":54,"enemies":"The Guardian","floor":16,"turns":8},{"damage":18,"enemies":"Chosen","floor":18,"turns":4},{"damage":7,"enemies":"Shell Parasite","floor":21,"turns":4},{"damage":18,"enemies":"Chosen and Byrds","floor":24,"turns":5},{"damage":30,"enemies":"Slaver and Parasite","floor":28,"turns":5},{"damage":14,"enemies":"Snake Plant","floor":30,"turns":4},{"damage":20,"enemies":"Snecko","floor":31,"turns":5},{"damage":32,"enemies":"Champ","floor":33,"turns":9},{"damage":4,"enemies":"Orb Walker","floor":35,"turns":3},{"damage":28,"enemies":"3 Darklings","floor":36,"turns":5},{"damage":8,"enemies":"4 Shapes","floor":38,"turns":4},{"damage":3,"enemies":"Sphere and 2 Shapes","floor":41,"turns":5},{"damage":68,"enemies":"Maw","floor":45,"turns":6},{"damage":28,"enemies":"Giant Head","floor":46,"turns":5}],"relics_obtained":[{"floor":6,"key":"Whetstone"},{"floor":9,"key":"Pen Nib"},{"floor":22,"key":"Enchiridion"},{"floor":26,"key":"Blue Candle"},{"floor":43,"key":"Molten Egg 2"}],"event_choices":[{"event_name":"Scrap Ooze","player_choice":"success","floor":3,"damage_taken":7},{"event_name":"Shining Light","player_choice":"Entered Light","floor":10,"damage_taken":0},{"event_name":"The Cleric","player_choice":"Healed","floor":11,"damage_taken":0},{"event_name":"Ghosts","player_choice":"Ignored","floor":19,"damage_taken":0},{"event_name":"Nest","player_choice":"Stole From Cult","floor":20,"damage_taken":0},{"event_name":"Cursed Tome","player_choice":"Obtained Book","floor":22,"damage_taken":0},{"event_name":"The Mausoleum","player_choice":"No","floor":25,"damage_taken":0},{"event_name":"Tomb of Lord Red Mask","player_choice":"Ignored","floor":39,"damage_taken":0},{"event_name":"Winding Halls","player_choice":"Writhe","floor":44,"damage_taken":0}],"boss_relics":[{"not_picked":["Busted Crown","Runic Pyramid"],"picked":"Empty Cage"},{"not_picked":["Calling Bell","Cursed Key"],"picked":"Astrolabe"}],"items_purged_floors":[37],"is_endless":false,"potions_floor_spawned":[1,7,16,21,30,33,36,41],"seed_played":"-3649273699604161522","killed_by":"Giant Head","ascension_level":5,"potions_obtained":[{"floor":1,"key":"Regen Potion"},{"floor":7,"key":"Poison Potion"},{"floor":16,"key":"FocusPotion"},{"floor":21,"key":"SkillPotion"},{"floor":30,"key":"Swift Potion"},{"floor":33,"key":"SpeedPotion"},{"floor":36,"key":"SteroidPotion"},{"floor":41,"key":"Strength Potion"}],"is_trial":false}