{"gold_per_floor":[114,125,125,125,136,167,317,53,104,104,114,125,125,139,139,215,215,226,239,239],"floor_reached":20,"playtime":600,"items_purged":["Doubt"],"score":377,"play_id":"4ff82927-99c6-4dc4-b5ff-a789c625eca0","local_time":"20190313131241","is_ascension_mode":true,"campfire_choices":[{"floor":10,"key":"REST"},{"floor":13,"key":"REST"},{"data":"Beam Cell","floor":15,"key":"SMITH"}],"neow_cost":"TEN_PERCENT_HP_LOSS","seed_source_timestamp":356112125875300,"circlet_count":0,"master_deck":["AscendersBane","Strike_B","Strike_B","Strike_B","Strike_B+1","Defend_B","Defend_B","Defend_B","Defend_B","Zap+1","Dualcast","Core Surge","Gash","Gash","Beam Cell+1","Undo","Gash","Leap","Coolheaded","Electrodynamics","Hologram","Gash"],"relics":["Cracked Core","Smiling Mask","Gremlin Horn","PreservedInsect","Runic Pyramid"],"potions_floor_usage":[6,16,16,18],"damage_taken":[{"damage":1,"enemies":"Cultist","floor":1,"turns":3},{"damage":2,"enemies":"Jaw Worm","floor":2,"turns":3},{"damage":0,"enemies":"Small Slimes","floor":5,"turns":2},{"damage":8,"enemies":"Gremlin Nob","floor":6,"turns":3},{"damage":3,"enemies":"Blue Slaver","floor":11,"turns":2},{"damage":12,"enemies":"Looter","floor":12,"turns":3},{"damage":0,"enemies":"Lots of Slimes","floor":14,"turns":3},{"damage":4,"enemies":"The Guardian","floor":16,"turns":9},{"damage":7,"enemies":"3 Byrds","floor":18,"turns":4},{"damage":18,"enemies":"Shell Parasite","floor":19,"turns":5},{"damage":0,"enemies":"Colosseum Slavers","floor":20,"turns":1}],"seed_played":"3740803529083784189","potions_obtained":[{"floor":2,"key":"SteroidPotion"},{"floor":6,"key":"SteroidPotion"},{"floor":12,"key":"Ancient Potion"},{"floor":16,"key":"Regen Potion"},{"floor":18,"key":"Fire Potion"}],"is_trial":false,"path_per_floor":["M","M","?","?","M","E","?","$","T","R","M","M","R","M","R","B",null,"M","M","?"],"character_chosen":"DEFECT","items_purchased":["PreservedInsect","Gash"],"campfire_rested":2,"item_purchase_floors":[8,8],"current_hp_per_floor":[63,61,42,16,16,8,8,8,8,27,24,12,31,31,31,27,55,57,39,39],"gold":239,"neow_bonus":"THREE_RARE_CARDS","is_prod":false,"is_daily":false,"chose_seed":false,"campfire_upgraded":1,"win_rate":0,"timestamp":1552450361,"path_taken":["M","?","?","?","?","E","?","$","T","R","M","M","R","M","R","BOSS","M","M","?"],"build_version":"2019-01-23","purchased_purges":1,"victory":false,"max_hp_per_floor":[64,64,64,64,64,64,64,64,64,64,64,64,64,64,64,64,64,64,64,64],"card_choices":[{"not_picked":["All For One","Fission"],"picked":"Core Surge","floor":0},{"not_picked":["Steam","Sweeping Beam"],"picked":"Gash","floor":1},{"not_picked":["Ball Lightning","Reprogram"],"picked":"Gash","floor":2},{"not_picked":["Turbo","Streamline"],"picked":"Beam Cell","floor":5},{"not_picked":["FTL","Sweeping Beam"],"picked":"Undo","floor":6},{"not_picked":["BootSequence","Compile Driver"],"picked":"Leap","floor":11},{"not_picked":["Turbo","Compile Driver","Stack"],"picked":"SKIP","floor":12},{"not_picked":["Scrape","Meteor Strike"],"picked":"Coolheaded","floor":14},{"not_picked":["Buffer","Thunder Strike"],"picked":"Electrodynamics","floor":16},{"not_picked":["Barrage","Fusion"],"picked":"Hologram","floor":18},{"not_picked":["Beam Cell","Barrage"],"picked":"Gash","floor":19}],"player_experience":2222582,"relics_obtained":[{"floor":6,"key":"Gremlin Horn"}],"event_choices":[{"damage_healed":0,"gold_gain":0,"player_choice":"Entered Light","damage_taken":19,"max_hp_gain":0,"max_hp_loss":0,"event_name":"Shining Light","floor":3,"gold_loss":0,"cards_upgraded":["Zap","Strike_B"]},{"damage_healed":0,"gold_gain":0,"player_choice":"Success","damage_taken":26,"relics_obtained":["Smiling Mask"],"max_hp_gain":0,"max_hp_loss":0,"event_name":"Scrap Ooze","floor":4,"gold_loss":0},{"damage_healed":0,"gold_gain":150,"player_choice":"AGREE","damage_taken":0,"max_hp_gain":0,"max_hp_loss":0,"event_name":"Liars Game","floor":7,"gold_loss":0,"cards_obtained":["Doubt"]},{"damage_healed":0,"gold_gain":0,"player_choice":"Fight","damage_taken":0,"max_hp_gain":0,"max_hp_loss":0,"event_name":"Colosseum","floor":20,"gold_loss":0}],"is_beta":false,"boss_relics":[{"not_picked":["Tiny House","Snecko Eye"],"picked":"Runic Pyramid"}],"items_purged_floors":[8],"is_endless":false,"potions_floor_spawned":[2,6,12,16,18],"killed_by":"Colosseum Slavers","ascension_level":20}