{"gold_per_floor":[115,135,210,228,243,243,272,291,291,307,307,307,307,325,325,400,400,410,384,394,31,42,42],"floor_reached":23,"playtime":1531,"items_purged":[],"score":325,"play_id":"37b6f322-6183-4b6a-87df-66f5a4acdc0e","local_time":"20181122084958","is_ascension_mode":true,"campfire_choices":[{"data":"Neutralize","floor":6,"key":"SMITH"},{"data":"Cloak And Dagger","floor":11,"key":"SMITH"},{"floor":15,"key":"REST"}],"neow_cost":"NONE","seed_source_timestamp":1038604370331903,"circlet_count":0,"master_deck":["AscendersBane","Defend_G","Defend_G","Defend_G","Defend_G","Defend_G","Strike_G","Strike_G","Strike_G","Strike_G","Strike_G","Survivor","Neutralize+1","Unload","PiercingWail","Crippling Poison","Dagger Spray","Heel Hook","Cloak And Dagger+1","Leg Sweep","Malaise+1","Tactician+1","Distraction+1","Footwork+1","Acrobatics+1"],"relics":["Ring of the Snake","Boot","Dead Branch","Toxic Egg 2","HoveringKite","Frozen Egg 2"],"potions_floor_usage":[16,16,20,23],"damage_taken":[{"damage":0,"enemies":"2 Louse","floor":1,"turns":3},{"damage":2,"enemies":"Jaw Worm","floor":2,"turns":4},{"damage":0,"enemies":"Small Slimes","floor":4,"turns":5},{"damage":0,"enemies":"2 Fungi Beasts","floor":5,"turns":3},{"damage":43,"enemies":"Gremlin Nob","floor":7,"turns":6},{"damage":0,"enemies":"Blue Slaver","floor":8,"turns":5},{"damage":0,"enemies":"Gremlin Gang","floor":10,"turns":3},{"damage":1,"enemies":"Lots of Slimes","floor":14,"turns":2},{"damage":13,"enemies":"Slime Boss","floor":16,"turns":8},{"damage":7,"enemies":"3 Byrds","floor":18,"turns":4},{"damage":15,"enemies":"2 Thieves","floor":19,"turns":5},{"damage":9,"enemies":"Cultist and Chosen","floor":20,"turns":5},{"damage":15,"enemies":"Snecko","floor":22,"turns":6},{"damage":9,"enemies":"Book of Stabbing","floor":23,"turns":9}],"seed_played":"-7183958169218426603","potions_obtained":[{"floor":8,"key":"Swift Potion"},{"floor":10,"key":"PowerPotion"},{"floor":16,"key":"FearPotion"},{"floor":18,"key":"Block Potion"}],"is_trial":false,"path_per_floor":["M","M","?","M","M","R","E","M","T","M","R","?","?","M","R","B",null,"M","M","M","$","M","E"],"character_chosen":"THE_SILENT","items_purchased":["Frozen Egg 2","Footwork+1","Acrobatics+1"],"campfire_rested":1,"item_purchase_floors":[21,21,21],"current_hp_per_floor":[63,61,50,50,50,50,7,7,7,7,7,4,4,3,24,11,55,48,33,24,24,9,0],"gold":42,"neow_bonus":"ONE_RANDOM_RARE_CARD","is_prod":false,"is_daily":false,"chose_seed":false,"campfire_upgraded":2,"win_rate":0,"timestamp":1542847798,"path_taken":["M","M","?","M","M","R","E","M","T","M","R","?","?","M","R","BOSS","M","M","M","$","M","E"],"build_version":"2018-11-15","purchased_purges":0,"victory":false,"max_hp_per_floor":[70,70,70,70,70,70,70,70,70,70,70,70,70,70,70,70,70,70,70,70,70,70,70],"card_choices":[{"not_picked":["Poisoned Stab","Deflect"],"picked":"PiercingWail","floor":1},{"not_picked":["Slice","Poisoned Stab"],"picked":"Crippling Poison","floor":2},{"not_picked":["Deadly Poison","Acrobatics"],"picked":"Dagger Spray","floor":4},{"not_picked":["Calculated Gamble","Dagger Spray","Bane"],"picked":"SKIP","floor":5},{"not_picked":["Deflect","Poisoned Stab"],"picked":"Heel Hook","floor":7},{"not_picked":["Prepared","Finisher"],"picked":"Cloak And Dagger","floor":8},{"not_picked":["Envenom","PiercingWail"],"picked":"Leg Sweep","floor":10},{"not_picked":["Flying Knee","Bouncing Flask+1","Slice"],"picked":"SKIP","floor":14},{"not_picked":["Phantasmal Killer+1","Wraith Form v2"],"picked":"Malaise+1","floor":16},{"not_picked":["Dodge and Roll+1","Dagger Spray"],"picked":"Tactician+1","floor":18},{"not_picked":["Dagger Spray","Dodge and Roll+1"],"picked":"Distraction+1","floor":19},{"not_picked":["Well Laid Plans","Grand Finale","Slice"],"picked":"SKIP","floor":20},{"not_picked":["Dash","Dagger Throw","Slice+1"],"picked":"SKIP","floor":22}],"player_experience":532818,"relics_obtained":[{"floor":7,"key":"Boot"},{"floor":9,"key":"Dead Branch"}],"event_choices":[{"damage_healed":0,"gold_gain":75,"player_choice":"Gather Gold","damage_taken":11,"max_hp_gain":0,"max_hp_loss":0,"event_name":"World of Goop","floor":3,"gold_loss":0},{"damage_healed":0,"gold_gain":0,"player_choice":"Success","damage_taken":3,"relics_obtained":["Toxic Egg 2"],"max_hp_gain":0,"max_hp_loss":0,"event_name":"Scrap Ooze","floor":12,"gold_loss":0},{"damage_healed":0,"gold_gain":0,"player_choice":"Ignored","damage_taken":0,"max_hp_gain":0,"max_hp_loss":0,"event_name":"Liars Game","floor":13,"gold_loss":0}],"is_beta":true,"boss_relics":[{"not_picked":["Black Star","White Beast Statue"],"picked":"HoveringKite"}],"items_purged_floors":[],"is_endless":false,"potions_floor_spawned":[8,10,16,18],"killed_by":"Book of Stabbing","ascension_level":13}