{"gold_per_floor":[115,115,115,129,129,129,146,146,171,171,171,198,215,215],"floor_reached":14,"playtime":182,"items_purged":[],"score":176,"play_id":"0ec1e3e4-2bcc-441f-bd4a-db05d3c4474b","local_time":"20190320192453","is_ascension_mode":true,"campfire_choices":[{"data":"Darkness","floor":6,"key":"SMITH"},{"data":"Streamline","floor":8,"key":"SMITH"},{"floor":10,"key":"REST"}],"neow_cost":"NONE","seed_source_timestamp":89462766402400,"circlet_count":0,"master_deck":["AscendersBane","Strike_B","Strike_B","Strike_B","Strike_B","Defend_B","Defend_B+1","Defend_B","Defend_B","Zap","Dualcast","Darkness+1","Pain","Streamline+1","White Noise+1","Biased Cognition"],"relics":["Cracked Core","NeowsBlessing","WarpedTongs","Shuriken","Bag of Preparation","Strawberry","War Paint"],"potions_floor_usage":[14,14],"damage_taken":[{"damage":0,"enemies":"Small Slimes","floor":1,"turns":1},{"damage":0,"enemies":"Cultist","floor":4,"turns":1},{"damage":0,"enemies":"Jaw Worm","floor":7,"turns":1},{"damage":13,"enemies":"3 Sentries","floor":12,"turns":3},{"damage":14,"enemies":"Gremlin Gang","floor":13,"turns":6},{"damage":30,"enemies":"Gremlin Nob","floor":14,"turns":3}],"seed_played":"5367483230850825118","potions_obtained":[{"floor":4,"key":"Weak Potion"},{"floor":12,"key":"Ancient Potion"}],"is_trial":false,"path_per_floor":["M","$","?","M","?","R","M","R","T","R","T","E","M","E"],"character_chosen":"DEFECT","items_purchased":[],"campfire_rested":1,"item_purchase_floors":[],"current_hp_per_floor":[64,64,64,64,29,29,29,29,29,50,57,44,30,0],"gold":215,"neow_bonus":"THREE_ENEMY_KILL","is_prod":false,"is_daily":false,"chose_seed":false,"campfire_upgraded":2,"win_rate":0,"timestamp":1553077493,"path_taken":["M","$","?","?","?","R","M","R","T","R","?","E","M","E"],"build_version":"2019-01-23","purchased_purges":0,"victory":false,"max_hp_per_floor":[71,71,71,71,71,71,71,71,71,71,78,78,78,78],"card_choices":[{"not_picked":["Leap","Chaos"],"picked":"Darkness","floor":1},{"not_picked":["Fusion","Reprogram"],"picked":"Streamline","floor":4},{"not_picked":["FTL","Steam"],"picked":"White Noise","floor":7},{"not_picked":["FTL","Go for the Eyes","Gash"],"picked":"SKIP","floor":12},{"not_picked":["Heatsinks","Conserve Battery"],"picked":"Biased Cognition","floor":13}],"player_experience":2418869,"relics_obtained":[{"floor":9,"key":"Bag of Preparation"},{"floor":11,"key":"Strawberry"},{"floor":12,"key":"War Paint"}],"event_choices":[{"damage_healed":0,"gold_gain":0,"player_choice":"Rummage","damage_taken":0,"relics_obtained":["WarpedTongs"],"max_hp_gain":0,"max_hp_loss":0,"event_name":"Accursed Blacksmith","floor":3,"gold_loss":0,"cards_obtained":["Pain"]},{"damage_healed":0,"gold_gain":0,"player_choice":"Success","damage_taken":35,"relics_obtained":["Shuriken"],"max_hp_gain":0,"max_hp_loss":0,"event_name":"Scrap Ooze","floor":5,"gold_loss":0}],"is_beta":false,"boss_relics":[],"items_purged_floors":[],"is_endless":false,"potions_floor_spawned":[4,12],"killed_by":"Gremlin Nob","ascension_level":20}