{"gold_per_floor":[109,124,144,162,40,40,70,70,70,86,99,99,99,99,99,197,197,214,214,230,241,111,111,129,129,129,129,129,147,157,78,78,78],"floor_reached":33,"playtime":1625,"items_purged":[],"score":249,"play_id":"e380a808-a705-48ce-be4d-bf85289a7cde","local_time":"20190302201434","is_ascension_mode":false,"campfire_choices":[{"data":"Sunder","floor":6,"key":"SMITH"},{"data":"Hello World","floor":8,"key":"SMITH"},{"data":"Loop","floor":12,"key":"SMITH"},{"floor":15,"key":"REST"},{"floor":23,"key":"REST"},{"floor":25,"key":"REST"},{"data":"Fission","floor":28,"key":"SMITH"},{"floor":32,"key":"REST"}],"neow_cost":"NONE","seed_source_timestamp":971903194354365,"circlet_count":0,"master_deck":["Strike_B","Strike_B","Strike_B","Strike_B","Defend_B","Defend_B","Defend_B","Defend_B","Zap+1","Dualcast","Sunder+1","Redo","Force Field","Hello World+1","Ball Lightning","Undo","Loop+1","Rainbow","Loop","Hello World","Redo","Static Discharge","Fission+1","Ball Lightning","Static Discharge+1","Self Repair"],"special_seed":0,"relics":["Cracked Core"],"potions_floor_usage":[20,20,21,24,30,30],"damage_taken":[{"damage":0.0,"enemies":"2 Louse","floor":1.0,"turns":2.0},{"damage":0,"enemies":"Small Slimes","floor":2,"turns":2},{"damage":1,"enemies":"Cultist","floor":3,"turns":4},{"damage":0,"enemies":"Exordium Thugs","floor":4,"turns":3},{"damage":3,"enemies":"Lagavulin","floor":7,"turns":7},{"damage":3,"enemies":"Exordium Wildlife","floor":10,"turns":4},{"damage":11,"enemies":"Large Slime","floor":11,"turns":4},{"damage":56,"enemies":"Slime Boss","floor":16,"turns":9},{"damage":2,"enemies":"Spheric Guardian","floor":18,"turns":4},{"damage":9,"enemies":"3 Byrds","floor":20,"turns":3},{"damage":27,"enemies":"Snake Plant","floor":21,"turns":4},{"damage":9,"enemies":"Sentry and Sphere","floor":24,"turns":5},{"damage":15,"enemies":"3 Cultists","floor":29,"turns":4},{"damage":12,"enemies":"Centurion and Healer","floor":30,"turns":3},{"damage":72,"enemies":"Champ","floor":33,"turns":10}],"seed_played":"6040528480486326427","potions_obtained":[{"floor":7,"key":"LiquidBronze"},{"floor":11,"key":"Weak Potion"},{"floor":16,"key":"Swift Potion"},{"floor":20,"key":"LiquidBronze"},{"floor":29,"key":"PowerPotion"}],"is_trial":false,"path_per_floor":["M","M","M","M","$","R","E","R","T","M","M","R","?","?","R","B",null,"M","?","M","M","$","R","M","R","T","?","R","M","M","$","R","B"],"character_chosen":"DEFECT","items_purchased":["Hello World","Ball Lightning","Static Discharge","Fire Potion","Self Repair"],"campfire_rested":4,"item_purchase_floors":[5,5,22,22,31],"current_hp_per_floor":[75,75,74,74,74,74,71,71,71,68,57,57,57,57,75,19,75,73,73,64,37,37,59,50,72,72,72,72,57,45,45,67,0],"gold":78,"neow_bonus":"UPGRADE_CARD","is_prod":false,"is_daily":false,"chose_seed":false,"campfire_upgraded":4,"win_rate":0,"timestamp":1551550474,"path_taken":["M","M","M","M","$","R","E","R","T","M","M","R","?","?","R","BOSS","M","?","M","M","?","R","?","R","T","?","R","M","M","$","R","BOSS"],"build_version":"2019-01-23","purchased_purges":0,"victory":false,"max_hp_per_floor":[75,75,75,75,75,75,75,75,75,75,75,75,75,75,75,75,75,75,75,75,75,75,75,75,75,75,75,75,75,75,75,75,75],"card_choices":[{"not_picked":["Turbo","Barrage","Compile Driver"],"picked":"SKIP","floor":1.0},{"not_picked":["Coolheaded","Redo"],"picked":"Sunder","floor":2},{"not_picked":["Blizzard","Leap"],"picked":"Redo","floor":3},{"not_picked":["Reinforced Body","Blizzard"],"picked":"Force Field","floor":4},{"not_picked":["Multi-Cast","Genetic Algorithm"],"picked":"Undo","floor":7},{"not_picked":["Beam Cell","Consume"],"picked":"Loop","floor":10},{"not_picked":["Barrage","Coolheaded","Turbo"],"picked":"SKIP","floor":11},{"not_picked":["Hyperbeam","Reboot"],"picked":"Rainbow","floor":16},{"not_picked":["Undo","Barrage"],"picked":"Loop","floor":18},{"not_picked":["Compile Driver+1","Force Field"],"picked":"Hello World","floor":20},{"not_picked":["Lockon","Sweeping Beam+1"],"picked":"Redo","floor":21},{"not_picked":["Reprogram","Barrage"],"picked":"Fission","floor":24},{"not_picked":["Beam Cell","Redo"],"picked":"Ball Lightning","floor":29},{"not_picked":["Compile Driver+1","Gash+1"],"picked":"Static Discharge+1","floor":30}],"player_experience":1021069,"relics_obtained":[],"event_choices":[{"damage_healed":0,"gold_gain":0,"player_choice":"Ignored","damage_taken":0,"max_hp_gain":0,"max_hp_loss":0,"event_name":"Shining Light","floor":13,"gold_loss":0},{"damage_healed":0,"gold_gain":0,"player_choice":"Ignored","damage_taken":0,"max_hp_gain":0,"max_hp_loss":0,"event_name":"Golden Idol","floor":14,"gold_loss":0},{"damage_healed":0,"gold_gain":0,"player_choice":"Leave","damage_taken":0,"max_hp_gain":0,"max_hp_loss":0,"event_name":"FaceTrader","floor":19,"gold_loss":0}],"is_beta":false,"boss_relics":[{"not_picked":["Ectoplasm","Pandora\u0027s Box","Lizard Tail"]}],"items_purged_floors":[],"is_endless":false,"potions_floor_spawned":[7,11,16,18,20,29],"killed_by":"Champ","ascension_level":0}