{"gold_per_floor":[114,39,50,0,15,15,47,47,47,47,47,63,74,74,74,147,147,162,212,228,254,111,111,35,48,48,80,80,80,109,120,120,197,197,207,207,429,448,91,125,125,145,145,145,163,177,206,225,225,225,225,225,225,56,87,87],"floor_reached":56,"playtime":2212,"items_purged":["Injury","Fire Breathing"],"score":1890,"play_id":"8dd61562-54bf-4925-99ed-0cd166e2b182","local_time":"20190330020002","is_ascension_mode":true,"campfire_choices":[{"data":"1","floor":6.0,"key":"LIFT"},{"data":"2","floor":8.0,"key":"LIFT"},{"data":"3","floor":10.0,"key":"LIFT"},{"data":"Armaments","floor":15.0,"key":"SMITH"},{"data":"Limit Break","floor":23.0,"key":"SMITH"},{"floor":32.0,"key":"REST"},{"data":"Dual Wield","floor":41.0,"key":"SMITH"},{"floor":49.0,"key":"RECALL"},{"data":"Corruption","floor":53.0,"key":"SMITH"}],"neow_cost":"CURSE","seed_source_timestamp":51392820473500,"circlet_count":0,"master_deck":["AscendersBane","Bash","Shrug It Off","Body Slam","Armaments+1","Rampage","Twin Strike","Limit Break+1","Offering","Feed","Flame Barrier","True Grit","Corruption+1","Reaper","Limit Break+1","Body Slam+1","Dark Embrace","Thunderclap","Feed","Body Slam","Disarm+1","Shrug It Off+1","Double Tap","Dual Wield+1","Havoc+1","Reaper","True Grit"],"special_seed":0,"relics":["Burning Blood","Girya","Oddly Smooth Stone","Orichalcum","Paper Frog","Bronze Scales","Velvet Choker","Red Mask","Kunai","Calipers","Pandora\u0027s Box","Membership Card","Bag of Marbles","Mango","Dead Branch","War Paint","Lantern","Art of War"],"potions_floor_usage":[56,56],"damage_taken":[{"damage":14.0,"enemies":"2 Louse","floor":1.0,"turns":3.0},{"damage":1.0,"enemies":"Cultist","floor":3.0,"turns":4.0},{"damage":12.0,"enemies":"Small Slimes","floor":5.0,"turns":3.0},{"damage":25.0,"enemies":"3 Sentries","floor":7.0,"turns":11.0},{"damage":5.0,"enemies":"Looter","floor":12.0,"turns":2.0},{"damage":6.0,"enemies":"Exordium Wildlife","floor":13.0,"turns":2.0},{"damage":56.0,"enemies":"Slime Boss","floor":16.0,"turns":7.0},{"damage":16.0,"enemies":"2 Thieves","floor":18.0,"turns":4.0},{"damage":0.0,"enemies":"Spheric Guardian","floor":20.0,"turns":3.0},{"damage":16.0,"enemies":"Masked Bandits","floor":21.0,"turns":4.0},{"damage":16.0,"enemies":"Centurion and Healer","floor":25.0,"turns":6.0},{"damage":13.0,"enemies":"Gremlin Leader","floor":27.0,"turns":6.0},{"damage":36.0,"enemies":"Book of Stabbing","floor":30.0,"turns":5.0},{"damage":18.0,"enemies":"Chosen and Byrds","floor":31.0,"turns":4.0},{"damage":49.0,"enemies":"Automaton","floor":33.0,"turns":8.0},{"damage":20.0,"enemies":"Orb Walker","floor":35.0,"turns":3.0},{"damage":59.0,"enemies":"3 Darklings","floor":38.0,"turns":6.0},{"damage":48.0,"enemies":"Reptomancer","floor":40.0,"turns":5.0},{"damage":51.0,"enemies":"Maw","floor":42.0,"turns":5.0},{"damage":24.0,"enemies":"4 Shapes","floor":45.0,"turns":5.0},{"damage":0.0,"enemies":"Spire Growth","floor":46.0,"turns":3.0},{"damage":77.0,"enemies":"Nemesis","floor":47.0,"turns":7.0},{"damage":19.0,"enemies":"Sphere and 2 Shapes","floor":48.0,"turns":4.0},{"damage":84.0,"enemies":"Donu and Deca","floor":50.0,"turns":6.0},{"damage":43.0,"enemies":"Awakened One","floor":51.0,"turns":10.0},{"damage":65.0,"enemies":"Shield and Spear","floor":55.0,"turns":10.0},{"damage":63,"enemies":"The Heart","floor":56,"turns":3}],"seed_played":"6134572146369586174","potions_obtained":[{"floor":1.0,"key":"Regen Potion"},{"floor":7.0,"key":"Swift Potion"},{"floor":13.0,"key":"EntropicBrew"},{"floor":18.0,"key":"SkillPotion"},{"floor":27.0,"key":"Regen Potion"},{"floor":33.0,"key":"Dexterity Potion"},{"floor":35.0,"key":"PowerPotion"},{"floor":45.0,"key":"GamblersBrew"},{"floor":46.0,"key":"PowerPotion"}],"is_trial":false,"path_per_floor":["M","$","M","?","M","R","E","R","T","R","T","M","M","?","R","B",null,"M","?","M","?","$","R","$","M","T","E","?","?","E","M","R","B",null,"M","$","?","M","$","E","R","M","T","?","M","M","E","M","R","B","B",null,"R","$","E","B"],"character_chosen":"IRONCLAD","items_purchased":["Offering","Fire Potion","Feed","Membership Card","Bag of Marbles","Reaper","Lantern"],"campfire_rested":1,"item_purchase_floors":[22,22,24,39,39,54,54],"current_hp_per_floor":[60,60,65,65,59,59,55,55,55,55,55,56,56,56,56,11,59,49,49,55,45,45,45,45,38,38,31,31,31,31,19,42,57,73,71,71,71,37,37,39,39,20,20,75,79,82,56,57,57,7,45,77,77,77,48,0],"gold":87,"neow_bonus":"ONE_RARE_RELIC","is_prod":false,"is_daily":false,"chose_seed":false,"campfire_upgraded":4,"win_rate":0,"timestamp":1553878802,"path_taken":["M","$","M","?","?","R","E","R","T","R","?","M","M","?","R","BOSS","M","?","M","?","?","R","$","?","T","E","?","?","E","?","R","BOSS","M","$","?","M","$","E","R","M","T","?","M","M","E","M","R","BOSS","BOSS","R","$","E","BOSS"],"build_version":"2019-01-23","purchased_purges":2,"victory":false,"max_hp_per_floor":[75,75,75,75,75,75,75,75,75,75,75,75,75,75,75,75,75,75,75,75,75,75,75,75,78,78,78,78,78,78,78,78,78,78,78,78,78,78,78,92,92,92,92,75,79,82,85,85,85,85,88,88,88,88,91,91],"card_choices":[{"not_picked":["Perfected Strike","Anger"],"picked":"Shrug It Off","floor":1.0},{"not_picked":["Shrug It Off","Iron Wave"],"picked":"Body Slam","floor":3.0},{"not_picked":["Burning Pact","Rupture"],"picked":"Armaments","floor":5.0},{"not_picked":["Flex","Fire Breathing"],"picked":"Rampage","floor":7.0},{"not_picked":["Combust","Perfected Strike"],"picked":"Twin Strike","floor":12.0},{"not_picked":["Fire Breathing","Heavy Blade","Body Slam"],"picked":"SKIP","floor":13.0},{"not_picked":["Impervious","Reaper"],"picked":"Limit Break","floor":16.0},{"not_picked":["Rage","Reckless Charge","Pommel Strike"],"picked":"SKIP","floor":18.0},{"not_picked":["Warcry+1","Pummel","Clash"],"picked":"SKIP","floor":20.0},{"not_picked":["Corruption","Combust"],"picked":"Flame Barrier","floor":25.0},{"not_picked":["Pommel Strike","Havoc"],"picked":"True Grit","floor":27.0},{"not_picked":["Berserk","Searing Blow","Inflame+1"],"picked":"SKIP","floor":30.0},{"not_picked":["Inflame","Intimidate"],"picked":"Body Slam+1","floor":31.0},{"not_picked":["Brutality","Immolate"],"picked":"Dark Embrace","floor":33.0},{"not_picked":["Thunderclap+1","Pommel Strike","Infernal Blade+1"],"picked":"SKIP","floor":35.0},{"not_picked":["Pummel","Dropkick","Thunderclap+1"],"picked":"SKIP","floor":38.0},{"not_picked":["Disarm","Iron Wave"],"picked":"Dual Wield","floor":40.0},{"not_picked":["Flex","Clash","Sword Boomerang"],"picked":"SKIP","floor":42.0},{"not_picked":["Reckless Charge","Iron Wave+1","Blood for Blood"],"picked":"SKIP","floor":45.0},{"not_picked":["Feed","Iron Wave+1","Anger"],"picked":"SKIP","floor":46.0},{"not_picked":["Clash","Armaments","Uppercut+1"],"picked":"SKIP","floor":47.0},{"not_picked":["True Grit","Burning Pact"],"picked":"Havoc+1","floor":48.0},{"not_picked":["Iron Wave","Havoc+1"],"picked":"True Grit","floor":55.0}],"player_experience":2735931,"relics_obtained":[{"floor":7.0,"key":"Orichalcum"},{"floor":9.0,"key":"Paper Frog"},{"floor":11.0,"key":"Bronze Scales"},{"floor":21.0,"key":"Red Mask"},{"floor":27.0,"key":"Kunai"},{"floor":30.0,"key":"Calipers"},{"floor":40.0,"key":"Mango"},{"floor":43.0,"key":"Dead Branch"},{"floor":47.0,"key":"War Paint"},{"floor":55.0,"key":"Art of War"}],"event_choices":[{"damage_healed":0.0,"max_hp_gain":0.0,"max_hp_loss":0.0,"gold_gain":0.0,"event_name":"WeMeetAgain","player_choice":"Paid Gold","floor":4.0,"gold_loss":50.0,"damage_taken":0.0,"relics_obtained":["Oddly Smooth Stone"]},{"damage_healed":0.0,"max_hp_gain":0.0,"max_hp_loss":0.0,"gold_gain":0.0,"event_name":"The Cleric","player_choice":"Leave","floor":14.0,"gold_loss":0.0,"damage_taken":0.0},{"damage_healed":0.0,"max_hp_gain":0.0,"max_hp_loss":0.0,"gold_gain":50.0,"event_name":"Nest","player_choice":"Stole From Cult","floor":19.0,"gold_loss":0.0,"damage_taken":0.0},{"damage_healed":0.0,"max_hp_gain":0.0,"max_hp_loss":0.0,"gold_gain":0.0,"event_name":"Masked Bandits","player_choice":"Fought Bandits","floor":21.0,"gold_loss":0.0,"damage_taken":0.0},{"damage_healed":0.0,"max_hp_gain":0.0,"max_hp_loss":0.0,"gold_gain":0.0,"cards_transformed":["Strike_R","Strike_R"],"event_name":"Drug Dealer","player_choice":"Became Test Subject","floor":28.0,"gold_loss":0.0,"damage_taken":0.0,"cards_obtained":["Corruption","Reaper"]},{"damage_healed":0.0,"max_hp_gain":0.0,"max_hp_loss":0.0,"gold_gain":0.0,"event_name":"Duplicator","player_choice":"Copied","floor":29.0,"gold_loss":0.0,"damage_taken":0.0,"cards_obtained":["Limit Break"]},{"damage_healed":0.0,"max_hp_gain":0.0,"max_hp_loss":0.0,"gold_gain":222.0,"event_name":"Tomb of Lord Red Mask","player_choice":"Wore Mask","floor":37.0,"gold_loss":0.0,"damage_taken":0.0},{"damage_healed":75.0,"max_hp_gain":0.0,"max_hp_loss":17.0,"gold_gain":0.0,"event_name":"The Moai Head","player_choice":"Heal","floor":44.0,"gold_loss":0.0,"damage_taken":0.0}],"is_beta":false,"boss_relics":[{"not_picked":["Black Blood","Fusion Hammer"],"picked":"Velvet Choker"},{"not_picked":["Black Star","Runic Cube"],"picked":"Pandora\u0027s Box"}],"items_purged_floors":[2,39],"is_endless":false,"potions_floor_spawned":[1,7,13,18,20,27,33,35,45,46,48],"killed_by":"The Heart","ascension_level":20}