{"gold_per_floor":[116,116,116,131,146,176,176,176,176,176,192,192,192,227,227,298,298,316,69,85,98,114,145,70,70,70,70,100,100,100,25,25,97,97,109,109,109,121,121,121,137,153,177,177,193,139,171,226,226,226,226,226,226,30,56,56],"floor_reached":57,"playtime":2365,"items_purged":["Shame","Strike_R"],"score":2727,"play_id":"2c1f68bf-9ca6-4763-9bec-8f8da77e5dd9","local_time":"20190331150520","is_ascension_mode":true,"campfire_choices":[{"data":"Armaments","floor":8,"key":"SMITH"},{"data":"True Grit","floor":12,"key":"SMITH"},{"data":"Evolve","floor":15,"key":"SMITH"},{"data":"Bash","floor":25,"key":"SMITH"},{"data":"Shockwave","floor":27,"key":"SMITH"},{"data":"Disarm","floor":29,"key":"SMITH"},{"floor":32,"key":"REST"},{"floor":40,"key":"RECALL"},{"floor":44,"key":"REST"},{"floor":49,"key":"REST"},{"floor":53,"key":"REST"}],"neow_cost":"CURSE","seed_source_timestamp":185217462871300,"circlet_count":0,"master_deck":["AscendersBane","Strike_R","Defend_R","Defend_R","Defend_R","Defend_R","Demon Form+1","True Grit+1","Armaments+1","Evolve+1","Second Wind","Impervious","Reaper+1","Clothesline+1","Shockwave+1","Disarm+1","Whirlwind+1","Barricade","Impervious","Body Slam+1","Feel No Pain+1","Entrench","Disarm+1","Feel No Pain","Feel No Pain"],"relics":["Burning Blood","Molten Egg 2","Vajra","FossilizedHelix","Snecko Eye","Bag of Marbles","Red Skull","Darkstone Periapt","Gremlin Horn","Fusion Hammer","Oddly Smooth Stone","Nunchaku","Centennial Puzzle"],"potions_floor_usage":[6,6,13,23,23,35,42,50,56,56],"damage_taken":[{"damage":14,"enemies":"Small Slimes","floor":1,"turns":4},{"damage":0,"enemies":"2 Louse","floor":4,"turns":4},{"damage":7,"enemies":"Cultist","floor":5,"turns":4},{"damage":23,"enemies":"3 Sentries","floor":6,"turns":6},{"damage":0,"enemies":"2 Fungi Beasts","floor":11,"turns":5},{"damage":6,"enemies":"Lagavulin","floor":14,"turns":7},{"damage":33,"enemies":"Hexaghost","floor":16,"turns":9},{"damage":21,"enemies":"Shell Parasite","floor":18,"turns":5},{"damage":0,"enemies":"Chosen","floor":20,"turns":3},{"damage":12,"enemies":"Centurion and Healer","floor":21,"turns":8},{"damage":11,"enemies":"Snecko","floor":22,"turns":6},{"damage":51,"enemies":"Gremlin Leader","floor":23,"turns":10},{"damage":20,"enemies":"Book of Stabbing","floor":28,"turns":6},{"damage":16,"enemies":"Champ","floor":33,"turns":12},{"damage":3,"enemies":"Orb Walker","floor":35,"turns":5},{"damage":0,"enemies":"3 Darklings","floor":38,"turns":1},{"damage":16,"enemies":"Sphere and 2 Shapes","floor":41,"turns":5},{"damage":43,"enemies":"4 Shapes","floor":42,"turns":7},{"damage":0,"enemies":"Writhing Mass","floor":45,"turns":6},{"damage":0,"enemies":"Nemesis","floor":47,"turns":11},{"damage":11,"enemies":"2 Orb Walkers","floor":48,"turns":7},{"damage":28,"enemies":"Donu and Deca","floor":50,"turns":7},{"damage":15,"enemies":"Time Eater","floor":51,"turns":12},{"damage":36,"enemies":"Shield and Spear","floor":55,"turns":10},{"damage":69,"enemies":"The Heart","floor":56,"turns":10}],"seed_played":"4678636967632462367","potions_obtained":[{"floor":4,"key":"Explosive Potion"},{"floor":5,"key":"Explosive Potion"},{"floor":13,"key":"GamblersBrew"},{"floor":13,"key":"Fruit Juice"},{"floor":14,"key":"LiquidBronze"},{"floor":18,"key":"SkillPotion"},{"floor":23,"key":"Block Potion"},{"floor":28,"key":"Block Potion"},{"floor":35,"key":"Fruit Juice"},{"floor":42,"key":"Regen Potion"}],"is_trial":false,"path_per_floor":["M","?","?","M","M","E","?","R","T","?","M","R","?","E","R","B",null,"M","$","M","M","M","E","?","R","T","R","E","R","?","$","R","B",null,"M","?","$","M","?","R","M","M","T","R","M","$","E","?","R","B","B",null,"R","$","E","B",null],"character_chosen":"IRONCLAD","items_purchased":["Shockwave","Bag of Marbles","SpeedPotion","Feel No Pain","Dexterity Potion"],"campfire_rested":4,"item_purchase_floors":[19,19,46,54,54],"current_hp_per_floor":[60,65,65,71,70,53,53,53,53,53,59,59,64,64,64,37,73,75,75,85,85,80,40,40,40,40,40,57,57,57,57,82,85,85,90,90,90,90,85,85,85,58,58,83,85,85,85,85,85,79,85,85,85,85,85,31],"gold":56,"neow_bonus":"TRANSFORM_TWO_CARDS","is_prod":false,"is_daily":false,"chose_seed":false,"campfire_upgraded":6,"win_rate":0,"timestamp":1554012320,"path_taken":["M","?","?","M","?","E","?","R","T","?","?","R","?","E","R","BOSS","M","$","?","?","?","E","?","R","T","R","E","R","?","$","R","BOSS","M","?","$","M","?","R","M","M","T","R","M","$","E","?","R","BOSS","BOSS","R","$","E","BOSS"],"build_version":"2019-01-23","purchased_purges":2,"victory":true,"max_hp_per_floor":[75,80,80,80,80,80,80,80,80,80,80,80,85,85,85,85,85,85,85,85,85,85,85,85,85,85,85,85,85,85,85,85,85,85,90,90,90,90,85,85,85,85,85,85,85,85,85,85,85,85,85,85,85,85,85,85],"card_choices":[{"not_picked":["Seeing Red","Havoc"],"picked":"True Grit","floor":1},{"not_picked":["Twin Strike","Thunderclap"],"picked":"Armaments","floor":4},{"not_picked":["Headbutt","Iron Wave"],"picked":"Evolve","floor":5},{"not_picked":["Carnage","True Grit"],"picked":"Second Wind","floor":6},{"not_picked":["Spot Weakness","Wild Strike+1","Warcry"],"picked":"SKIP","floor":11},{"not_picked":["Clothesline+1","Warcry","Uppercut+1"],"picked":"SKIP","floor":14},{"not_picked":["Feed+1","Brutality"],"picked":"Reaper+1","floor":16},{"not_picked":["Clash+1","Dropkick+1"],"picked":"Clothesline+1","floor":18},{"not_picked":["Twin Strike+1","Dropkick+1","Anger+1"],"picked":"SKIP","floor":20},{"not_picked":["Shrug It Off","Iron Wave+1"],"picked":"Disarm","floor":21},{"not_picked":["Rage","Warcry","Body Slam+1"],"picked":"SKIP","floor":22},{"not_picked":["Spot Weakness","Seeing Red","Rage"],"picked":"SKIP","floor":23},{"not_picked":["Wild Strike+1","Pommel Strike+1"],"picked":"Whirlwind+1","floor":28},{"not_picked":["Juggernaut","Double Tap"],"picked":"Impervious","floor":33},{"not_picked":["Havoc+1","Thunderclap+1","Armaments"],"picked":"SKIP","floor":35},{"not_picked":["Warcry","Havoc"],"picked":"Body Slam+1","floor":38},{"not_picked":["Anger+1","True Grit"],"picked":"Feel No Pain+1","floor":41},{"not_picked":["Shrug It Off+1","Perfected Strike+1"],"picked":"Entrench","floor":42},{"not_picked":["Cleave+1","Fire Breathing","Perfected Strike+1"],"picked":"SKIP","floor":45},{"not_picked":["Brutality","Carnage+1"],"picked":"Disarm+1","floor":47},{"not_picked":["Warcry","Metallicize"],"picked":"Feel No Pain","floor":55}],"player_experience":2776403,"relics_obtained":[{"floor":6,"key":"Molten Egg 2"},{"floor":9,"key":"Vajra"},{"floor":14,"key":"FossilizedHelix"},{"floor":23,"key":"Red Skull"},{"floor":26,"key":"Darkstone Periapt"},{"floor":28,"key":"Gremlin Horn"},{"floor":47,"key":"Oddly Smooth Stone"},{"floor":48,"key":"Nunchaku"},{"floor":55,"key":"Centennial Puzzle"}],"event_choices":[{"damage_healed":0,"gold_gain":0,"player_choice":"Donut","damage_taken":0,"max_hp_gain":5,"max_hp_loss":0,"event_name":"Big Fish","floor":2,"gold_loss":0},{"damage_healed":0,"gold_gain":0,"player_choice":"Upgraded","damage_taken":0,"max_hp_gain":0,"max_hp_loss":0,"event_name":"Upgrade Shrine","floor":3,"gold_loss":0,"cards_upgraded":["Demon Form"]},{"damage_healed":0,"gold_gain":0,"player_choice":"Ignored","damage_taken":0,"max_hp_gain":0,"max_hp_loss":0,"event_name":"Liars Game","floor":7,"gold_loss":0},{"damage_healed":0,"gold_gain":0,"cards_transformed":["Strike_R"],"player_choice":"Transformed","damage_taken":0,"max_hp_gain":0,"max_hp_loss":0,"event_name":"Transmorgrifier","floor":10,"gold_loss":0,"cards_obtained":["Impervious"]},{"damage_healed":0,"gold_gain":0,"player_choice":"Got Potions","damage_taken":0,"max_hp_gain":0,"max_hp_loss":0,"event_name":"Lab","floor":13,"gold_loss":0},{"cards_removed":["Warcry"],"damage_healed":0,"gold_gain":0,"player_choice":"Gave Gold","damage_taken":0,"max_hp_gain":0,"max_hp_loss":0,"event_name":"Beggar","floor":24,"gold_loss":75},{"damage_healed":0,"gold_gain":0,"player_choice":"Read","damage_taken":0,"max_hp_gain":0,"max_hp_loss":0,"event_name":"The Library","floor":30,"gold_loss":0,"cards_obtained":["Barricade"]},{"cards_removed":["Bash"],"damage_healed":0,"gold_gain":0,"player_choice":"Removed Attack","damage_taken":0,"max_hp_gain":0,"max_hp_loss":0,"event_name":"Falling","floor":36,"gold_loss":0},{"damage_healed":0,"gold_gain":0,"player_choice":"Max HP","damage_taken":0,"max_hp_gain":0,"max_hp_loss":5,"event_name":"Winding Halls","floor":39,"gold_loss":0},{"damage_healed":0,"gold_gain":0,"player_choice":"Fight","damage_taken":0,"max_hp_gain":0,"max_hp_loss":0,"event_name":"Mysterious Sphere","floor":48,"gold_loss":0}],"is_beta":false,"boss_relics":[{"not_picked":["Eternal Feather","Philosopher\u0027s Stone"],"picked":"Snecko Eye"},{"not_picked":["Astrolabe","Sozu"],"picked":"Fusion Hammer"}],"items_purged_floors":[31,54],"is_endless":false,"potions_floor_spawned":[4,5,14,18,22,23,28,35,42,47,48,55],"ascension_level":20}