{"gold_per_floor":[116,38,38,38,58,92,92,125,173,173,173,173,187,206,206,206],"floor_reached":16,"playtime":222,"items_purged":[],"score":266,"play_id":"480e3a85-48b7-405a-8d28-0c1dc6558db9","local_time":"20190328192930","is_ascension_mode":true,"campfire_choices":[{"data":"Bash","floor":7,"key":"SMITH"},{"data":"Whirlwind","floor":10,"key":"SMITH"},{"floor":15,"key":"REST"}],"neow_cost":"NONE","seed_source_timestamp":2413964510200,"circlet_count":0,"master_deck":["AscendersBane","Strike_R","Strike_R","Strike_R","Strike_R","Strike_R","Defend_R","Defend_R","Defend_R","Defend_R","Bash+1","Inflame+1","Feel No Pain","Corruption","Feel No Pain","Whirlwind+1","Spot Weakness","Reaper"],"relics":["Burning Blood","NeowsBlessing","Dream Catcher","Incense Burner","Vajra","Golden Idol"],"potions_floor_usage":[8,14,16],"damage_taken":[{"damage":0,"enemies":"Cultist","floor":1,"turns":1},{"damage":0,"enemies":"Small Slimes","floor":5,"turns":1},{"damage":0,"enemies":"3 Sentries","floor":6,"turns":2},{"damage":34,"enemies":"Gremlin Nob","floor":8,"turns":5},{"damage":9,"enemies":"2 Louse","floor":13,"turns":2},{"damage":6,"enemies":"Exordium Thugs","floor":14,"turns":3},{"damage":44,"enemies":"The Guardian","floor":16,"turns":9}],"seed_played":"-1057018371605056918","potions_obtained":[{"floor":1,"key":"BloodPotion"},{"floor":3,"key":"Ancient Potion"},{"floor":3,"key":"Fire Potion"},{"floor":13,"key":"SteroidPotion"}],"is_trial":false,"path_per_floor":["M","$","?","$","M","E","R","E","T","R","?","?","M","M","R","B"],"character_chosen":"IRONCLAD","items_purchased":["Feel No Pain"],"campfire_rested":1,"item_purchase_floors":[2],"current_hp_per_floor":[74,74,74,74,75,75,75,47,47,47,21,21,18,18,40,8],"gold":206,"neow_bonus":"THREE_ENEMY_KILL","is_prod":false,"is_daily":false,"chose_seed":false,"campfire_upgraded":2,"win_rate":0,"timestamp":1553768970,"path_taken":["M","$","?","$","?","E","R","E","T","R","?","?","?","M","R","BOSS"],"build_version":"2019-01-23","purchased_purges":0,"victory":false,"max_hp_per_floor":[75,75,75,75,75,75,75,75,75,75,75,75,75,75,75,75],"card_choices":[{"not_picked":["Hemokinesis","Clash"],"picked":"Inflame","floor":1},{"not_picked":["Headbutt","Sword Boomerang"],"picked":"Corruption","floor":5},{"not_picked":["Sword Boomerang","Thunderclap"],"picked":"Feel No Pain","floor":6},{"not_picked":["Inflame","Sword Boomerang"],"picked":"Whirlwind","floor":8},{"not_picked":["Twin Strike","Pommel Strike"],"picked":"Spot Weakness","floor":13},{"not_picked":["Body Slam","Whirlwind","Warcry"],"picked":"SKIP","floor":14},{"not_picked":["Carnage","Warcry"],"picked":"Reaper","floor":15}],"player_experience":2683462,"relics_obtained":[{"floor":6,"key":"Dream Catcher"},{"floor":8,"key":"Incense Burner"},{"floor":9,"key":"Vajra"}],"event_choices":[{"damage_healed":0,"gold_gain":0,"player_choice":"Got Potions","damage_taken":0,"max_hp_gain":0,"max_hp_loss":0,"event_name":"Lab","floor":3,"gold_loss":0},{"damage_healed":0,"gold_gain":0,"player_choice":"Take Damage","damage_taken":26,"relics_obtained":["Golden Idol"],"max_hp_gain":0,"max_hp_loss":0,"event_name":"Golden Idol","floor":11,"gold_loss":0},{"damage_healed":0,"gold_gain":0,"player_choice":"Upgraded","damage_taken":0,"max_hp_gain":0,"max_hp_loss":0,"event_name":"Upgrade Shrine","floor":12,"gold_loss":0,"cards_upgraded":["Inflame"]}],"is_beta":false,"boss_relics":[],"items_purged_floors":[],"is_endless":false,"potions_floor_spawned":[1,13],"killed_by":"The Guardian","ascension_level":20}