{"gold_per_floor":[114,133,133,90,15,15,343,343,343,353,386,386,386,402,402,477,477,496,496,546,546,42,42,57,88,88,88,88,102,102,17,17,96,96,110,385,400,418,318,318,336,336,336,354,368,393,299,299,299,299,299],"floor_reached":51,"playtime":1923,"items_purged":["Strike_R","Regret"],"score":1477,"play_id":"19c056fb-0734-4cb3-bbcd-6cdf003f86fd","local_time":"20190401131638","is_ascension_mode":true,"campfire_choices":[{"data":"Carnage","floor":6.0,"key":"SMITH"},{"data":"Bash","floor":8.0,"key":"SMITH"},{"data":"Evolve","floor":13.0,"key":"SMITH"},{"data":"Second Wind","floor":15.0,"key":"SMITH"},{"data":"Shrug It Off","floor":23,"key":"SMITH"},{"data":"Ghostly Armor","floor":27,"key":"SMITH"},{"data":"Battle Trance","floor":32,"key":"SMITH"},{"floor":40,"key":"RECALL"},{"data":"Defend_R","floor":42,"key":"SMITH"},{"data":"Discovery","floor":49,"key":"SMITH"}],"neow_cost":"NONE","seed_source_timestamp":265466627765600,"circlet_count":0,"master_deck":["AscendersBane","Strike_R","Strike_R+1","Defend_R+1","Defend_R","Defend_R","Defend_R+1","Bash+1","Carnage+1","Evolve+1","Second Wind+1","Ghostly Armor+1","Body Slam+1","Immolate+1","Reaper+1","Shrug It Off+1","Battle Trance+1","Feed+1","Disarm+1","Dual Wield+1","Flame Barrier+1","True Grit+1","Power Through","Shrug It Off","Discovery+1"],"special_seed":0,"relics":["Burning Blood","NeowsBlessing","Old Coin","Shuriken","Molten Egg 2","Sozu","Pantograph","Bag of Marbles","Mango","FossilizedHelix","Darkstone Periapt","Coffee Dripper","Mummified Hand"],"potions_floor_usage":[],"damage_taken":[{"damage":0.0,"enemies":"Jaw Worm","floor":1.0,"turns":1.0},{"damage":0.0,"enemies":"2 Louse","floor":2.0,"turns":1.0},{"damage":0.0,"enemies":"Gremlin Nob","floor":7.0,"turns":1.0},{"damage":0.0,"enemies":"Small Slimes","floor":10.0,"turns":2.0},{"damage":20.0,"enemies":"3 Sentries","floor":11.0,"turns":6.0},{"damage":0.0,"enemies":"Looter","floor":14.0,"turns":2.0},{"damage":28.0,"enemies":"Hexaghost","floor":16.0,"turns":8.0},{"damage":15.0,"enemies":"2 Thieves","floor":18.0,"turns":3.0},{"damage":17,"enemies":"Spheric Guardian","floor":24,"turns":4},{"damage":35,"enemies":"Gremlin Leader","floor":25,"turns":6},{"damage":0,"enemies":"Shelled Parasite and Fungi","floor":29,"turns":3},{"damage":19,"enemies":"Automaton","floor":33,"turns":10},{"damage":0,"enemies":"Orb Walker","floor":35,"turns":5},{"damage":13,"enemies":"3 Darklings","floor":37,"turns":5},{"damage":13,"enemies":"4 Shapes","floor":38,"turns":4},{"damage":32,"enemies":"Jaw Worm Horde","floor":41,"turns":6},{"damage":29,"enemies":"Spire Growth","floor":44,"turns":5},{"damage":0,"enemies":"Sphere and 2 Shapes","floor":45,"turns":5},{"damage":34,"enemies":"Nemesis","floor":46,"turns":7},{"damage":42,"enemies":"Awakened One","floor":50,"turns":21},{"damage":142,"enemies":"Donu and Deca","floor":51,"turns":11}],"seed_played":"2645140131504571081","potions_obtained":[{"floor":10.0,"key":"Poison Potion"},{"floor":16.0,"key":"Fire Potion"}],"is_trial":false,"path_per_floor":["M","M","?","$","$","R","E","R","T","M","E","?","R","M","R","B",null,"M","?","?","?","$","R","M","E","T","R","$","M","?","?","R","B",null,"M","?","M","M","$","R","M","R","T","M","M","E","$","$","R","B","B"],"character_chosen":"IRONCLAD","items_purchased":["Second Wind","Pantograph","Bag of Marbles","Shrug It Off","Discovery"],"campfire_rested":0,"item_purchase_floors":[4,22,22,22,47],"current_hp_per_floor":[74,75,52,52,52,52,58,58,58,64,50,50,50,56,56,34,65,60,60,60,60,60,60,49,44,44,44,44,52,52,52,52,73,85,93,99,103,107,107,107,105,105,105,95,115,91,91,91,91,98,0],"gold":299,"neow_bonus":"THREE_ENEMY_KILL","is_prod":false,"is_daily":false,"chose_seed":false,"campfire_upgraded":9,"win_rate":0,"timestamp":1554092198,"path_taken":["M","M","?","?","$","R","E","R","T","M","E","?","R","M","R","BOSS","M","?","?","?","$","R","M","E","T","R","?","M","?","?","R","BOSS","M","?","M","M","$","R","M","R","T","M","M","E","?","$","R","BOSS","BOSS"],"build_version":"2019-01-23","purchased_purges":2,"victory":false,"max_hp_per_floor":[75,75,75,75,75,75,75,75,75,75,75,75,75,75,75,75,75,75,75,75,75,75,75,75,89,89,89,89,89,89,89,89,89,89,93,99,103,107,107,107,119,119,119,123,131,135,135,135,135,139,139],"card_choices":[{"not_picked":["Flex","Pommel Strike"],"picked":"Carnage","floor":1.0},{"not_picked":["Warcry","Sword Boomerang"],"picked":"Evolve","floor":2.0},{"not_picked":["Heavy Blade","Headbutt"],"picked":"Ghostly Armor","floor":7.0},{"not_picked":["Clothesline","Thunderclap","Headbutt"],"picked":"SKIP","floor":10.0},{"not_picked":["Clash","Wild Strike"],"picked":"Body Slam","floor":11.0},{"not_picked":["Thunderclap+1","Rage"],"picked":"Immolate+1","floor":14.0},{"not_picked":["Berserk","Immolate+1"],"picked":"Reaper+1","floor":16.0},{"not_picked":["Ghostly Armor","Iron Wave+1","Flex"],"picked":"SKIP","floor":18.0},{"not_picked":["Hemokinesis+1","Pommel Strike+1","Headbutt+1"],"picked":"SKIP","floor":24},{"not_picked":["Anger+1","Pummel+1","Twin Strike+1"],"picked":"SKIP","floor":25},{"not_picked":["Cleave+1","Clash+1"],"picked":"Battle Trance","floor":29},{"not_picked":["Fiend Fire+1","Dark Embrace"],"picked":"Feed+1","floor":33},{"not_picked":["Clothesline+1","Anger+1"],"picked":"Disarm+1","floor":35},{"not_picked":["Perfected Strike+1","Clash+1"],"picked":"Dual Wield+1","floor":37},{"not_picked":["Cleave+1","Anger+1"],"picked":"Flame Barrier+1","floor":38},{"not_picked":["Twin Strike+1","Carnage+1"],"picked":"True Grit+1","floor":41},{"not_picked":["Iron Wave+1","Anger+1"],"picked":"Power Through","floor":44},{"not_picked":["Twin Strike+1","Flame Barrier"],"picked":"Shrug It Off","floor":45},{"not_picked":["Pommel Strike+1","Battle Trance","Hemokinesis+1"],"picked":"SKIP","floor":46}],"player_experience":2796082,"relics_obtained":[{"floor":7.0,"key":"Old Coin"},{"floor":9.0,"key":"Shuriken"},{"floor":11.0,"key":"Molten Egg 2"},{"floor":25,"key":"Mango"},{"floor":26,"key":"FossilizedHelix"},{"floor":46,"key":"Mummified Hand"}],"event_choices":[{"damage_healed":0.0,"max_hp_gain":0.0,"max_hp_loss":0.0,"gold_gain":0.0,"event_name":"Shining Light","player_choice":"Entered Light","floor":3.0,"gold_loss":0.0,"damage_taken":23.0,"cards_upgraded":["Strike_R","Defend_R"]},{"cards_removed":["Strike_R"],"damage_healed":0.0,"max_hp_gain":0.0,"max_hp_loss":0.0,"gold_gain":0.0,"event_name":"Living Wall","player_choice":"Forget","floor":12.0,"gold_loss":0.0,"damage_taken":0.0},{"cards_removed":["Strike_R"],"damage_healed":0.0,"max_hp_gain":0.0,"max_hp_loss":0.0,"gold_gain":0.0,"event_name":"Back to Basics","player_choice":"Elegance","floor":19.0,"gold_loss":0.0,"damage_taken":0.0},{"damage_healed":0.0,"max_hp_gain":0.0,"max_hp_loss":0.0,"gold_gain":50.0,"event_name":"Nest","player_choice":"Stole From Cult","floor":20.0,"gold_loss":0.0,"damage_taken":0.0},{"damage_healed":0.0,"max_hp_gain":0.0,"max_hp_loss":0.0,"gold_gain":0.0,"event_name":"Ghosts","player_choice":"Ignored","floor":21.0,"gold_loss":0.0,"damage_taken":0.0},{"damage_healed":0,"gold_gain":0,"player_choice":"Ignored","damage_taken":0,"max_hp_gain":0,"max_hp_loss":0,"event_name":"The Mausoleum","floor":30,"gold_loss":0},{"damage_healed":0,"gold_gain":0,"player_choice":"Obtained Relic","damage_taken":0,"relics_obtained":["Darkstone Periapt"],"max_hp_gain":0,"max_hp_loss":0,"event_name":"Addict","floor":31,"gold_loss":85},{"damage_healed":0,"gold_gain":275,"player_choice":"Desecrate","damage_taken":0,"max_hp_gain":0,"max_hp_loss":0,"event_name":"Golden Shrine","floor":36,"gold_loss":0,"cards_obtained":["Regret"]}],"is_beta":false,"boss_relics":[{"not_picked":["Eternal Feather","Black Star"],"picked":"Sozu"},{"not_picked":["Busted Crown","Lizard Tail"],"picked":"Coffee Dripper"}],"items_purged_floors":[5,39],"is_endless":false,"potions_floor_spawned":[10,16,18,29,33,37,38,44,46],"killed_by":"Donu and Deca","ascension_level":20}