{"gold_per_floor":[115,46,56,56,56,56,71,71,97,97,177,177,177,194,194,194],"floor_reached":16,"playtime":369,"items_purged":[],"score":113,"play_id":"a4780fa2-8c64-4914-afc1-573a49bfd5b7","local_time":"20180919190934","is_ascension_mode":true,"campfire_choices":[{"data":"Bash","floor":6,"key":"SMITH"},{"data":"Carnage","floor":8,"key":"SMITH"},{"data":"Corruption","floor":10,"key":"SMITH"},{"data":"Pommel Strike","floor":12,"key":"SMITH"},{"data":"Armaments","floor":15,"key":"SMITH"}],"neow_cost":"NONE","seed_source_timestamp":544718644894776,"circlet_count":0,"master_deck":["Strike_R","Strike_R","Strike_R","Strike_R","Strike_R","Defend_R","Defend_R","Defend_R","Defend_R","Bash+1","Burning Pact","Carnage+1","Corruption+1","Pommel Strike+1","Armaments+1"],"relics":["Burning Blood","NeowsBlessing","Letter Opener","Boot"],"potions_floor_usage":[13],"damage_taken":[{"damage":0,"enemies":"Cultist","floor":1,"turns":1},{"damage":0,"enemies":"Small Slimes","floor":3,"turns":1},{"damage":6,"enemies":"2 Louse","floor":7,"turns":2},{"damage":0,"enemies":"Exordium Wildlife","floor":13,"turns":1},{"damage":20,"enemies":"Large Slime","floor":14,"turns":7},{"damage":69,"enemies":"Hexaghost","floor":16,"turns":9}],"seed_played":"-9013752363860727548","potions_obtained":[{"floor":7,"key":"SmokeBomb"}],"is_trial":false,"path_per_floor":["M","$","M","?","?","R","M","R","T","R","?","R","M","M","R"],"character_chosen":"IRONCLAD","items_purchased":["Carnage"],"campfire_rested":0,"item_purchase_floors":[2],"current_hp_per_floor":[80,80,80,68,73,73,73,73,73,73,73,73,79,65,65,0],"gold":194,"neow_bonus":"THREE_ENEMY_KILL","is_prod":false,"is_daily":false,"chose_seed":false,"campfire_upgraded":5,"win_rate":0,"timestamp":1537398574,"path_taken":["M","?","?","?","?","R","M","R","T","R","?","R","?","M","R","BOSS"],"build_version":"2018-09-06","purchased_purges":0,"victory":false,"max_hp_per_floor":[80,80,80,80,85,85,85,85,85,85,85,85,85,85,85,85],"card_choices":[{"not_picked":["Perfected Strike","Thunderclap"],"picked":"Burning Pact","floor":1},{"not_picked":["Sword Boomerang","Heavy Blade"],"picked":"Corruption","floor":3},{"not_picked":["Havoc","Ghostly Armor"],"picked":"Pommel Strike","floor":7},{"not_picked":["Clash","Wild Strike"],"picked":"Armaments","floor":14}],"player_experience":128344,"relics_obtained":[{"floor":9,"key":"Boot"}],"event_choices":[{"event_name":"Scrap Ooze","player_choice":"success","floor":4,"damage_taken":12},{"event_name":"Big Fish","player_choice":"Donut","floor":5,"damage_taken":0},{"event_name":"Golden Wing","player_choice":"Gained Gold","floor":11,"damage_taken":0}],"is_beta":false,"boss_relics":[],"items_purged_floors":[],"is_endless":false,"potions_floor_spawned":[7,13],"killed_by":"Hexaghost","ascension_level":5}