{"gold_per_floor":[116,116,129,129,129,129,172,137,160,160,193,26,57,157,157,277,277,297,320,222,222,237,268,268,303,348,348,62,73,173,184,184,184],"floor_reached":33,"playtime":1554,"items_purged":["Defend_R","Defend_R"],"score":366,"play_id":"ec88da71-abaa-4cef-911f-51266a0481ff","local_time":"20181126202929","is_ascension_mode":true,"campfire_choices":[{"floor":6.0,"key":"REST"},{"data":"Anger","floor":10.0,"key":"SMITH"},{"floor":15.0,"key":"REST"},{"floor":24.0,"key":"REST"},{"floor":32,"key":"REST"}],"neow_cost":"NONE","seed_source_timestamp":200338657753040,"circlet_count":0,"master_deck":["Strike_R","Strike_R+1","Strike_R+1","Strike_R","Strike_R","Defend_R+1","Defend_R","Bash+1","Clash","Anger+1","Anger","Dramatic Entrance","Anger","Clash","Flex+1","Iron Wave","Flame Barrier","Rage","Shrug It Off","Second Wind+1","Dual Wield","Reckless Charge"],"special_seed":0,"relics":["Burning Blood","Whetstone","Bloody Idol","The Courier","Boot","Singing Bowl","Turnip","Black Star","War Paint","Juzu Bracelet","Lantern","Dream Catcher","Blood Vial","Dead Branch","Regal Pillow"],"potions_floor_usage":[33],"damage_taken":[{"damage":0.0,"enemies":"Small Slimes","floor":1.0,"turns":3.0},{"damage":6.0,"enemies":"Jaw Worm","floor":3.0,"turns":3.0},{"damage":25.0,"enemies":"3 Sentries","floor":7.0,"turns":9.0},{"damage":9.0,"enemies":"Lagavulin","floor":11.0,"turns":4.0},{"damage":22.0,"enemies":"3 Sentries","floor":13.0,"turns":6.0},{"damage":0.0,"enemies":"Slime Boss","floor":16.0,"turns":6.0},{"damage":5.0,"enemies":"3 Byrds","floor":18.0,"turns":5.0},{"damage":5.0,"enemies":"Spheric Guardian","floor":19.0,"turns":3.0},{"damage":23.0,"enemies":"3 Cultists","floor":22.0,"turns":5.0},{"damage":27.0,"enemies":"Slavers","floor":23.0,"turns":5.0},{"damage":75.0,"enemies":"Gremlin Leader","floor":25.0,"turns":9.0},{"damage":5.0,"enemies":"Snake Plant","floor":29.0,"turns":2.0},{"damage":1,"enemies":"Shelled Parasite and Fungi","floor":31,"turns":3},{"damage":92,"enemies":"Collector","floor":33,"turns":7}],"seed_played":"-4480301601000349774","potions_obtained":[{"floor":1.0,"key":"AttackPotion"},{"floor":7.0,"key":"Block Potion"},{"floor":23.0,"key":"SpeedPotion"},{"floor":25.0,"key":"EssenceOfSteel"},{"floor":29.0,"key":"FearPotion"}],"is_trial":false,"path_per_floor":["M","?","M","?","?","R","E","?","T","R","E","$","E","?","R","B",null,"M","M","$","?","M","E","R","E","T","T","$","M","?","M","R","B"],"character_chosen":"IRONCLAD","items_purchased":["Dramatic Entrance","Anger","Iron Wave","Regal Pillow","Block Potion","Flame Barrier","Rage","Shrug It Off"],"campfire_rested":4,"item_purchase_floors":[12,12,20,28,28,28,28,28],"current_hp_per_floor":[80,80,80,80,60,80,61,80,80,80,77,77,63,63,82,84,84,84,84,84,84,74,60,86,24,29,29,29,37,42,54,90,0],"gold":184,"neow_bonus":"RANDOM_COMMON_RELIC","is_prod":false,"is_daily":false,"chose_seed":false,"campfire_upgraded":1,"win_rate":0,"timestamp":1543256969,"path_taken":["M","?","M","?","?","R","E","?","T","R","E","$","E","?","R","BOSS","M","?","$","?","M","E","R","E","T","?","$","M","?","M","R","BOSS"],"build_version":"2018-11-15","purchased_purges":2,"victory":false,"max_hp_per_floor":[80,80,80,80,80,80,80,80,80,80,80,80,82,82,82,84,84,84,84,84,84,86,88,88,90,90,90,90,90,90,90,90,90],"card_choices":[{"not_picked":["Searing Blow","Shrug It Off","Bloodletting"],"picked":"SKIP","floor":1.0},{"not_picked":["Burning Pact","Thunderclap"],"picked":"Clash","floor":3.0},{"not_picked":["Flex","Armaments"],"picked":"Anger","floor":7.0},{"not_picked":["Clothesline","Twin Strike"],"picked":"Anger","floor":11.0},{"not_picked":["Demon Form","Entrench","Dropkick"],"picked":"Singing Bowl","floor":13.0},{"not_picked":["Reaper","Offering","Impervious"],"picked":"Singing Bowl","floor":16.0},{"not_picked":["Perfected Strike+1","Armaments+1"],"picked":"Clash","floor":18.0},{"not_picked":["Sentinel+1","Thunderclap"],"picked":"Flex","floor":19.0},{"not_picked":["True Grit","Juggernaut","Reckless Charge"],"picked":"Singing Bowl","floor":22.0},{"not_picked":["Thunderclap","True Grit","Body Slam"],"picked":"Singing Bowl","floor":23.0},{"not_picked":["Clothesline","Sever Soul","Pommel Strike"],"picked":"Singing Bowl","floor":25.0},{"not_picked":["Double Tap","Armaments"],"picked":"Second Wind+1","floor":29.0},{"not_picked":["Power Through","Clash"],"picked":"Dual Wield","floor":31},{"not_picked":["Combust","Heavy Blade"],"picked":"Reckless Charge","floor":32}],"player_experience":798093,"relics_obtained":[{"floor":7.0,"key":"The Courier"},{"floor":9.0,"key":"Boot"},{"floor":11.0,"key":"Singing Bowl"},{"floor":13.0,"key":"Turnip"},{"floor":23.0,"key":"War Paint"},{"floor":23.0,"key":"Juzu Bracelet"},{"floor":25.0,"key":"Lantern"},{"floor":25.0,"key":"Dream Catcher"},{"floor":26.0,"key":"Blood Vial"},{"floor":27.0,"key":"Dead Branch"}],"event_choices":[{"damage_healed":0.0,"max_hp_gain":0.0,"max_hp_loss":0.0,"gold_gain":0.0,"event_name":"Living Wall","player_choice":"Grow","floor":2.0,"gold_loss":0.0,"damage_taken":0.0,"cards_upgraded":["Bash"]},{"damage_healed":0.0,"max_hp_gain":0.0,"max_hp_loss":0.0,"gold_gain":0.0,"event_name":"Shining Light","player_choice":"Ignored","floor":4.0,"gold_loss":0.0,"damage_taken":0.0},{"damage_healed":0.0,"max_hp_gain":0.0,"max_hp_loss":0.0,"gold_gain":0.0,"event_name":"Golden Idol","player_choice":"Take Damage","floor":5.0,"gold_loss":0.0,"damage_taken":20.0,"relics_obtained":["Golden Idol"]},{"damage_healed":20.0,"max_hp_gain":0.0,"max_hp_loss":0.0,"gold_gain":0.0,"event_name":"The Cleric","player_choice":"Healed","floor":8.0,"gold_loss":35.0,"damage_taken":0.0},{"damage_healed":0.0,"max_hp_gain":0.0,"max_hp_loss":0.0,"gold_gain":100.0,"event_name":"Golden Shrine","player_choice":"Pray","floor":14.0,"gold_loss":0.0,"damage_taken":0.0},{"damage_healed":0.0,"max_hp_gain":0.0,"max_hp_loss":0.0,"gold_gain":0.0,"event_name":"Forgotten Altar","player_choice":"Gave Idol","floor":21.0,"relics_lost":["Golden Idol"],"gold_loss":0.0,"damage_taken":0.0,"relics_obtained":["Bloody Idol"]},{"damage_healed":0.0,"max_hp_gain":0.0,"max_hp_loss":0.0,"gold_gain":100.0,"event_name":"Golden Shrine","player_choice":"Pray","floor":30.0,"gold_loss":0.0,"damage_taken":0.0}],"is_beta":false,"boss_relics":[{"not_picked":["Calling Bell","Ectoplasm"],"picked":"Black Star"}],"items_purged_floors":[12,20],"is_endless":false,"potions_floor_spawned":[1,7,23,25,29],"killed_by":"Collector","ascension_level":1}