{"gold_per_floor":[13,31,43,57,69,101,101,132,132,132,167,247,267,287,287,388,388,399,399,411,10,10,43,43,60,83,116,116,133,143,18,18,18],"floor_reached":33,"playtime":3837,"items_purged":[],"score":340,"play_id":"f0a0435e-14ab-4912-9613-98729e543962","local_time":"20180714205345","is_ascension_mode":true,"campfire_choices":[{"floor":7,"key":"REST"},{"floor":10,"key":"REST"},{"floor":15,"key":"REST"},{"floor":24,"key":"REST"},{"floor":28,"key":"REST"},{"floor":32,"key":"REST"}],"neow_cost":"NO_GOLD","seed_source_timestamp":775592835704296,"circlet_count":0,"master_deck":["Defend_G","Defend_G","Defend_G","Defend_G","Defend_G","Strike_G","Strike_G","Strike_G","Strike_G","Strike_G","Survivor","Neutralize","Underhanded Strike","Acrobatics","All Out Attack","Deflect","Calculated Gamble","All Out Attack","PiercingWail","Backstab","Tactician","Concentrate","Acrobatics","Prepared","Unload","Slice","Underhanded Strike","Tools of the Trade","Distraction","Underhanded Strike","Acrobatics"],"relics":["Ring of the Snake","Bird Faced Urn","Happy Flower","Bronze Scales","Letter Opener","Pear","Lizard Tail","Shuriken","CultistMask","Bottled Flame","Boot","The Specimen"],"potions_floor_usage":[8,11,16,18,23,30,33],"damage_taken":[{"damage":0,"enemies":"Cultist","floor":1,"turns":4},{"damage":6,"enemies":"Small Slimes","floor":2,"turns":5},{"damage":0,"enemies":"Jaw Worm","floor":3,"turns":3},{"damage":9,"enemies":"Blue Slaver","floor":4,"turns":3},{"damage":2,"enemies":"Looter","floor":5,"turns":3},{"damage":11,"enemies":"3 Sentries","floor":6,"turns":7},{"damage":27,"enemies":"Lagavulin","floor":8,"turns":7},{"damage":8,"enemies":"3 Sentries","floor":11,"turns":4},{"damage":0,"enemies":"Gremlin Gang","floor":13,"turns":1},{"damage":0,"enemies":"Large Slime","floor":14,"turns":3},{"damage":69,"enemies":"Hexaghost","floor":16,"turns":11},{"damage":12,"enemies":"Shell Parasite","floor":18,"turns":5},{"damage":22,"enemies":"2 Thieves","floor":20,"turns":5},{"damage":53,"enemies":"Book of Stabbing","floor":23,"turns":6},{"damage":6,"enemies":"Cultist and Chosen","floor":25,"turns":6},{"damage":13,"enemies":"Gremlin Leader","floor":27,"turns":8},{"damage":15,"enemies":"Centurion and Healer","floor":29,"turns":5},{"damage":22,"enemies":"Snecko","floor":30,"turns":5},{"damage":78,"enemies":"Champ","floor":33,"turns":9}],"seed_played":"5666440860102475601","potions_obtained":[{"floor":2,"key":"GamblersBrew"},{"floor":4,"key":"SteroidPotion"},{"floor":5,"key":"SpeedPotion"},{"floor":11,"key":"SteroidPotion"},{"floor":16,"key":"Block Potion"},{"floor":20,"key":"Ancient Potion"},{"floor":27,"key":"SneckoOil"},{"floor":29,"key":"Strength Potion"},{"floor":30,"key":"Explosive Potion"}],"is_trial":false,"path_per_floor":["M","M","M","M","M","E","R","E","T","R","E","?","M","M","R","B",null,"M","?","M","$","?","E","R","M","T","E","R","M","M","$","R"],"character_chosen":"THE_SILENT","items_purchased":["Unload","Shuriken","Underhanded Strike","Acrobatics","Block Potion"],"campfire_rested":6,"item_purchase_floors":[21,21,31,31,31],"current_hp_per_floor":[70,64,64,55,53,42,63,36,36,57,59,59,59,59,80,11,80,68,68,46,46,46,40,64,58,58,45,69,56,36,36,60,0],"gold":18,"neow_bonus":"ONE_RARE_RELIC","is_prod":false,"is_daily":false,"chose_seed":false,"campfire_upgraded":0,"win_rate":0,"timestamp":1531590825,"path_taken":["M","M","M","?","M","E","R","E","T","R","E","?","?","M","R","BOSS","M","?","M","$","?","E","R","M","T","E","R","M","M","$","R","BOSS"],"build_version":"2018-07-12","purchased_purges":0,"victory":false,"max_hp_per_floor":[70,70,70,70,70,70,70,70,70,70,80,80,80,80,80,80,80,80,80,80,80,80,80,80,80,80,80,80,80,80,80,80,80],"card_choices":[{"not_picked":["Outmaneuver","Predator"],"picked":"Underhanded Strike","floor":1},{"not_picked":["Prepared","Flying Knee"],"picked":"Acrobatics","floor":2},{"not_picked":["Die Die Die","Blade Dance"],"picked":"All Out Attack","floor":3},{"not_picked":["Poisoned Stab","Expertise"],"picked":"Deflect","floor":4},{"not_picked":["All Out Attack","Escape Plan"],"picked":"Calculated Gamble","floor":5},{"not_picked":["PiercingWail","Outmaneuver","Flechettes"],"picked":"SKIP","floor":6},{"not_picked":["Dash","Bane"],"picked":"All Out Attack","floor":8},{"not_picked":["Corpse Explosion","PiercingWail","Quick Slash"],"picked":"SKIP","floor":11},{"not_picked":["Noxious Fumes","Flying Knee"],"picked":"PiercingWail","floor":13},{"not_picked":["Flying Knee","Phantasmal Killer"],"picked":"Backstab","floor":14},{"not_picked":["Night Terror","After Image"],"picked":"Tactician","floor":16},{"not_picked":["Bane","Bouncing Flask"],"picked":"Concentrate","floor":18},{"not_picked":["Deadly Poison+1","Backflip"],"picked":"Prepared","floor":20},{"not_picked":["Crippling Poison+1","Quick Slash"],"picked":"Slice","floor":23},{"not_picked":["Bane","Infinite Blades+1"],"picked":"Underhanded Strike","floor":25},{"not_picked":["Backflip","After Image"],"picked":"Tools of the Trade","floor":27},{"not_picked":["Riddle With Holes","Finisher+1"],"picked":"Distraction","floor":29},{"not_picked":["Setup","Outmaneuver","Bane"],"picked":"SKIP","floor":30}],"player_experience":571808,"relics_obtained":[{"floor":6,"key":"Happy Flower"},{"floor":8,"key":"Bronze Scales"},{"floor":9,"key":"Letter Opener"},{"floor":11,"key":"Pear"},{"floor":23,"key":"Bottled Flame"},{"floor":26,"key":"Boot"},{"floor":27,"key":"The Specimen"}],"event_choices":[{"event_name":"Golden Wing","player_choice":"Gained Gold","floor":12,"damage_taken":0},{"event_name":"The Library","player_choice":"Read","floor":19,"damage_taken":0},{"event_name":"FaceTrader","player_choice":"Trade","floor":22,"damage_taken":0}],"boss_relics":[{"not_picked":["Coffee Dripper","Astrolabe"],"picked":"Lizard Tail"}],"items_purged_floors":[],"is_endless":false,"potions_floor_spawned":[2,4,5,11,16,20,27,29,30],"killed_by":"Champ","ascension_level":2}