{"gold_per_floor":[117,117,117,136,136,136,174,192,192,162,162,5,38,54,54,152,152,175,195,195,195,195],"floor_reached":22,"playtime":487,"items_purged":[],"score":434,"play_id":"59e98045-d2d1-4019-aff5-8106f7a464a8","local_time":"20190211175305","is_ascension_mode":true,"campfire_choices":[{"data":"Zap","floor":6,"key":"SMITH"},{"data":"Sunder","floor":11,"key":"SMITH"},{"data":"Dualcast","floor":15,"key":"SMITH"}],"neow_cost":"NONE","seed_source_timestamp":517272343318500,"circlet_count":0,"master_deck":["AscendersBane","Zap+1","Dualcast+1","Gash","Ball Lightning","Sunder+1","Panacea","Gash","Buffer","Chill","All For One","Beam Cell","Reinforced Body","Rainbow","Reprogram","Go for the Eyes","Electrodynamics","Reinforced Body","Consume","Turbo","Self Repair","Writhe"],"relics":["Cracked Core","NeowsBlessing","Golden Idol","Ornamental Fan","Kunai","Centennial Puzzle","Pandora\u0027s Box","Omamori"],"potions_floor_usage":[8,16,21,22],"damage_taken":[{"damage":0,"enemies":"Small Slimes","floor":1,"turns":1},{"damage":0,"enemies":"Jaw Worm","floor":4,"turns":1},{"damage":0,"enemies":"Lagavulin","floor":7,"turns":1},{"damage":0,"enemies":"Cultist","floor":8,"turns":3},{"damage":28,"enemies":"Gremlin Nob","floor":13,"turns":4},{"damage":0,"enemies":"Large Slime","floor":14,"turns":4},{"damage":25,"enemies":"Hexaghost","floor":16,"turns":9},{"damage":10,"enemies":"3 Byrds","floor":18,"turns":3},{"damage":15,"enemies":"2 Thieves","floor":19,"turns":2},{"damage":27,"enemies":"Colosseum Slavers","floor":21,"turns":3},{"damage":14,"enemies":"Centurion and Healer","floor":22,"turns":1}],"seed_played":"-6568891198246915228","potions_obtained":[{"floor":1,"key":"Swift Potion"},{"floor":8,"key":"Fruit Juice"},{"floor":10,"key":"Regen Potion"},{"floor":19,"key":"FocusPotion"}],"is_trial":false,"path_per_floor":["M","$","?","M","?","R","E","M","T","?","R","$","E","M","R","B",null,"M","M","?","?","M"],"character_chosen":"DEFECT","items_purchased":["Panacea","Gash"],"campfire_rested":0,"item_purchase_floors":[12,12],"current_hp_per_floor":[64,64,64,64,64,64,64,69,69,69,69,69,41,41,41,16,56,46,31,31,13,0],"gold":195,"neow_bonus":"THREE_ENEMY_KILL","is_prod":false,"is_daily":false,"chose_seed":false,"campfire_upgraded":3,"win_rate":0,"timestamp":1549875185,"path_taken":["M","$","?","M","?","R","E","M","T","?","R","$","E","M","R","BOSS","M","M","?","?","M"],"build_version":"2019-01-23","purchased_purges":0,"victory":false,"max_hp_per_floor":[71,71,64,64,64,64,64,69,69,69,69,69,69,69,69,69,69,69,69,69,69,69],"card_choices":[{"not_picked":["Force Field","Hologram","Steam"],"picked":"SKIP","floor":1},{"not_picked":["Go for the Eyes","Stack"],"picked":"Gash","floor":4},{"not_picked":["Beam Cell","Hologram"],"picked":"Ball Lightning","floor":7},{"not_picked":["Ball Lightning","Steam Power"],"picked":"Sunder","floor":8},{"not_picked":["Turbo","Streamline"],"picked":"Buffer","floor":13},{"not_picked":["Hologram","Compile Driver"],"picked":"Chill","floor":14},{"not_picked":["Rainbow","Core Surge"],"picked":"All For One","floor":16},{"not_picked":["Aggregate","Redo"],"picked":"Turbo","floor":18},{"not_picked":["Conserve Battery","Scrape"],"picked":"Self Repair","floor":19}],"player_experience":1517763,"relics_obtained":[{"floor":7,"key":"Ornamental Fan"},{"floor":9,"key":"Kunai"},{"floor":13,"key":"Centennial Puzzle"}],"event_choices":[{"damage_healed":0,"gold_gain":0,"player_choice":"Lose Max HP","damage_taken":0,"relics_obtained":["Golden Idol"],"max_hp_gain":0,"max_hp_loss":7,"event_name":"Golden Idol","floor":3,"gold_loss":0},{"damage_healed":0,"gold_gain":0,"player_choice":"Leave","damage_taken":0,"max_hp_gain":0,"max_hp_loss":0,"event_name":"The Cleric","floor":5,"gold_loss":0},{"damage_healed":0,"gold_gain":0,"player_choice":"Bought 2 Potions","damage_taken":0,"max_hp_gain":0,"max_hp_loss":0,"event_name":"The Woman in Blue","floor":10,"gold_loss":0},{"damage_healed":0,"gold_gain":0,"player_choice":"Opened","damage_taken":0,"relics_obtained":["Omamori"],"max_hp_gain":0,"max_hp_loss":0,"event_name":"The Mausoleum","floor":20,"gold_loss":0,"cards_obtained":["Writhe"]},{"damage_healed":0,"gold_gain":0,"player_choice":"Fight","damage_taken":0,"max_hp_gain":0,"max_hp_loss":0,"event_name":"Colosseum","floor":21,"gold_loss":0},{"damage_healed":0,"gold_gain":0,"player_choice":"Fled From Nobs","damage_taken":0,"max_hp_gain":0,"max_hp_loss":0,"event_name":"Colosseum","floor":21,"gold_loss":0}],"is_beta":false,"boss_relics":[{"not_picked":["Snecko Eye","Cursed Key"],"picked":"Pandora\u0027s Box"}],"items_purged_floors":[],"is_endless":false,"potions_floor_spawned":[1,8,19],"killed_by":"Centurion and Healer","ascension_level":20}