{"path_per_floor":["M","?","?","$","M","E","M","R","T","E","R","T","E","M","R","B",null,"M","M","M","M","$","R","E","R","T","E","?","R","$","E","R"],"character_chosen":"IRONCLAD","items_purchased":["Pommel Strike","Reaper"],"gold_per_floor":[117,117,117,42,61,86,97,97,124,150,150,150,176,193,193,295,295,312,329,346,358,212,212,245,245,245,280,280,280,18,52,52,52],"floor_reached":33,"campfire_rested":2,"playtime":1908,"current_hp_per_floor":[75,75,75,75,79,56,62,62,62,61,61,61,43,49,49,45,77,67,51,36,39,39,39,14,40,40,42,26,52,52,81,81,0],"items_purged":["Normality","Strike_R","Strike_R"],"gold":52,"score":449,"play_id":"15ac67e8-f6bf-4554-a6cc-a9e5c0d59c90","local_time":"20180401235009","is_prod":false,"is_daily":false,"is_ascension_mode":true,"campfire_upgraded":5,"timestamp":1522597809,"path_taken":["M","?","?","$","M","E","M","R","T","E","R","?","E","?","R","BOSS","M","M","M","M","?","R","E","R","T","E","?","R","$","E","R","BOSS"],"build_version":"2018-03-29","purchased_purges":3,"victory":false,"master_deck":["Strike_R","Strike_R","Strike_R","Defend_R","Defend_R","Defend_R+1","Defend_R+1","Bash","Thunderclap","Metallicize+1","Uppercut+1","Dropkick+1","Brutality","Iron Wave+1","Double Tap+1","Rampage+1","Dropkick+1","Pommel Strike+1","True Grit+1","Necronomicurse","Reaper+1","Feed+1"],"max_hp_per_floor":[80,80,80,80,80,80,80,80,80,87,87,87,87,87,87,87,87,87,87,87,87,87,87,87,87,87,87,87,87,87,87,87,87],"relics":["Burning Blood","Happy Flower","Dodecahedron","Bag of Preparation","Lantern","Strawberry","Molten Egg 2","Prayer Wheel","Sozu","Orichalcum","Bottled Tornado","War Paint","Necronomicon","Dream Catcher"],"card_choices":[{"not_picked":["Headbutt","Body Slam"],"picked":"Thunderclap","floor":1},{"not_picked":["Body Slam","True Grit"],"picked":"Uppercut","floor":5},{"not_picked":["Battle Trance","Cleave"],"picked":"Dropkick","floor":6},{"not_picked":["Body Slam","Infernal Blade"],"picked":"Brutality","floor":10},{"not_picked":["Thunderclap","Seeing Red"],"picked":"Iron Wave","floor":14},{"not_picked":["Immolate","Fiend Fire"],"picked":"Double Tap","floor":16},{"not_picked":["Iron Wave","Clothesline"],"picked":"Rampage","floor":18},{"not_picked":["Anger","Armaments"],"picked":"Dropkick","floor":19},{"not_picked":["Double Tap","Disarm"],"picked":"True Grit","floor":24},{"not_picked":["Uppercut","Sword Boomerang"],"picked":"Feed","floor":31}],"player_experience":216192,"potions_floor_usage":[13,16,33],"damage_taken":[{"damage":3,"enemies":"2 Louse","floor":1,"turns":3},{"damage":2,"enemies":"Cultist","floor":5,"turns":4},{"damage":29,"enemies":"Lagavulin","floor":6,"turns":6},{"damage":0,"enemies":"Small Slimes","floor":7,"turns":2},{"damage":14,"enemies":"3 Sentries","floor":10,"turns":7},{"damage":24,"enemies":"Lagavulin","floor":13,"turns":4},{"damage":0,"enemies":"Red Slaver","floor":14,"turns":2},{"damage":10,"enemies":"Slime Boss","floor":16,"turns":7},{"damage":16,"enemies":"2 Thieves","floor":18,"turns":4},{"damage":22,"enemies":"Spheric Guardian","floor":19,"turns":4},{"damage":21,"enemies":"Snake Plant","floor":20,"turns":5},{"damage":3,"enemies":"Cultist and Chosen","floor":21,"turns":5},{"damage":31,"enemies":"Slavers","floor":24,"turns":6},{"damage":4,"enemies":"Book of Stabbing","floor":27,"turns":4},{"damage":15,"enemies":"Gremlin Leader","floor":31,"turns":5},{"damage":106,"enemies":"Collector","floor":33,"turns":7}],"event_choices":[{"event_name":"Accursed Blacksmith","player_choice":"Rummage","floor":2,"damage_taken":0},{"event_name":"Match and Keep!","player_choice":"1 cards matched","floor":3,"damage_taken":0},{"event_name":"Cursed Tome","player_choice":"Obtained Book","floor":28,"damage_taken":0}],"boss_relics":[{"not_picked":["Runic Dome","Black Star"],"picked":"Sozu"}],"potions_floor_spawned":[7,10,13,16,21,24,31],"seed_played":"2220950450807562757","killed_by":"Collector","ascension_level":8,"is_trial":false}