{"gold_per_floor":[109,109,119,30,40,40,74,74,101,101,112,112,141,86,86,157,157,176,176,139,151,19,19,51,51,51,51],"floor_reached":27,"playtime":1002,"items_purged":[],"score":462,"play_id":"197eec64-2e32-4080-9adf-67f245ffe154","local_time":"20190418185525","is_ascension_mode":true,"campfire_choices":[{"floor":6.0,"key":"REST"},{"floor":8.0,"key":"REST"},{"data":"Static Discharge","floor":10.0,"key":"SMITH"},{"floor":15.0,"key":"REST"},{"data":"White Noise","floor":23,"key":"SMITH"},{"floor":25,"key":"REST"}],"neow_cost":"NONE","seed_source_timestamp":609323640328574,"circlet_count":0,"master_deck":["AscendersBane","Strike_B+1","Strike_B+1","Strike_B+1","Strike_B+1","Defend_B+1","Defend_B+1","Defend_B+1","Defend_B+1","Zap","Dualcast","Ball Lightning","Static Discharge+1","Capacitor","Self Repair","Electrodynamics","Loop","Steam","Thunder Strike","Steam+1","Defragment","White Noise+1","Loop","Cold Snap"],"special_seed":0,"relics":["Cracked Core","Juzu Bracelet","Dead Branch","Lantern","Matryoshka","Letter Opener","Toxic Egg 2","Frozen Egg 2"],"potions_floor_usage":[16,21,27],"damage_taken":[{"damage":4.0,"enemies":"Small Slimes","floor":1.0,"turns":3.0},{"damage":2.0,"enemies":"Jaw Worm","floor":3.0,"turns":3.0},{"damage":7.0,"enemies":"2 Louse","floor":5.0,"turns":2.0},{"damage":30.0,"enemies":"Lagavulin","floor":7.0,"turns":6.0},{"damage":2.0,"enemies":"2 Fungi Beasts","floor":11.0,"turns":2.0},{"damage":35.0,"enemies":"3 Sentries","floor":13.0,"turns":5.0},{"damage":2,"enemies":"Slime Boss","floor":16,"turns":6},{"damage":0,"enemies":"3 Byrds","floor":18,"turns":2},{"damage":22,"enemies":"Shell Parasite","floor":21,"turns":6},{"damage":59,"enemies":"Book of Stabbing","floor":24,"turns":4},{"damage":33,"enemies":"Colosseum Slavers","floor":27,"turns":2}],"seed_played":"-2758500521755907789","potions_obtained":[{"floor":3.0,"key":"PowerPotion"},{"floor":13.0,"key":"SteroidPotion"},{"floor":18,"key":"Dexterity Potion"}],"is_trial":false,"path_per_floor":["M","?","M","$","M","R","E","R","T","R","M","?","E","?","R","B",null,"M","?","$","M","$","R","E","R","T","?"],"character_chosen":"DEFECT","items_purchased":["Capacitor","Defragment","Loop","Fire Potion"],"campfire_rested":4,"item_purchase_floors":[4,20,22,22],"current_hp_per_floor":[67,62,60,60,53,76,53,76,76,76,74,74,46,46,69,74,77,77,77,77,62,62,62,10,33,33,0],"gold":51,"neow_bonus":"TEN_PERCENT_HP_BONUS","is_prod":false,"is_daily":false,"chose_seed":false,"campfire_upgraded":2,"win_rate":0,"timestamp":1555602925,"path_taken":["M","?","M","$","M","R","E","R","T","R","M","?","E","?","R","BOSS","M","?","$","M","$","R","E","R","T","?"],"build_version":"2019-01-23","purchased_purges":0,"victory":false,"max_hp_per_floor":[78,78,78,78,78,78,78,78,78,78,78,78,78,78,78,78,78,78,78,78,78,78,78,78,78,78,78],"card_choices":[{"not_picked":["Doom and Gloom","Barrage"],"picked":"Ball Lightning","floor":1.0},{"not_picked":["Sweeping Beam","Turbo"],"picked":"Static Discharge","floor":3.0},{"not_picked":["Coolheaded","Ball Lightning"],"picked":"Self Repair","floor":5.0},{"not_picked":["Glacier","Go for the Eyes"],"picked":"Electrodynamics","floor":7.0},{"not_picked":["Turbo","FTL"],"picked":"Loop","floor":11.0},{"not_picked":["Leap","Rebound"],"picked":"Steam","floor":13.0},{"not_picked":["All For One","Meteor Strike"],"picked":"Thunder Strike","floor":16},{"not_picked":["Genetic Algorithm","Beam Cell"],"picked":"Steam+1","floor":18},{"not_picked":["Leap","Conserve Battery"],"picked":"White Noise","floor":21},{"not_picked":["Turbo+1","Steam"],"picked":"Cold Snap","floor":24}],"player_experience":1212416,"relics_obtained":[{"floor":7.0,"key":"Dead Branch"},{"floor":9.0,"key":"Lantern"},{"floor":13.0,"key":"Matryoshka"},{"floor":24,"key":"Letter Opener"},{"floor":26,"key":"Toxic Egg 2"},{"floor":26,"key":"Frozen Egg 2"}],"event_choices":[{"damage_healed":0.0,"max_hp_gain":0.0,"max_hp_loss":0.0,"gold_gain":0.0,"event_name":"Scrap Ooze","player_choice":"Success","floor":2.0,"gold_loss":0.0,"damage_taken":5.0,"relics_obtained":["Juzu Bracelet"]},{"damage_healed":0.0,"max_hp_gain":0.0,"max_hp_loss":0.0,"gold_gain":0.0,"event_name":"The Cleric","player_choice":"Leave","floor":12.0,"gold_loss":0.0,"damage_taken":0.0},{"damage_healed":0.0,"max_hp_gain":0.0,"max_hp_loss":0.0,"gold_gain":0.0,"event_name":"World of Goop","player_choice":"Left Gold","floor":14.0,"gold_loss":55.0,"damage_taken":0.0},{"damage_healed":0,"gold_gain":0,"player_choice":"Simplicity","damage_taken":0,"max_hp_gain":0,"max_hp_loss":0,"event_name":"Back to Basics","floor":19,"gold_loss":0,"cards_upgraded":["Strike_B","Strike_B","Strike_B","Strike_B","Defend_B","Defend_B","Defend_B","Defend_B"]},{"damage_healed":0,"gold_gain":0,"player_choice":"Fight","damage_taken":0,"max_hp_gain":0,"max_hp_loss":0,"event_name":"Colosseum","floor":27,"gold_loss":0}],"is_beta":false,"boss_relics":[{"not_picked":["Pandora\u0027s Box","Empty Cage","FrozenCore"]}],"items_purged_floors":[],"is_endless":false,"potions_floor_spawned":[3,13,18],"killed_by":"Colosseum Slavers","ascension_level":19}