{"path_per_floor":["M","?","?","?","M","E","R","$","T","R","M","?","M","M","R"],"character_chosen":"IRONCLAD","items_purchased":[],"gold_per_floor":[11,11,86,86,98,132,132,57,57,57,73,133,151,163,163],"floor_reached":16,"campfire_rested":2,"playtime":1010,"current_hp_per_floor":[74,74,63,63,67,43,71,71,71,71,78,67,64,62,90],"items_purged":["Strike_R"],"gold":163,"score":130,"play_id":"0a95a372-8314-4a65-85bb-1182903b0add","local_time":"20180310164019","is_prod":false,"is_daily":false,"is_ascension_mode":true,"campfire_upgraded":0,"timestamp":1520692819,"path_taken":["M","?","?","?","M","E","R","?","T","R","?","?","M","M","R","BOSS"],"build_version":"2018-03-09","purchased_purges":1,"victory":false,"master_deck":["Strike_R","Strike_R","Strike_R","Strike_R","Defend_R","Defend_R","Defend_R","Defend_R","Bash","Headbutt","Dropkick","Armaments","Reaper","Rage","Pommel Strike","Thunderclap","Cleave","Feed"],"max_hp_per_floor":[94,94,94,94,94,94,94,94,94,94,94,94,94,94,94],"relics":["Burning Blood","Mango","Dream Catcher","Girya","Frozen Egg 2"],"card_choices":[{"not_picked":["Pommel Strike","Wild Strike"],"picked":"Headbutt"},{"not_picked":["Clash","Inflame"],"picked":"Dropkick"},{"not_picked":["Anger","Body Slam"],"picked":"Armaments"},{"not_picked":["Headbutt","Cleave"],"picked":"Reaper"},{"not_picked":["Iron Wave","Flex"],"picked":"Rage"},{"not_picked":["Armaments","Clash"],"picked":"Pommel Strike"},{"not_picked":["Blood for Blood","Disarm"],"picked":"Thunderclap"},{"not_picked":["Metallicize","Hemokinesis"],"picked":"Cleave"},{"not_picked":["Anger","Flex"],"picked":"Feed"}],"player_experience":258833,"potions_floor_usage":[5,6,12,12,13,13,16],"damage_taken":[{"damage":18,"enemies":"Small Slimes","floor":1,"turns":4},{"damage":2,"enemies":"Jaw Worm","floor":5,"turns":3},{"damage":30,"enemies":"3 Sentries","floor":6,"turns":9},{"damage":4,"enemies":"2 Louse","floor":11,"turns":3},{"damage":24,"enemies":"Gremlin Nob","floor":12,"turns":5},{"damage":34,"enemies":"Exordium Thugs","floor":13,"turns":6},{"damage":8,"enemies":"Large Slime","floor":14,"turns":6},{"damage":97,"enemies":"Hexaghost","floor":16,"turns":10}],"event_choices":[{"event_name":"The Cleric","player_choice":"Leave","floor":2,"damage_taken":0},{"event_name":"World of Goop","player_choice":"Gather Gold","floor":3,"damage_taken":0},{"event_name":"The Lab","player_choice":"Got Potions","floor":4,"damage_taken":0},{"event_name":"Dead Adventurer","player_choice":"Searched \u00271\u0027 times","floor":12,"damage_taken":0}],"boss_relics":[],"potions_floor_spawned":[6,12,12,14],"seed_played":"-5549067159541536722","killed_by":"Hexaghost","ascension_level":6,"is_trial":false}