{"gold_per_floor":[110,110,185,209,84,84,98,117,117,137,161,161,111,129,129,260,260,278,278,303,303,226,226,240,265,289,308,308,308,308,319,319,319],"floor_reached":33,"playtime":2998,"items_purged":["Strike_R"],"score":341,"play_id":"d05f0b13-2b6d-4391-a78a-bf5585b7b278","local_time":"20190126230313","is_ascension_mode":false,"campfire_choices":[{"floor":12.0,"key":"REST"},{"data":"Whirlwind","floor":15.0,"key":"SMITH"},{"data":"Seeing Red","floor":23.0,"key":"SMITH"},{"floor":29.0,"key":"REST"},{"floor":32,"key":"REST"}],"neow_cost":"NONE","seed_source_timestamp":0,"circlet_count":0,"master_deck":["Strike_R","Defend_R","Defend_R","Defend_R","Defend_R","Bash","Heavy Blade","Flex","Sword Boomerang","Brutality","Whirlwind+1","Thunderclap","Rage","Demon Form","Seeing Red+1","Heavy Blade","Sword Boomerang","Flame Barrier","Reaper"],"special_seed":0,"relics":["Burning Blood","Pen Nib","Bloody Idol","Dodecahedron","Runic Pyramid","Nilry\u0027s Codex","Paper Frog","PreservedInsect"],"potions_floor_usage":[31,31],"damage_taken":[{"damage":0.0,"enemies":"2 Louse","floor":1.0,"turns":2.0},{"damage":8.0,"enemies":"Jaw Worm","floor":4.0,"turns":3.0},{"damage":2.0,"enemies":"Small Slimes","floor":7.0,"turns":3.0},{"damage":14.0,"enemies":"Blue Slaver","floor":8.0,"turns":3.0},{"damage":11.0,"enemies":"Exordium Wildlife","floor":10.0,"turns":2.0},{"damage":9.0,"enemies":"3 Louse","floor":11.0,"turns":2.0},{"damage":0.0,"enemies":"Gremlin Gang","floor":14.0,"turns":1.0},{"damage":42.0,"enemies":"Slime Boss","floor":16.0,"turns":8.0},{"damage":3.0,"enemies":"Chosen","floor":18.0,"turns":4.0},{"damage":6.0,"enemies":"3 Byrds","floor":20.0,"turns":2.0},{"damage":23.0,"enemies":"Colosseum Slavers","floor":21.0,"turns":3.0},{"damage":2.0,"enemies":"Snecko","floor":24.0,"turns":4.0},{"damage":20.0,"enemies":"Sentry and Sphere","floor":25.0,"turns":5.0},{"damage":22.0,"enemies":"Chosen and Byrds","floor":27.0,"turns":5.0},{"damage":37,"enemies":"Shelled Parasite and Fungi","floor":31,"turns":4},{"damage":81,"enemies":"Champ","floor":33,"turns":6}],"seed_played":"-9075960249890404686","potions_obtained":[{"floor":4.0,"key":"Swift Potion"},{"floor":8.0,"key":"Explosive Potion"},{"floor":16.0,"key":"SkillPotion"},{"floor":18.0,"key":"FairyPotion"},{"floor":25.0,"key":"Fire Potion"},{"floor":27.0,"key":"BloodPotion"}],"is_trial":false,"path_per_floor":["M","?","?","M","$","?","M","M","T","M","M","R","?","M","R","B",null,"M","?","M","?","?","R","M","M","T","M","?","R","?","M","R","B"],"character_chosen":"IRONCLAD","items_purchased":["Sword Boomerang"],"campfire_rested":3,"item_purchase_floors":[5],"current_hp_per_floor":[80,60,49,47,47,47,51,43,43,38,35,59,59,65,65,29,80,80,64,64,47,47,47,51,37,37,21,21,45,45,27,51,0],"gold":319,"neow_bonus":"RANDOM_COMMON_RELIC","is_prod":false,"is_daily":false,"chose_seed":false,"campfire_upgraded":2,"win_rate":0,"timestamp":1548511393,"path_taken":["M","?","?","M","$","?","M","M","T","M","M","R","?","?","R","BOSS","M","?","M","?","?","R","M","?","T","M","?","R","?","M","R","BOSS"],"build_version":"2019-01-23","purchased_purges":1,"victory":false,"max_hp_per_floor":[80,80,80,80,80,80,80,80,80,80,80,80,80,80,80,80,80,80,80,80,80,80,80,80,80,80,80,80,80,80,80,80,80],"card_choices":[{"not_picked":["Twin Strike","Disarm"],"picked":"Heavy Blade","floor":1.0},{"not_picked":["Intimidate","Disarm"],"picked":"Flex","floor":4.0},{"not_picked":["Warcry","Iron Wave","Evolve"],"picked":"SKIP","floor":7.0},{"not_picked":["True Grit","Havoc","Combust"],"picked":"SKIP","floor":8.0},{"not_picked":["Warcry","Anger"],"picked":"Whirlwind","floor":10.0},{"not_picked":["Disarm","Wild Strike"],"picked":"Thunderclap","floor":11.0},{"not_picked":["Body Slam","Hemokinesis"],"picked":"Rage","floor":14.0},{"not_picked":["Reaper","Fiend Fire"],"picked":"Demon Form","floor":16.0},{"not_picked":["Intimidate+1","Wild Strike+1"],"picked":"Seeing Red","floor":18.0},{"not_picked":["Reckless Charge","Warcry","Infernal Blade"],"picked":"SKIP","floor":20.0},{"not_picked":["Body Slam","Armaments+1"],"picked":"Heavy Blade","floor":24.0},{"not_picked":["Anger","Pommel Strike"],"picked":"Sword Boomerang","floor":25.0},{"not_picked":["Thunderclap","Warcry"],"picked":"Flame Barrier","floor":27.0},{"not_picked":["Carnage","Battle Trance+1"],"picked":"Reaper","floor":31}],"player_experience":63177,"relics_obtained":[{"floor":9.0,"key":"Dodecahedron"},{"floor":19.0,"key":"Nilry\u0027s Codex"},{"floor":26.0,"key":"PreservedInsect"}],"event_choices":[{"damage_healed":0.0,"max_hp_gain":0.0,"max_hp_loss":0.0,"gold_gain":0.0,"event_name":"Golden Idol","player_choice":"Take Damage","floor":2.0,"gold_loss":0.0,"damage_taken":20.0,"relics_obtained":["Golden Idol"]},{"damage_healed":0.0,"max_hp_gain":0.0,"max_hp_loss":0.0,"gold_gain":75.0,"event_name":"World of Goop","player_choice":"Gather Gold","floor":3.0,"gold_loss":0.0,"damage_taken":11.0},{"damage_healed":0.0,"max_hp_gain":0.0,"max_hp_loss":0.0,"gold_gain":0.0,"cards_transformed":["Strike_R"],"event_name":"Living Wall","player_choice":"Change","floor":6.0,"gold_loss":0.0,"damage_taken":0.0,"cards_obtained":["Brutality"]},{"cards_removed":["Strike_R"],"damage_healed":0.0,"max_hp_gain":0.0,"max_hp_loss":0.0,"gold_gain":0.0,"event_name":"The Cleric","player_choice":"Card Removal","floor":13.0,"gold_loss":50.0,"damage_taken":0.0},{"damage_healed":0.0,"max_hp_gain":0.0,"max_hp_loss":0.0,"gold_gain":0.0,"event_name":"Cursed Tome","player_choice":"Obtained Book","floor":19.0,"gold_loss":0.0,"damage_taken":16.0},{"damage_healed":0.0,"max_hp_gain":0.0,"max_hp_loss":0.0,"gold_gain":0.0,"event_name":"Colosseum","player_choice":"Fight","floor":21.0,"gold_loss":0.0,"damage_taken":0.0},{"damage_healed":0.0,"max_hp_gain":0.0,"max_hp_loss":0.0,"gold_gain":0.0,"event_name":"Colosseum","player_choice":"Fled From Nobs","floor":21.0,"gold_loss":0.0,"damage_taken":0.0},{"damage_healed":0.0,"max_hp_gain":0.0,"max_hp_loss":0.0,"gold_gain":0.0,"event_name":"WeMeetAgain","player_choice":"Paid Gold","floor":22.0,"gold_loss":77.0,"damage_taken":0.0,"relics_obtained":["Paper Frog"]},{"cards_removed":["Strike_R"],"damage_healed":0.0,"max_hp_gain":0.0,"max_hp_loss":0.0,"gold_gain":0.0,"event_name":"Back to Basics","player_choice":"Elegance","floor":28.0,"gold_loss":0.0,"damage_taken":0.0},{"damage_healed":0.0,"max_hp_gain":0.0,"max_hp_loss":0.0,"gold_gain":0.0,"event_name":"Forgotten Altar","player_choice":"Gave Idol","floor":30.0,"relics_lost":["Golden Idol"],"gold_loss":0.0,"damage_taken":0.0,"relics_obtained":["Bloody Idol"]}],"is_beta":false,"boss_relics":[{"not_picked":["Lizard Tail","Runic Dome"],"picked":"Runic Pyramid"}],"items_purged_floors":[5],"is_endless":false,"potions_floor_spawned":[4,8,16,18,25,27],"killed_by":"Champ","ascension_level":0}