{"gold_per_floor":[112,37,112,129,148,148,177,177,177,177],"floor_reached":10,"playtime":234,"items_purged":["Strike_R"],"score":132,"play_id":"aaa3b6fc-a2a8-4746-ac46-f5405f7219be","local_time":"20190228172927","is_ascension_mode":true,"campfire_choices":[{"data":"Immolate","floor":6,"key":"SMITH"},{"data":"Bash","floor":8,"key":"SMITH"}],"neow_cost":"PERCENT_DAMAGE","seed_source_timestamp":205066720150800,"circlet_count":0,"master_deck":["AscendersBane","Strike_R","Strike_R","Strike_R","Strike_R","Defend_R","Defend_R","Defend_R","Defend_R","Bash+1","Immolate+1","Burning Pact","Entrench"],"relics":["Burning Blood","Molten Egg 2","Blood Vial"],"potions_floor_usage":[4,7],"damage_taken":[{"damage":16,"enemies":"2 Louse","floor":1,"turns":2},{"damage":1,"enemies":"Small Slimes","floor":4,"turns":4},{"damage":7,"enemies":"Jaw Worm","floor":5,"turns":3},{"damage":25,"enemies":"3 Sentries","floor":7,"turns":5},{"damage":20,"enemies":"Lagavulin","floor":10,"turns":7}],"seed_played":"6327644155275008221","potions_obtained":[{"floor":1,"key":"Swift Potion"},{"floor":4,"key":"Fruit Juice"},{"floor":5,"key":"Regen Potion"}],"is_trial":false,"path_per_floor":["M","$","?","M","M","R","E","R","T","E"],"character_chosen":"IRONCLAD","items_purchased":[],"campfire_rested":0,"item_purchase_floors":[],"current_hp_per_floor":[40,40,29,39,38,38,33,33,33,15],"gold":177,"neow_bonus":"THREE_RARE_CARDS","is_prod":false,"is_daily":false,"chose_seed":false,"campfire_upgraded":2,"win_rate":0,"timestamp":1551342567,"path_taken":["M","$","?","M","M","R","E","R","T","E"],"build_version":"2019-01-23","purchased_purges":1,"victory":false,"max_hp_per_floor":[75,75,75,80,80,80,80,80,80,80],"card_choices":[{"not_picked":["Double Tap","Barricade"],"picked":"Immolate","floor":0},{"not_picked":["Carnage","Wild Strike","Combust"],"picked":"SKIP","floor":1},{"not_picked":["Carnage","Wild Strike","Combust"],"picked":"SKIP","floor":1},{"not_picked":["Metallicize","Heavy Blade"],"picked":"Burning Pact","floor":4},{"not_picked":["Perfected Strike","Dual Wield","Searing Blow"],"picked":"SKIP","floor":5},{"not_picked":["Clothesline","Body Slam"],"picked":"Entrench","floor":7}],"player_experience":1893098,"relics_obtained":[{"floor":7,"key":"Molten Egg 2"},{"floor":9,"key":"Blood Vial"}],"event_choices":[{"damage_healed":0,"gold_gain":75,"player_choice":"Gather Gold","damage_taken":11,"max_hp_gain":0,"max_hp_loss":0,"event_name":"World of Goop","floor":3,"gold_loss":0}],"is_beta":false,"boss_relics":[],"items_purged_floors":[2],"is_endless":false,"potions_floor_spawned":[1,4,5],"killed_by":"Lagavulin","ascension_level":20}