{"gold_per_floor":[114,189,189,208,208,243,243,263,263,263,14,14,14,14,14,107,107,128,17,40,58,58,58,58,77,77,77,92,92,92,123,123,217,217,240,258,30,54,74,74],"floor_reached":40,"playtime":2203,"items_purged":["Barrage"],"score":908,"play_id":"5d1535dc-4be7-4160-b6e0-8b1304120b1c","local_time":"20190302123619","is_ascension_mode":true,"campfire_choices":[{"data":"Defragment","floor":7.0,"key":"SMITH"},{"data":"Zap","floor":10.0,"key":"SMITH"},{"data":"Capacitor","floor":13.0,"key":"SMITH"},{"data":"Chill","floor":15.0,"key":"SMITH"},{"floor":24.0,"key":"REST"},{"data":"Defragment","floor":30.0,"key":"SMITH"},{"data":"Coolheaded","floor":32.0,"key":"SMITH"}],"neow_cost":"NONE","seed_source_timestamp":43194539470500,"circlet_count":0,"master_deck":["AscendersBane","Defend_B","Defend_B","Defend_B+1","Zap+1","Dualcast","Chill+1","Undo","Defragment+1","Capacitor+1","Seek","Recycle","Defragment+1","Gash","Bite","Bite","Bite","Bite","Gash","Coolheaded+1","Gash","Multi-Cast+1","Recycle+1","Gash+1","Defragment","Cold Snap","Seek+1","Parasite","Reprogram+1"],"special_seed":0,"relics":["Cracked Core","NeowsBlessing","Golden Idol","Pocketwatch","Dodecahedron","Juzu Bracelet","Blue Candle","Runic Dome","Toxic Egg 2","PreservedInsect","DataDisk","Runic Pyramid"],"potions_floor_usage":[38,38,39],"damage_taken":[{"damage":0.0,"enemies":"Cultist","floor":1.0,"turns":1.0},{"damage":0.0,"enemies":"2 Louse","floor":4.0,"turns":1.0},{"damage":0.0,"enemies":"Gremlin Nob","floor":6.0,"turns":1.0},{"damage":7.0,"enemies":"Jaw Worm","floor":8.0,"turns":2.0},{"damage":28.0,"enemies":"Hexaghost","floor":16.0,"turns":11.0},{"damage":0.0,"enemies":"Spheric Guardian","floor":18.0,"turns":5.0},{"damage":21.0,"enemies":"Shell Parasite","floor":20.0,"turns":7.0},{"damage":20.0,"enemies":"Snake Plant","floor":21.0,"turns":6.0},{"damage":6.0,"enemies":"Sentry and Sphere","floor":25.0,"turns":8.0},{"damage":15.0,"enemies":"Chosen and Byrds","floor":28.0,"turns":7.0},{"damage":8.0,"enemies":"Gremlin Leader","floor":31.0,"turns":8.0},{"damage":42.0,"enemies":"Automaton","floor":33.0,"turns":12.0},{"damage":9.0,"enemies":"3 Darklings","floor":35.0,"turns":6.0},{"damage":18.0,"enemies":"Orb Walker","floor":36.0,"turns":4.0},{"damage":48,"enemies":"Transient","floor":38,"turns":6},{"damage":4,"enemies":"Writhing Mass","floor":39,"turns":10},{"damage":40,"enemies":"Reptomancer","floor":40,"turns":2}],"seed_played":"8149710622663781280","potions_obtained":[{"floor":1.0,"key":"SpeedPotion"},{"floor":16.0,"key":"Strength Potion"},{"floor":20.0,"key":"GamblersBrew"},{"floor":21.0,"key":"Explosive Potion"},{"floor":25.0,"key":"Fire Potion"},{"floor":36.0,"key":"Swift Potion"},{"floor":38,"key":"Swift Potion"},{"floor":39,"key":"GamblersBrew"}],"is_trial":false,"path_per_floor":["M","?","?","M","?","E","R","M","T","R","$","?","R","?","R","B",null,"M","$","M","M","?","?","R","M","T","?","M","?","R","E","R","B",null,"M","M","$","M","M","E"],"character_chosen":"DEFECT","items_purchased":["Juzu Bracelet","Capacitor","Defragment","Barrage","Defragment","Cold Snap","PowerPotion"],"campfire_rested":1,"item_purchase_floors":[11,11,19,19,37,37,37],"current_hp_per_floor":[64,53,53,53,34,34,34,27,27,27,27,27,27,32,32,4,53,53,53,32,12,12,12,26,42,42,42,37,58,58,58,58,52,57,57,49,49,11,35,0],"gold":74,"neow_bonus":"THREE_ENEMY_KILL","is_prod":false,"is_daily":false,"chose_seed":false,"campfire_upgraded":6,"win_rate":0,"timestamp":1551497779,"path_taken":["M","?","?","M","?","E","R","M","T","R","$","?","R","?","R","BOSS","M","$","M","M","?","?","R","M","T","?","M","?","R","E","R","BOSS","M","M","$","M","M","E"],"build_version":"2019-01-23","purchased_purges":1,"victory":false,"max_hp_per_floor":[71,71,64,64,64,64,64,64,64,64,64,64,64,69,69,69,69,69,69,69,69,48,48,48,48,48,48,48,58,58,58,58,58,58,58,58,58,58,58,58],"card_choices":[{"not_picked":["Lockon","Stack"],"picked":"Chill","floor":1.0},{"not_picked":["Steam","Turbo"],"picked":"Undo","floor":4.0},{"not_picked":["Beam Cell","Cold Snap"],"picked":"Defragment","floor":6.0},{"not_picked":["Steam Power","Redo","Hologram"],"picked":"SKIP","floor":8.0},{"not_picked":["Reboot","Buffer"],"picked":"Seek","floor":16.0},{"not_picked":["Go for the Eyes","Storm"],"picked":"Recycle","floor":18.0},{"not_picked":["Go for the Eyes","Compile Driver","Rebound"],"picked":"SKIP","floor":20.0},{"not_picked":["BootSequence","Go for the Eyes"],"picked":"Gash","floor":21.0},{"not_picked":["Sweeping Beam","BootSequence+1"],"picked":"Coolheaded","floor":25.0},{"not_picked":["Streamline","Double Energy+1","BootSequence+1"],"picked":"SKIP","floor":28.0},{"not_picked":["Ball Lightning","Leap+1"],"picked":"Gash","floor":31.0},{"not_picked":["Thunder Strike","Hyperbeam"],"picked":"Multi-Cast+1","floor":33.0},{"not_picked":["Undo+1","Genetic Algorithm+1"],"picked":"Recycle+1","floor":35.0},{"not_picked":["Compile Driver+1","Sweeping Beam"],"picked":"Gash+1","floor":36.0},{"not_picked":["Recycle+1","Leap+1"],"picked":"Seek+1","floor":38},{"not_picked":["Barrage","Go for the Eyes"],"picked":"Reprogram+1","floor":39}],"player_experience":1930324,"relics_obtained":[{"floor":6.0,"key":"Pocketwatch"},{"floor":9.0,"key":"Dodecahedron"},{"floor":26.0,"key":"Toxic Egg 2"},{"floor":31.0,"key":"DataDisk"}],"event_choices":[{"damage_healed":0.0,"max_hp_gain":0.0,"max_hp_loss":0.0,"gold_gain":75.0,"event_name":"World of Goop","player_choice":"Gather Gold","floor":2.0,"gold_loss":0.0,"damage_taken":11.0},{"damage_healed":0.0,"max_hp_gain":0.0,"max_hp_loss":7.0,"gold_gain":0.0,"event_name":"Golden Idol","player_choice":"Lose Max HP","floor":3.0,"gold_loss":0.0,"damage_taken":0.0,"relics_obtained":["Golden Idol"]},{"damage_healed":0.0,"max_hp_gain":0.0,"max_hp_loss":0.0,"gold_gain":0.0,"event_name":"Shining Light","player_choice":"Entered Light","floor":5.0,"gold_loss":0.0,"damage_taken":19.0,"cards_upgraded":["Defend_B","Strike_B"]},{"damage_healed":0.0,"max_hp_gain":0.0,"max_hp_loss":0.0,"gold_gain":0.0,"event_name":"Dead Adventurer","player_choice":"Searched \u00271\u0027 times","floor":12.0,"gold_loss":0.0,"damage_taken":0.0,"relics_obtained":["Blue Candle"]},{"damage_healed":0.0,"max_hp_gain":5.0,"max_hp_loss":0.0,"gold_gain":0.0,"event_name":"Big Fish","player_choice":"Donut","floor":14.0,"gold_loss":0.0,"damage_taken":0.0},{"damage_healed":0.0,"max_hp_gain":0.0,"max_hp_loss":21.0,"gold_gain":0.0,"event_name":"Vampires","player_choice":"Became a vampire","floor":22.0,"gold_loss":0.0,"damage_taken":0.0,"cards_obtained":["Bite","Bite","Bite","Bite","Bite"]},{"damage_healed":0.0,"max_hp_gain":0.0,"max_hp_loss":0.0,"gold_gain":0.0,"cards_transformed":["Bite","Defend_B"],"event_name":"Drug Dealer","player_choice":"Became Test Subject","floor":23.0,"gold_loss":0.0,"damage_taken":0.0,"cards_obtained":["Chrysalis","Gash"]},{"damage_healed":0.0,"max_hp_gain":0.0,"max_hp_loss":0.0,"gold_gain":0.0,"event_name":"WeMeetAgain","player_choice":"Gave Potion","floor":27.0,"gold_loss":0.0,"damage_taken":0.0,"relics_obtained":["PreservedInsect"]},{"cards_removed":["Chrysalis"],"damage_healed":11.0,"max_hp_gain":10.0,"max_hp_loss":0.0,"gold_gain":0.0,"event_name":"Bonfire Elementals","player_choice":"Offered Rare","floor":29.0,"gold_loss":0.0,"damage_taken":0.0}],"is_beta":false,"boss_relics":[{"not_picked":["FrozenCore","Fusion Hammer"],"picked":"Runic Dome"},{"not_picked":["Nuclear Battery","Pandora\u0027s Box"],"picked":"Runic Pyramid"}],"items_purged_floors":[37],"is_endless":false,"potions_floor_spawned":[1,16,20,21,25,36,38,39],"killed_by":"Reptomancer","ascension_level":20}