{"gold_per_floor":[114,114,125,50,65,65,100,100,100,134,409,429,429,8,8,8],"floor_reached":16,"playtime":308,"items_purged":["Decay","Regret"],"score":216,"play_id":"48abf6f6-63a0-4933-950c-7d5955100ac7","local_time":"20190314193747","is_ascension_mode":true,"campfire_choices":[{"data":"Zap","floor":6,"key":"SMITH"},{"floor":8,"key":"REST"},{"data":"Barrage","floor":13,"key":"SMITH"},{"floor":15,"key":"REST"}],"neow_cost":"NONE","seed_source_timestamp":34386201234300,"circlet_count":0,"master_deck":["AscendersBane","Strike_B","Strike_B","Strike_B","Strike_B","Defend_B","Defend_B","Defend_B","Defend_B","Zap+1","Dualcast","Chill","Barrage+1","Glacier"],"relics":["Cracked Core","NeowsBlessing","Frozen Egg 2","Vajra","Toxic Egg 2"],"potions_floor_usage":[7,12,16,16],"damage_taken":[{"damage":0,"enemies":"2 Louse","floor":1,"turns":1},{"damage":0,"enemies":"Cultist","floor":3,"turns":1},{"damage":0,"enemies":"Jaw Worm","floor":5,"turns":1},{"damage":21,"enemies":"Lagavulin","floor":7,"turns":6},{"damage":58,"enemies":"3 Sentries","floor":10,"turns":15},{"damage":2,"enemies":"Looter","floor":12,"turns":3},{"damage":27,"enemies":"The Guardian","floor":16,"turns":2}],"seed_played":"6875356113786004736","potions_obtained":[{"floor":5,"key":"PowerPotion"},{"floor":10,"key":"SteroidPotion"},{"floor":12,"key":"SkillPotion"}],"is_trial":false,"path_per_floor":["M","?","M","$","M","R","E","R","T","E","?","M","R","$","R","B"],"character_chosen":"DEFECT","items_purchased":["Toxic Egg 2","Dexterity Potion"],"campfire_rested":2,"item_purchase_floors":[14,14],"current_hp_per_floor":[64,64,64,64,64,64,43,64,64,6,6,4,4,4,25,0],"gold":8,"neow_bonus":"THREE_ENEMY_KILL","is_prod":false,"is_daily":false,"chose_seed":false,"campfire_upgraded":2,"win_rate":0,"timestamp":1552559867,"path_taken":["M","?","M","?","M","R","E","R","T","E","?","M","R","$","R","BOSS"],"build_version":"2019-01-23","purchased_purges":2,"victory":false,"max_hp_per_floor":[71,71,71,71,71,71,71,71,71,71,71,71,71,71,71,71],"card_choices":[{"not_picked":["Sweeping Beam","Beam Cell","Hologram"],"picked":"SKIP","floor":1},{"not_picked":["Tempest","Blizzard","Rebound"],"picked":"SKIP","floor":3},{"not_picked":["Turbo","Barrage"],"picked":"Chill","floor":5},{"not_picked":["Leap","Go for the Eyes","Steam"],"picked":"SKIP","floor":7},{"not_picked":["BootSequence","Streamline"],"picked":"Barrage","floor":10},{"not_picked":["Cold Snap","Leap"],"picked":"Glacier","floor":12}],"player_experience":2274200,"relics_obtained":[{"floor":7,"key":"Frozen Egg 2"},{"floor":10,"key":"Vajra"}],"event_choices":[{"damage_healed":0,"gold_gain":0,"player_choice":"Cursed","damage_taken":0,"max_hp_gain":0,"max_hp_loss":0,"event_name":"Wheel of Change","floor":2,"gold_loss":0,"cards_obtained":["Decay"]},{"damage_healed":0,"gold_gain":275,"player_choice":"Desecrate","damage_taken":0,"max_hp_gain":0,"max_hp_loss":0,"event_name":"Golden Shrine","floor":11,"gold_loss":0,"cards_obtained":["Regret"]}],"is_beta":false,"boss_relics":[],"items_purged_floors":[4,14],"is_endless":false,"potions_floor_spawned":[5,10,12],"killed_by":"The Guardian","ascension_level":20}