{"gold_per_floor":[11,28,0,13,13,38,55,70,122,122],"floor_reached":10,"playtime":466,"items_purged":[],"score":126,"play_id":"9b4c53c4-8f17-4f46-8695-672edada9451","local_time":"20181209182526","is_ascension_mode":true,"campfire_choices":[],"neow_cost":"NO_GOLD","seed_source_timestamp":18914484390619,"circlet_count":0,"master_deck":["AscendersBane","Strike_B","Strike_B","Strike_B","Strike_B","Defend_B","Defend_B","Defend_B","Defend_B","Zap","Dualcast","PanicButton","Thinking Ahead","Beam Cell","Gash","Zap","Go for the Eyes","Gash+1"],"relics":["Cracked Core","Molten Egg 2","Regal Pillow"],"potions_floor_usage":[7],"damage_taken":[{"damage":8,"enemies":"2 Louse","floor":1,"turns":3},{"damage":0,"enemies":"Cultist","floor":2,"turns":4},{"damage":2,"enemies":"Jaw Worm","floor":4,"turns":4},{"damage":36,"enemies":"Gremlin Nob","floor":6,"turns":5},{"damage":0,"enemies":"Red Slaver","floor":7,"turns":1},{"damage":10,"enemies":"3 Louse","floor":8,"turns":4},{"damage":8,"enemies":"Large Slime","floor":10,"turns":4}],"seed_played":"-1640752924044887711","potions_obtained":[{"floor":6,"key":"AttackPotion"},{"floor":8,"key":"Dexterity Potion"}],"is_trial":false,"path_per_floor":["M","M","?","M","?","E","M","M","T","M"],"character_chosen":"DEFECT","items_purchased":[],"campfire_rested":0,"item_purchase_floors":[],"current_hp_per_floor":[56,56,56,54,54,18,18,8,8,0],"gold":122,"neow_bonus":"RANDOM_COLORLESS_2","is_prod":false,"is_daily":false,"chose_seed":false,"campfire_upgraded":0,"win_rate":0,"timestamp":1544372726,"path_taken":["M","M","?","M","?","E","M","?","T","M"],"build_version":"2018-12-06","purchased_purges":0,"victory":false,"max_hp_per_floor":[71,71,71,71,71,71,71,71,71,71],"card_choices":[{"not_picked":["Recycle","Cold Snap","Undo"],"picked":"SKIP","floor":1},{"not_picked":["Hologram","Streamline"],"picked":"Beam Cell","floor":2},{"not_picked":["Stack","Hologram"],"picked":"Gash","floor":4},{"not_picked":["Hyperbeam","Turbo"],"picked":"Gash","floor":6},{"not_picked":["Rebound+1","Rip and Tear+1","Amplify"],"picked":"SKIP","floor":7},{"not_picked":["Stack","Cold Snap+1","Coolheaded"],"picked":"SKIP","floor":8}],"player_experience":818564,"relics_obtained":[{"floor":6,"key":"Molten Egg 2"},{"floor":9,"key":"Regal Pillow"}],"event_choices":[{"damage_healed":0,"gold_gain":0,"player_choice":"Left Gold","damage_taken":0,"max_hp_gain":0,"max_hp_loss":0,"event_name":"World of Goop","floor":3,"gold_loss":28},{"damage_healed":0,"gold_gain":0,"player_choice":"2 cards matched","damage_taken":0,"max_hp_gain":0,"max_hp_loss":0,"event_name":"Match and Keep!","floor":5,"gold_loss":0,"cards_obtained":["Zap","Go for the Eyes"]}],"is_beta":false,"boss_relics":[],"items_purged_floors":[],"is_endless":false,"potions_floor_spawned":[6,8],"killed_by":"Large Slime","ascension_level":16}