{"gold_per_floor":[112,262,82,82,99,99,124,124,124,143,143,174,174,206,206,282,282,293,393,393,410,71,71,97,97,97,123,123,142,167,185,185,264,264,280,280,291,1290,1304,1304,1314,1349,1349,1349,1384,1384,1437,793,793,793,793,793,793,30,55,55],"floor_reached":57,"playtime":3042,"items_purged":["Strike_B","Strike_B"],"score":3493,"play_id":"defe4aa8-be0a-4f8a-8a0c-12d6bf829c62","local_time":"20190324162846","is_ascension_mode":true,"campfire_choices":[{"data":"Capacitor","floor":6,"key":"SMITH"},{"data":"Buffer","floor":8,"key":"SMITH"},{"data":"Loop","floor":11,"key":"SMITH"},{"data":"Biased Cognition","floor":15,"key":"SMITH"},{"data":"Electrodynamics","floor":23,"key":"SMITH"},{"data":"Chill","floor":25,"key":"SMITH"},{"data":"Zap","floor":28,"key":"SMITH"},{"data":"Electrodynamics","floor":32,"key":"SMITH"},{"data":"Dualcast","floor":40,"key":"SMITH"},{"floor":44,"key":"RECALL"},{"data":"Conserve Battery","floor":49,"key":"SMITH"},{"data":"Glacier","floor":53,"key":"SMITH"}],"neow_cost":"NONE","seed_source_timestamp":76303424360100,"circlet_count":0,"master_deck":["AscendersBane","Strike_B+1","Strike_B","Defend_B","Defend_B","Defend_B","Defend_B","Zap+1","Dualcast+1","Glacier+1","Capacitor+1","Chill+1","Cold Snap","Buffer+1","Loop+1","Biased Cognition+1","Conserve Battery+1","Glacier","Turbo+1","Undo+1","Consume+1","Barrage+1","Electrodynamics+1","Coolheaded+1","Seek+1","Double Energy+1","Compile Driver","Skim+1","Cold Snap","Barrage+1","Impatience+1","Master of Strategy+1","Loop","Deep Breath+1","Barrage"],"relics":["Cracked Core","NeowsBlessing","Ginger","Lantern","Shuriken","Cables","Inserter","Pocketwatch","Toxic Egg 2","Medical Kit","Omamori","Thread and Needle","Bottled Lightning","Kunai","Busted Crown","Letter Opener","Mercury Hourglass","Turnip","Runic Capacitor","Whetstone","DataDisk","Oddly Smooth Stone","Dead Branch"],"potions_floor_usage":[13,19,19,24,50,56],"damage_taken":[{"damage":0,"enemies":"Jaw Worm","floor":1,"turns":1},{"damage":0,"enemies":"Small Slimes","floor":5,"turns":1},{"damage":0,"enemies":"3 Sentries","floor":7,"turns":1},{"damage":0,"enemies":"Cultist","floor":10,"turns":4},{"damage":20,"enemies":"Gremlin Nob","floor":12,"turns":7},{"damage":0,"enemies":"Gremlin Gang","floor":13,"turns":1},{"damage":0,"enemies":"Lagavulin","floor":14,"turns":7},{"damage":0,"enemies":"The Guardian","floor":16,"turns":10},{"damage":6,"enemies":"Shell Parasite","floor":18,"turns":6},{"damage":9,"enemies":"Colosseum Slavers","floor":19,"turns":4},{"damage":0,"enemies":"Colosseum Nobs","floor":19,"turns":12},{"damage":0,"enemies":"Chosen","floor":21,"turns":4},{"damage":4,"enemies":"Book of Stabbing","floor":24,"turns":5},{"damage":0,"enemies":"Gremlin Leader","floor":27,"turns":6},{"damage":0,"enemies":"Sentry and Sphere","floor":29,"turns":4},{"damage":0,"enemies":"Book of Stabbing","floor":30,"turns":6},{"damage":0,"enemies":"Snake Plant","floor":31,"turns":4},{"damage":0,"enemies":"Collector","floor":33,"turns":8},{"damage":5,"enemies":"3 Darklings","floor":35,"turns":3},{"damage":0,"enemies":"3 Shapes","floor":37,"turns":5},{"damage":0,"enemies":"Jaw Worm Horde","floor":39,"turns":2},{"damage":0,"enemies":"Transient","floor":41,"turns":6},{"damage":0,"enemies":"Giant Head","floor":42,"turns":11},{"damage":0,"enemies":"Nemesis","floor":45,"turns":9},{"damage":0,"enemies":"2 Orb Walkers","floor":47,"turns":4},{"damage":0,"enemies":"Donu and Deca","floor":50,"turns":9},{"damage":0,"enemies":"Time Eater","floor":51,"turns":12},{"damage":0,"enemies":"Shield and Spear","floor":55,"turns":6},{"damage":38,"enemies":"The Heart","floor":56,"turns":12}],"seed_played":"55550525795219496","potions_obtained":[{"floor":1,"key":"SmokeBomb"},{"floor":5,"key":"LiquidBronze"},{"floor":16,"key":"Ancient Potion"},{"floor":18,"key":"Regen Potion"},{"floor":27,"key":"Weak Potion"},{"floor":35,"key":"FearPotion"},{"floor":47,"key":"Block Potion"}],"is_trial":false,"path_per_floor":["M","?","$","?","M","R","E","R","T","M","R","E","M","E","R","B",null,"M","?","?","M","$","R","E","R","T","E","R","M","E","M","R","B",null,"M","?","M","?","M","R","M","E","T","R","E","?","?","$","R","B","B",null,"R","$","E","B",null],"character_chosen":"DEFECT","items_purchased":["Capacitor","Chill","Cold Snap","Medical Kit","Weak Potion","Runic Capacitor","Barrage","Impatience+1","Whetstone","DataDisk","Master of Strategy+1","Oddly Smooth Stone","Loop","Deep Breath+1","Swift Potion"],"campfire_rested":0,"item_purchase_floors":[3,3,3,22,22,48,48,48,48,54,54,54,54,54,54],"current_hp_per_floor":[64,64,64,64,64,64,64,64,64,64,64,44,44,44,44,44,64,58,61,61,61,61,61,57,57,57,57,57,57,57,57,57,57,68,63,81,81,81,81,81,81,81,81,81,81,81,81,81,81,81,81,81,81,81,81,43],"gold":55,"neow_bonus":"THREE_ENEMY_KILL","is_prod":false,"is_daily":false,"chose_seed":false,"campfire_upgraded":11,"win_rate":0,"timestamp":1553412526,"path_taken":["M","?","$","?","?","R","E","R","T","?","R","E","M","E","R","BOSS","M","?","?","M","$","R","E","R","T","E","R","?","E","M","R","BOSS","M","?","?","?","M","R","M","E","T","R","E","?","?","$","R","BOSS","BOSS","R","$","E","BOSS"],"build_version":"2019-01-23","purchased_purges":2,"victory":true,"max_hp_per_floor":[71,71,71,71,71,71,71,71,71,71,71,71,71,71,71,71,71,71,71,71,71,71,71,71,71,71,71,71,71,71,71,71,71,71,71,81,81,81,81,81,81,81,81,81,81,81,81,81,81,81,81,81,81,81,81,81],"card_choices":[{"not_picked":["Self Repair","Barrage"],"picked":"Glacier","floor":1},{"not_picked":["Heatsinks","Stack","Storm"],"picked":"SKIP","floor":5},{"not_picked":["Turbo","Go for the Eyes"],"picked":"Buffer","floor":7},{"not_picked":["Cold Snap","Force Field"],"picked":"Loop","floor":10},{"not_picked":["Stack","Chill"],"picked":"Biased Cognition","floor":12},{"not_picked":["Gash","Streamline"],"picked":"Conserve Battery","floor":14},{"not_picked":["Echo Form","Machine Learning"],"picked":"Electrodynamics","floor":16},{"not_picked":["Turbo","Stack"],"picked":"Glacier","floor":18},{"not_picked":["Sunder","Lockon","Compile Driver"],"picked":"SKIP","floor":21},{"not_picked":["Lockon","Streamline"],"picked":"Undo+1","floor":24},{"not_picked":["Sweeping Beam","Skim+1"],"picked":"Consume+1","floor":27},{"not_picked":["Auto Shields+1","Sweeping Beam"],"picked":"Barrage+1","floor":29},{"not_picked":["Undo+1","Ball Lightning"],"picked":"Electrodynamics","floor":30},{"not_picked":["Auto Shields+1","Beam Cell"],"picked":"Coolheaded+1","floor":31},{"not_picked":["Electrodynamics","Rainbow+1"],"picked":"Seek+1","floor":33},{"not_picked":[],"picked":"Double Energy+1","floor":35},{"not_picked":[],"picked":"Compile Driver","floor":37},{"not_picked":["Streamline"],"picked":"SKIP","floor":39},{"not_picked":[],"picked":"Skim+1","floor":41},{"not_picked":[],"picked":"Cold Snap","floor":42},{"not_picked":["Meteor Strike"],"picked":"SKIP","floor":45},{"not_picked":[],"picked":"Barrage","floor":55}],"player_experience":2537167,"relics_obtained":[{"floor":7,"key":"Ginger"},{"floor":9,"key":"Lantern"},{"floor":12,"key":"Shuriken"},{"floor":14,"key":"Cables"},{"floor":19,"key":"Pocketwatch"},{"floor":19,"key":"Toxic Egg 2"},{"floor":24,"key":"Omamori"},{"floor":26,"key":"Thread and Needle"},{"floor":27,"key":"Bottled Lightning"},{"floor":30,"key":"Kunai"},{"floor":42,"key":"Letter Opener"},{"floor":45,"key":"Mercury Hourglass"},{"floor":47,"key":"Turnip"},{"floor":55,"key":"Dead Branch"}],"event_choices":[{"damage_healed":0,"gold_gain":150,"player_choice":"AGREE","damage_taken":0,"max_hp_gain":0,"max_hp_loss":0,"event_name":"Liars Game","floor":2,"gold_loss":0,"cards_obtained":["Doubt"]},{"cards_removed":["Doubt"],"damage_healed":0,"gold_gain":0,"player_choice":"Removed Curses","damage_taken":0,"max_hp_gain":0,"max_hp_loss":0,"event_name":"Fountain of Cleansing","floor":4,"gold_loss":0},{"damage_healed":0,"gold_gain":0,"player_choice":"Fight","damage_taken":0,"max_hp_gain":0,"max_hp_loss":0,"event_name":"Colosseum","floor":19,"gold_loss":0},{"damage_healed":0,"gold_gain":0,"player_choice":"Fought Nobs","damage_taken":0,"max_hp_gain":0,"max_hp_loss":0,"event_name":"Colosseum","floor":19,"gold_loss":0},{"damage_healed":0,"gold_gain":0,"player_choice":"Read","damage_taken":0,"max_hp_gain":0,"max_hp_loss":0,"event_name":"The Library","floor":20,"gold_loss":0,"cards_obtained":["Turbo"]},{"cards_removed":["Electrodynamics"],"damage_healed":8,"gold_gain":0,"player_choice":"Offered Rare","damage_taken":0,"max_hp_gain":10,"max_hp_loss":0,"event_name":"Bonfire Elementals","floor":36,"gold_loss":0},{"damage_healed":0,"gold_gain":999,"player_choice":"Gold","damage_taken":0,"max_hp_gain":0,"max_hp_loss":0,"event_name":"MindBloom","floor":38,"gold_loss":0,"cards_obtained":["Normality","Normality"]},{"damage_healed":0,"gold_gain":0,"player_choice":"Ignored","damage_taken":0,"max_hp_gain":0,"max_hp_loss":0,"event_name":"Tomb of Lord Red Mask","floor":46,"gold_loss":0},{"damage_healed":0,"gold_gain":0,"player_choice":"Fight","damage_taken":0,"max_hp_gain":0,"max_hp_loss":0,"event_name":"Mysterious Sphere","floor":47,"gold_loss":0}],"is_beta":false,"boss_relics":[{"not_picked":["Coffee Dripper","Philosopher\u0027s Stone"],"picked":"Inserter"},{"not_picked":["Runic Pyramid","Nuclear Battery"],"picked":"Busted Crown"}],"items_purged_floors":[22,48],"is_endless":false,"potions_floor_spawned":[1,5,16,18,19,27,35,42,47],"ascension_level":20}