{"gold_per_floor":[114,114,188,206,206,233,233,250,298,298,330,345,358,370,370,470,470,483,29,29,29,43,43,53,84,134,134,134,148,165,179,179,281,281,301,316,327,372,372,372,37,68,94,113,128,30,30,30,30,30,30,30,30,56,56],"floor_reached":55,"playtime":3319,"items_purged":[],"score":784,"play_id":"54c5bcee-e915-4f92-afdd-16056606a548","local_time":"20181223180809","is_ascension_mode":false,"campfire_choices":[{"floor":7,"key":"REST"},{"floor":10,"key":"REST"},{"floor":15,"key":"REST"},{"floor":23,"key":"RECALL"},{"floor":28,"key":"REST"},{"data":"Storm","floor":32,"key":"SMITH"},{"floor":40,"key":"REST"},{"data":"Biased Cognition","floor":47,"key":"SMITH"},{"data":"Buffer","floor":49,"key":"SMITH"},{"data":"Buffer","floor":52,"key":"SMITH"}],"neow_cost":"NONE","seed_source_timestamp":88460778607064,"circlet_count":0,"master_deck":["Strike_B+1","Strike_B+1","Strike_B+1","Strike_B+1","Defend_B+1","Defend_B+1","Defend_B+1","Defend_B+1","Zap+1","Dualcast","Ball Lightning","Melter","Seek","Loop","Chill","Steam","Loop","Amplify","Chaos","Self Repair","Redo","BootSequence","Force Field+1","Storm+1","Self Repair","Sunder","Buffer+1","Biased Cognition+1","Loop+1","Cold Snap","Conserve Battery+1","Panacea","Loop","Buffer+1","Melter","Parasite","Barrage+1","Glacier","Ball Lightning","Hello World","Zap","Self Repair"],"relics":["Cracked Core","Bottled Flame","Darkstone Periapt","Boot","PreservedInsect","Cables","Eternal Feather","OrangePellets","Ancient Tea Set","DataDisk","Regal Pillow","Lizard Tail","Nunchaku","Strawberry","Art of War","Thread and Needle"],"potions_floor_usage":[11,18,18,22,24,31,33,35,36,38,42,50,50],"damage_taken":[{"damage":2,"enemies":"2 Louse","floor":1,"turns":2},{"damage":1,"enemies":"Jaw Worm","floor":4,"turns":2},{"damage":47,"enemies":"3 Sentries","floor":6,"turns":9},{"damage":0,"enemies":"Cultist","floor":8,"turns":3},{"damage":1,"enemies":"Gremlin Nob","floor":11,"turns":3},{"damage":11,"enemies":"Exordium Wildlife","floor":12,"turns":2},{"damage":0,"enemies":"2 Fungi Beasts","floor":13,"turns":3},{"damage":0,"enemies":"3 Louse","floor":14,"turns":2},{"damage":47,"enemies":"Hexaghost","floor":16,"turns":9},{"damage":8,"enemies":"3 Byrds","floor":18,"turns":4},{"damage":20,"enemies":"2 Thieves","floor":22,"turns":4},{"damage":17,"enemies":"Centurion and Healer","floor":24,"turns":10},{"damage":54,"enemies":"Slavers","floor":25,"turns":6},{"damage":9,"enemies":"Snecko","floor":29,"turns":4},{"damage":3,"enemies":"Snake Plant","floor":30,"turns":3},{"damage":5,"enemies":"3 Cultists","floor":31,"turns":5},{"damage":12,"enemies":"Collector","floor":33,"turns":14},{"damage":13,"enemies":"Orb Walker","floor":35,"turns":4},{"damage":7,"enemies":"3 Darklings","floor":36,"turns":3},{"damage":17,"enemies":"Spire Growth","floor":37,"turns":5},{"damage":38,"enemies":"2 Orb Walkers","floor":38,"turns":5},{"damage":24,"enemies":"Nemesis","floor":42,"turns":5},{"damage":0,"enemies":"Sphere and 2 Shapes","floor":44,"turns":4},{"damage":18,"enemies":"Writhing Mass","floor":45,"turns":4},{"damage":94,"enemies":"Awakened One","floor":50,"turns":13},{"damage":85,"enemies":"Shield and Spear","floor":54,"turns":8},{"damage":104,"enemies":"The Heart","floor":55,"turns":5}],"seed_played":"-4146806272547003538","potions_obtained":[{"floor":1,"key":"LiquidBronze"},{"floor":6,"key":"EssenceOfSteel"},{"floor":12,"key":"AttackPotion"},{"floor":14,"key":"AttackPotion"},{"floor":22,"key":"Dexterity Potion"},{"floor":29,"key":"Energy Potion"},{"floor":30,"key":"AttackPotion"},{"floor":31,"key":"Weak Potion"},{"floor":33,"key":"PowerPotion"},{"floor":35,"key":"FearPotion"},{"floor":38,"key":"Poison Potion"}],"is_trial":false,"path_per_floor":["M","?","T","M","?","E","R","M","T","R","E","M","M","M","R","B",null,"M","$","?","$","M","R","M","E","T","?","R","M","M","M","R","B",null,"M","M","M","?","?","R","$","E","T","M","M","$","R","?","R","B",null,"R","$","E","B"],"character_chosen":"DEFECT","items_purchased":["Self Repair","OrangePellets","Redo","Ancient Tea Set","Loop","Strawberry","Fire Potion","Swift Potion","Glacier","Ball Lightning"],"campfire_rested":5,"item_purchase_floors":[19,19,19,19,41,41,41,41,46,46],"current_hp_per_floor":[80,80,80,79,72,25,49,49,49,73,72,61,61,61,82,35,82,74,74,74,74,61,73,63,23,23,23,74,72,82,82,82,82,82,82,75,79,48,48,82,89,79,79,89,77,77,95,95,95,8,95,95,95,24,0],"gold":56,"neow_bonus":"TEN_PERCENT_HP_BONUS","is_prod":false,"is_daily":false,"chose_seed":false,"campfire_upgraded":4,"win_rate":0,"timestamp":1545581289,"path_taken":["M","?","?","M","?","E","R","M","T","R","E","M","M","M","R","BOSS","M","$","?","$","M","R","M","E","T","?","R","M","M","M","R","BOSS","M","M","M","?","?","R","$","E","T","M","M","$","R","?","R","BOSS","R","$","E","BOSS"],"build_version":"2018-12-20","purchased_purges":0,"victory":false,"max_hp_per_floor":[82,82,82,82,82,82,82,82,82,82,82,82,82,82,82,82,82,82,82,82,82,82,82,82,82,82,82,82,82,82,82,82,82,82,82,82,82,82,82,82,89,89,89,89,95,95,95,95,95,95,95,95,95,95,95],"card_choices":[{"not_picked":["Melter","Conserve Battery"],"picked":"Ball Lightning","floor":1},{"not_picked":["Sweeping Beam","Gash"],"picked":"Melter","floor":4},{"not_picked":["Leap","Rebound"],"picked":"Seek","floor":6},{"not_picked":["Go for the Eyes","Turbo"],"picked":"Loop","floor":8},{"not_picked":["Sweeping Beam","Streamline"],"picked":"Chill","floor":11},{"not_picked":["Gash","Compile Driver"],"picked":"Steam","floor":12},{"not_picked":["Rebound","All For One","Coolheaded"],"picked":"SKIP","floor":13},{"not_picked":["Rebound","Beam Cell"],"picked":"Loop","floor":14},{"not_picked":["Multi-Cast","Fission"],"picked":"Amplify","floor":16},{"not_picked":["Conserve Battery","Blizzard+1"],"picked":"Chaos","floor":18},{"not_picked":["Reprogram","Streamline"],"picked":"BootSequence","floor":22},{"not_picked":["Beam Cell","Steam+1"],"picked":"Force Field+1","floor":24},{"not_picked":["Conserve Battery","Steam"],"picked":"Storm","floor":25},{"not_picked":["Conserve Battery+1","Streamline"],"picked":"Self Repair","floor":29},{"not_picked":["Consume","Gash"],"picked":"Sunder","floor":30},{"not_picked":["Leap+1","Rebound+1"],"picked":"Buffer","floor":31},{"not_picked":["Seek","Multi-Cast"],"picked":"Biased Cognition","floor":33},{"not_picked":["Ball Lightning+1","Stack"],"picked":"Loop+1","floor":35},{"not_picked":["Leap+1","Recycle"],"picked":"Cold Snap","floor":36},{"not_picked":["Go for the Eyes","Sweeping Beam+1"],"picked":"Conserve Battery+1","floor":37},{"not_picked":["Deep Breath","PanicButton"],"picked":"Panacea","floor":39},{"not_picked":["Barrage","Sweeping Beam"],"picked":"Buffer","floor":42},{"not_picked":["Barrage","Stack"],"picked":"Melter","floor":44},{"not_picked":["Beam Cell+1","Steam Power"],"picked":"Barrage+1","floor":45},{"not_picked":["Scrape+1","Steam"],"picked":"Self Repair","floor":54}],"player_experience":869689,"relics_obtained":[{"floor":3,"key":"Bottled Flame"},{"floor":6,"key":"Boot"},{"floor":9,"key":"PreservedInsect"},{"floor":11,"key":"Cables"},{"floor":25,"key":"DataDisk"},{"floor":26,"key":"Regal Pillow"},{"floor":38,"key":"Nunchaku"},{"floor":42,"key":"Art of War"},{"floor":54,"key":"Thread and Needle"}],"event_choices":[{"damage_healed":0,"gold_gain":0,"player_choice":"Grow","damage_taken":0,"max_hp_gain":0,"max_hp_loss":0,"event_name":"Living Wall","floor":2,"gold_loss":0,"cards_upgraded":["Zap"]},{"damage_healed":0,"gold_gain":0,"player_choice":"Success","damage_taken":7,"relics_obtained":["Darkstone Periapt"],"max_hp_gain":0,"max_hp_loss":0,"event_name":"Scrap Ooze","floor":5,"gold_loss":0},{"damage_healed":0,"gold_gain":0,"player_choice":"Ignored","damage_taken":0,"max_hp_gain":0,"max_hp_loss":0,"event_name":"Beggar","floor":20,"gold_loss":0},{"damage_healed":0,"gold_gain":0,"player_choice":"Simplicity","damage_taken":0,"max_hp_gain":0,"max_hp_loss":0,"event_name":"Back to Basics","floor":27,"gold_loss":0,"cards_upgraded":["Strike_B","Strike_B","Strike_B","Strike_B","Defend_B","Defend_B","Defend_B","Defend_B"]},{"damage_healed":0,"gold_gain":0,"player_choice":"Fight","damage_taken":0,"max_hp_gain":0,"max_hp_loss":0,"event_name":"Mysterious Sphere","floor":38,"gold_loss":0},{"damage_healed":0,"gold_gain":0,"player_choice":"Memory 1","damage_taken":0,"max_hp_gain":0,"max_hp_loss":0,"event_name":"SensoryStone","floor":39,"gold_loss":0},{"damage_healed":0,"gold_gain":0,"player_choice":"2 cards matched","damage_taken":0,"max_hp_gain":0,"max_hp_loss":0,"event_name":"Match and Keep!","floor":48,"gold_loss":0,"cards_obtained":["Hello World","Zap"]}],"is_beta":false,"boss_relics":[{"not_picked":["Velvet Choker","Black Star"],"picked":"Eternal Feather"},{"not_picked":["Cursed Key","Coffee Dripper"],"picked":"Lizard Tail"}],"items_purged_floors":[],"is_endless":false,"potions_floor_spawned":[1,6,12,14,22,29,30,31,33,35,38],"killed_by":"The Heart","ascension_level":0}