{"gold_per_floor":[111,121,133,143,155,155,165,165,165,165,191,31,31,93,93,167,167,180,180,150,75,85,85,102,102,127,27,27,41,41,54,54,131,131,146,0,0,18,38,68,68,99,99,114,114],"floor_reached":45,"playtime":1860,"items_purged":["Strike_R","Strike_R"],"score":1104,"play_id":"f8775eb0-bc3d-4bf8-a259-7830420a9a43","local_time":"20190419214033","is_ascension_mode":true,"campfire_choices":[{"data":"Demon Form","floor":6.0,"key":"SMITH"},{"floor":8.0,"key":"REST"},{"data":"Bash","floor":10.0,"key":"SMITH"},{"data":"True Grit","floor":13.0,"key":"SMITH"},{"data":"Feel No Pain","floor":15.0,"key":"SMITH"},{"floor":23.0,"key":"REST"},{"data":"Barricade","floor":25.0,"key":"SMITH"},{"data":"Feel No Pain","floor":28.0,"key":"SMITH"},{"floor":32.0,"key":"REST"},{"data":"Impervious","floor":41,"key":"SMITH"}],"neow_cost":"NONE","seed_source_timestamp":321527646496100,"circlet_count":0,"master_deck":["AscendersBane","Bash+1","Second Wind","Rampage","Burning Pact+1","Demon Form+1","Feel No Pain+1","True Grit+1","Ghostly Armor","Barricade+1","Evolve","Shrug It Off","Body Slam+1","Feel No Pain+1","Impervious","Warcry","Intimidate","Iron Wave","Juggernaut","Disarm","Blood for Blood","Hemokinesis","Burning Pact","Impervious+1","True Grit+1","Shrug It Off+1","Whirlwind+1"],"special_seed":0,"relics":["Burning Blood","Oddly Smooth Stone","Kunai","War Paint","Bag of Preparation","Question Card","Sozu","Juzu Bracelet","GremlinMask","Pandora\u0027s Box","Red Mask","Bottled Tornado","Shuriken"],"potions_floor_usage":[],"damage_taken":[{"damage":5.0,"enemies":"Cultist","floor":1.0,"turns":4.0},{"damage":9.0,"enemies":"2 Louse","floor":2.0,"turns":3.0},{"damage":6.0,"enemies":"Jaw Worm","floor":3.0,"turns":3.0},{"damage":29.0,"enemies":"Red Slaver","floor":4.0,"turns":4.0},{"damage":16.0,"enemies":"3 Louse","floor":5.0,"turns":5.0},{"damage":23.0,"enemies":"Blue Slaver","floor":7.0,"turns":6.0},{"damage":15.0,"enemies":"Gremlin Nob","floor":11.0,"turns":4.0},{"damage":8.0,"enemies":"Lagavulin Event","floor":14.0,"turns":6.0},{"damage":11.0,"enemies":"The Guardian","floor":16.0,"turns":11.0},{"damage":35.0,"enemies":"3 Byrds","floor":18.0,"turns":8.0},{"damage":18.0,"enemies":"2 Thieves","floor":20.0,"turns":4.0},{"damage":3.0,"enemies":"Sentry and Sphere","floor":22.0,"turns":9.0},{"damage":14.0,"enemies":"Centurion and Healer","floor":24.0,"turns":6.0},{"damage":18.0,"enemies":"Shelled Parasite and Fungi","floor":29.0,"turns":6.0},{"damage":0.0,"enemies":"Cultist and Chosen","floor":31.0,"turns":6.0},{"damage":7,"enemies":"Collector","floor":33,"turns":11},{"damage":46,"enemies":"3 Darklings","floor":35,"turns":7},{"damage":0,"enemies":"Orb Walker","floor":38,"turns":5},{"damage":8,"enemies":"Writhing Mass","floor":39,"turns":7},{"damage":0,"enemies":"Nemesis","floor":40,"turns":5},{"damage":0,"enemies":"Giant Head","floor":42,"turns":7},{"damage":0,"enemies":"4 Shapes","floor":44,"turns":5},{"damage":62,"enemies":"Reptomancer","floor":45,"turns":3}],"seed_played":"-769647749298740698","potions_obtained":[{"floor":3.0,"key":"FearPotion"},{"floor":5.0,"key":"Block Potion"},{"floor":7.0,"key":"AttackPotion"},{"floor":11.0,"key":"Block Potion"},{"floor":14.0,"key":"Fire Potion"}],"is_trial":false,"path_per_floor":["M","M","M","M","M","R","M","R","T","R","E","$","R","?","R","B",null,"M","?","M","$","M","R","M","R","T","$","R","M","?","M","R","B",null,"M","?","?","M","M","E","R","E","T","M","E"],"character_chosen":"IRONCLAD","items_purchased":["Bag of Preparation"],"campfire_rested":3,"item_purchase_floors":[12],"current_hp_per_floor":[69,66,66,43,33,33,16,38,38,38,29,29,29,27,27,22,62,33,33,21,21,24,46,38,38,38,38,38,26,26,32,54,53,70,30,30,61,61,59,61,61,61,61,61,0],"gold":114,"neow_bonus":"RANDOM_COMMON_RELIC","is_prod":false,"is_daily":false,"chose_seed":false,"campfire_upgraded":7,"win_rate":0,"timestamp":1555677633,"path_taken":["M","M","?","M","M","R","M","R","T","R","E","?","R","?","R","BOSS","M","?","?","$","?","R","M","R","T","$","R","M","?","M","R","BOSS","M","?","?","M","M","E","R","E","T","M","E"],"build_version":"2019-01-23","purchased_purges":2,"victory":false,"max_hp_per_floor":[75,75,75,75,75,75,75,75,75,75,75,75,75,75,75,75,75,75,75,75,75,75,75,75,75,75,75,75,75,75,75,75,75,75,75,75,61,61,61,61,61,61,61,61,61],"card_choices":[{"not_picked":["Twin Strike","Flex"],"picked":"Second Wind","floor":1.0},{"not_picked":["Thunderclap","Evolve"],"picked":"Rampage","floor":2.0},{"not_picked":["Fire Breathing","Havoc","Rupture"],"picked":"SKIP","floor":3.0},{"not_picked":["Rampage","Havoc"],"picked":"Burning Pact","floor":4.0},{"not_picked":["Infernal Blade","Pommel Strike"],"picked":"Demon Form","floor":5.0},{"not_picked":["Burning Pact","Intimidate"],"picked":"Feel No Pain","floor":7.0},{"not_picked":["Perfected Strike","Rage"],"picked":"True Grit","floor":11.0},{"not_picked":["Heavy Blade","Uppercut"],"picked":"Ghostly Armor","floor":14.0},{"not_picked":["Berserk","Fiend Fire","Limit Break"],"picked":"Barricade","floor":16.0},{"not_picked":["Iron Wave","Corruption","Sever Soul"],"picked":"Evolve","floor":18.0},{"not_picked":["True Grit","Wild Strike+1","Inflame"],"picked":"Shrug It Off","floor":20.0},{"not_picked":["Warcry","Anger","Second Wind"],"picked":"Body Slam+1","floor":22.0},{"not_picked":["Clothesline","Havoc","Sever Soul"],"picked":"Feel No Pain","floor":24.0},{"not_picked":["Perfected Strike+1","Thunderclap","Clothesline","Pommel Strike"],"picked":"SKIP","floor":29.0},{"not_picked":["Headbutt","Fire Breathing","Perfected Strike","Body Slam+1"],"picked":"SKIP","floor":31.0},{"not_picked":["Immolate","Barricade","Bludgeon"],"picked":"Impervious","floor":33},{"not_picked":["Cleave+1","Clash","Iron Wave"],"picked":"Burning Pact","floor":35},{"not_picked":["Headbutt","Body Slam+1","Thunderclap"],"picked":"Impervious","floor":38},{"not_picked":["Wild Strike","Anger+1","Iron Wave"],"picked":"True Grit+1","floor":39},{"not_picked":["Heavy Blade+1","Thunderclap+1","Sword Boomerang","Rage"],"picked":"SKIP","floor":40},{"not_picked":["Bludgeon","Reckless Charge","Flame Barrier+1"],"picked":"Shrug It Off+1","floor":42},{"not_picked":["Rage","Warcry","Pummel+1","Whirlwind+1"],"picked":"SKIP","floor":44},{"not_picked":["Rage","Warcry","Pummel+1"],"picked":"Whirlwind+1","floor":44}],"player_experience":3237789,"relics_obtained":[{"floor":9.0,"key":"Kunai"},{"floor":11.0,"key":"War Paint"},{"floor":14.0,"key":"Question Card"},{"floor":26.0,"key":"Juzu Bracelet"},{"floor":40,"key":"Bottled Tornado"},{"floor":42,"key":"Shuriken"}],"event_choices":[{"damage_healed":0.0,"max_hp_gain":0.0,"max_hp_loss":0.0,"gold_gain":0.0,"event_name":"Dead Adventurer","player_choice":"Searched \u00272\u0027 times","floor":14.0,"gold_loss":0.0,"damage_taken":0.0},{"damage_healed":0.0,"max_hp_gain":0.0,"max_hp_loss":0.0,"gold_gain":0.0,"event_name":"Lab","player_choice":"Got Potions","floor":19.0,"gold_loss":0.0,"damage_taken":0.0},{"damage_healed":0.0,"max_hp_gain":0.0,"max_hp_loss":0.0,"gold_gain":0.0,"event_name":"FaceTrader","player_choice":"Trade","floor":30.0,"gold_loss":0.0,"damage_taken":0.0,"relics_obtained":["GremlinMask"]},{"damage_healed":0,"gold_gain":0,"player_choice":"Paid","damage_taken":0,"relics_obtained":["Red Mask"],"max_hp_gain":0,"max_hp_loss":0,"event_name":"Tomb of Lord Red Mask","floor":36,"gold_loss":146},{"damage_healed":61,"gold_gain":0,"player_choice":"Heal","damage_taken":0,"max_hp_gain":0,"max_hp_loss":14,"event_name":"The Moai Head","floor":37,"gold_loss":0}],"is_beta":false,"boss_relics":[{"not_picked":["Runic Pyramid","Busted Crown"],"picked":"Sozu"},{"not_picked":["Astrolabe","Empty Cage"],"picked":"Pandora\u0027s Box"}],"items_purged_floors":[21,27],"is_endless":false,"potions_floor_spawned":[3,5,7,11,14,24,29,31,35,42,44],"killed_by":"Reptomancer","ascension_level":20}