{"gold_per_floor":[115,62,79,229,229,229,256,275,275,275,275,286,286,313,313,313],"floor_reached":16,"playtime":292,"items_purged":[],"score":266,"play_id":"305a4833-561b-483c-a5f7-2c9feb4b6f78","local_time":"20190313001134","is_ascension_mode":true,"campfire_choices":[{"data":"Zap","floor":6,"key":"SMITH"},{"data":"Capacitor","floor":11,"key":"SMITH"},{"data":"Dualcast","floor":13,"key":"SMITH"},{"data":"Melter","floor":15,"key":"SMITH"}],"neow_cost":"NONE","seed_source_timestamp":309552598096400,"circlet_count":0,"master_deck":["AscendersBane","Strike_B","Strike_B","Strike_B","Strike_B","Defend_B","Defend_B","Defend_B","Defend_B","Zap+1","Dualcast+1","Cold Snap","Capacitor+1","Melter+1"],"relics":["Cracked Core","NeowsBlessing","Singing Bowl","Mercury Hourglass","Darkstone Periapt"],"potions_floor_usage":[8,16,16],"damage_taken":[{"damage":0,"enemies":"Small Slimes","floor":1,"turns":1},{"damage":0,"enemies":"Jaw Worm","floor":3,"turns":1},{"damage":0,"enemies":"Lagavulin","floor":7,"turns":1},{"damage":8,"enemies":"2 Louse","floor":8,"turns":2},{"damage":12,"enemies":"Exordium Wildlife","floor":12,"turns":3},{"damage":40,"enemies":"Gremlin Nob","floor":14,"turns":4},{"damage":5,"enemies":"Slime Boss","floor":16,"turns":6}],"seed_played":"-6771905054960477744","potions_obtained":[{"floor":7,"key":"Fruit Juice"},{"floor":14,"key":"Strength Potion"}],"is_trial":false,"path_per_floor":["M","$","M","?","?","R","E","M","T","?","R","M","R","E","R","B"],"character_chosen":"DEFECT","items_purchased":["Explosive Potion"],"campfire_rested":0,"item_purchase_floors":[2],"current_hp_per_floor":[64,64,64,64,64,64,64,61,61,61,61,51,51,11,11,6],"gold":313,"neow_bonus":"THREE_ENEMY_KILL","is_prod":false,"is_daily":false,"chose_seed":false,"campfire_upgraded":4,"win_rate":0,"timestamp":1552403494,"path_taken":["M","$","M","?","?","R","E","M","T","?","R","M","R","E","R","BOSS"],"build_version":"2019-01-23","purchased_purges":0,"victory":false,"max_hp_per_floor":[71,71,71,71,71,71,71,76,76,76,76,78,78,78,78,78],"card_choices":[{"not_picked":["Steam","Go for the Eyes"],"picked":"Cold Snap","floor":1},{"not_picked":["Reprogram","Hologram","Scrape"],"picked":"SKIP","floor":3},{"not_picked":["Hologram","BootSequence","Ball Lightning"],"picked":"SKIP","floor":7},{"not_picked":["Darkness","Steam"],"picked":"Capacitor","floor":8},{"not_picked":["Leap","Beam Cell","Conserve Battery"],"picked":"Singing Bowl","floor":12},{"not_picked":["BootSequence","Lockon"],"picked":"Melter","floor":14}],"player_experience":2215200,"relics_obtained":[{"floor":9,"key":"Singing Bowl"},{"floor":14,"key":"Darkstone Periapt"}],"event_choices":[{"damage_healed":0,"gold_gain":150,"player_choice":"AGREE","damage_taken":0,"max_hp_gain":0,"max_hp_loss":0,"event_name":"Liars Game","floor":4,"gold_loss":0,"cards_obtained":["Doubt"]},{"cards_removed":["Doubt"],"damage_healed":0,"gold_gain":0,"player_choice":"Forget","damage_taken":0,"max_hp_gain":0,"max_hp_loss":0,"event_name":"Living Wall","floor":5,"gold_loss":0},{"damage_healed":0,"gold_gain":0,"player_choice":"Searched \u00271\u0027 times","damage_taken":0,"relics_obtained":["Mercury Hourglass"],"max_hp_gain":0,"max_hp_loss":0,"event_name":"Dead Adventurer","floor":10,"gold_loss":0}],"is_beta":false,"boss_relics":[],"items_purged_floors":[],"is_endless":false,"potions_floor_spawned":[7,14],"killed_by":"Slime Boss","ascension_level":20}