{"gold_per_floor":[110,125,125,143,163,163,8,8,8,35,48,48,48,123,123,219,219,239,249,264,277,292,292,312,312,312,312,312,327,327,340,340,436,436,451,467,467,478,498,498,117,117,117,127,127,127,127,145,145,145,145,145,0,0],"floor_reached":54,"playtime":1864,"items_purged":["Strike_B","Force Field"],"score":761,"play_id":"a09daa51-ba1b-4680-adea-45f7c6e45ab5","local_time":"20190420013611","is_ascension_mode":true,"campfire_choices":[{"data":"Zap","floor":6,"key":"SMITH"},{"data":"Capacitor","floor":8,"key":"SMITH"},{"data":"Genetic Algorithm","floor":12,"key":"SMITH"},{"floor":15,"key":"REST"},{"floor":23,"key":"REST"},{"floor":25,"key":"REST"},{"floor":30,"key":"REST"},{"floor":32,"key":"REST"},{"floor":40,"key":"REST"},{"floor":42,"key":"RECALL"},{"floor":45,"key":"REST"},{"floor":49,"key":"REST"},{"data":"Defragment","floor":52,"key":"SMITH"}],"neow_cost":"NONE","seed_source_timestamp":162815117769840,"circlet_count":0,"master_deck":["Zap+1","Dualcast","Coolheaded","Ball Lightning","Conserve Battery","Loop","Capacitor+1","Ball Lightning","BootSequence","Genetic Algorithm+1","Ball Lightning","Biased Cognition","Melter+1","Ball Lightning+1","Skim+1","Conserve Battery","Tempest","Amplify","Steam+1","Chill+1","Blizzard","FTL+1","Conserve Battery+1","Coolheaded+1","Genetic Algorithm+1","Multi-Cast","Turbo","Hello World","Self Repair","Double Energy","Leap","Blizzard+1","Defragment+1","Mind Blast","Gash+1","Genetic Algorithm+1","Machine Learning","Steam+1","Doubt","Echo Form","Sweeping Beam"],"relics":["Cracked Core","NeowsBlessing","Meat on the Bone","Prayer Wheel","Emotion Chip","Black Star","Darkstone Periapt","MutagenicStrength","Pandora\u0027s Box","Orichalcum","Bronze Scales"],"potions_floor_usage":[21,33,33,33,48,50,50],"damage_taken":[{"damage":0,"enemies":"2 Louse","floor":1,"turns":1},{"damage":0,"enemies":"Cultist","floor":2,"turns":1},{"damage":0,"enemies":"Small Slimes","floor":4,"turns":1},{"damage":1,"enemies":"Blue Slaver","floor":5,"turns":5},{"damage":38,"enemies":"Gremlin Nob","floor":10,"turns":5},{"damage":17,"enemies":"Lots of Slimes","floor":11,"turns":3},{"damage":45,"enemies":"Slime Boss","floor":16,"turns":8},{"damage":11,"enemies":"Chosen","floor":18,"turns":5},{"damage":4,"enemies":"Spheric Guardian","floor":19,"turns":3},{"damage":46,"enemies":"3 Cultists","floor":20,"turns":6},{"damage":13,"enemies":"Centurion and Healer","floor":21,"turns":5},{"damage":23,"enemies":"Sentry and Sphere","floor":22,"turns":4},{"damage":30,"enemies":"3 Cultists","floor":24,"turns":5},{"damage":24,"enemies":"Centurion and Healer","floor":29,"turns":5},{"damage":12,"enemies":"Snecko","floor":31,"turns":6},{"damage":72,"enemies":"Automaton","floor":33,"turns":8},{"damage":10,"enemies":"Orb Walker","floor":35,"turns":4},{"damage":38,"enemies":"3 Darklings","floor":36,"turns":6},{"damage":25,"enemies":"Jaw Worm Horde","floor":38,"turns":7},{"damage":37,"enemies":"Transient","floor":39,"turns":5},{"damage":32,"enemies":"3 Darklings","floor":44,"turns":7},{"damage":36,"enemies":"Writhing Mass","floor":48,"turns":7},{"damage":52,"enemies":"Donu and Deca","floor":50,"turns":11},{"damage":89,"enemies":"Shield and Spear","floor":54,"turns":5}],"seed_played":"-260139457804829585","potions_obtained":[{"floor":2,"key":"SpeedPotion"},{"floor":10,"key":"Regen Potion"},{"floor":16,"key":"EssenceOfSteel"},{"floor":29,"key":"Strength Potion"},{"floor":33,"key":"Block Potion"},{"floor":36,"key":"SkillPotion"},{"floor":39,"key":"PowerPotion"}],"is_trial":false,"path_per_floor":["M","M","?","M","M","R","$","R","T","E","M","R","?","?","R","B",null,"M","M","M","M","M","R","M","R","T","?","?","M","R","M","R","B",null,"M","M","?","M","M","R","$","R","T","M","R","$","?","M","R","B",null,"R","$","E"],"character_chosen":"DEFECT","items_purchased":["Capacitor","Ball Lightning","Orichalcum","Machine Learning","Bronze Scales"],"campfire_rested":8,"item_purchase_floors":[7,7,41,41,53],"current_hp_per_floor":[75,75,75,75,74,74,74,74,74,48,43,43,36,29,51,18,75,64,60,26,37,26,48,30,52,52,38,38,26,50,50,74,14,80,77,58,58,52,34,58,58,58,58,45,69,69,86,57,82,49,86,86,86,0],"gold":0,"neow_bonus":"THREE_ENEMY_KILL","is_prod":false,"is_daily":false,"chose_seed":false,"campfire_upgraded":4,"win_rate":0,"timestamp":1555742171,"path_taken":["M","M","?","M","M","R","$","R","T","E","?","R","?","?","R","BOSS","M","M","M","M","?","R","M","R","T","?","?","M","R","M","R","BOSS","M","M","?","M","M","R","$","R","T","M","R","$","?","M","R","BOSS","R","$","E"],"build_version":"2019-01-23","purchased_purges":2,"victory":false,"max_hp_per_floor":[75,75,75,75,75,75,75,75,75,75,75,75,75,75,75,75,75,75,75,75,75,75,75,75,75,75,80,80,80,80,80,80,80,80,80,80,80,80,80,80,80,80,80,80,80,80,86,86,86,86,86,86,86,86],"card_choices":[{"not_picked":["Streamline","Leap"],"picked":"Coolheaded","floor":1},{"not_picked":["Turbo","Steam"],"picked":"Ball Lightning","floor":2},{"not_picked":["Streamline","Steam"],"picked":"Conserve Battery","floor":4},{"not_picked":["Rebound","Rip and Tear"],"picked":"Loop","floor":5},{"not_picked":["Leap","Stack"],"picked":"BootSequence","floor":10},{"not_picked":["Compile Driver","Stack"],"picked":"Genetic Algorithm","floor":11},{"not_picked":["Loop","Ball Lightning","Rebound"],"picked":"SKIP","floor":11},{"not_picked":["Loop","Rebound"],"picked":"Ball Lightning","floor":11},{"not_picked":["Echo Form","Creative AI"],"picked":"Biased Cognition","floor":16},{"not_picked":["Redo","Streamline+1"],"picked":"Melter+1","floor":18},{"not_picked":["Heatsinks+1","Coolheaded"],"picked":"Ball Lightning+1","floor":18},{"not_picked":["Rebound","White Noise+1"],"picked":"Skim+1","floor":19},{"not_picked":["Streamline","Hello World","Ball Lightning"],"picked":"SKIP","floor":19},{"not_picked":["Fusion","White Noise"],"picked":"Conserve Battery","floor":20},{"not_picked":["Redo","Streamline"],"picked":"Tempest","floor":20},{"not_picked":["Conserve Battery","Double Energy"],"picked":"Amplify","floor":21},{"not_picked":["Leap+1","Gash+1"],"picked":"Steam+1","floor":21},{"not_picked":["Sweeping Beam+1","Ball Lightning"],"picked":"Chill+1","floor":22},{"not_picked":["Beam Cell+1","Compile Driver+1","Barrage"],"picked":"SKIP","floor":22},{"not_picked":["Gash","Sweeping Beam"],"picked":"Blizzard","floor":24},{"not_picked":["Leap","Reprogram+1"],"picked":"FTL+1","floor":24},{"not_picked":["Chaos","Hologram"],"picked":"Conserve Battery+1","floor":29},{"not_picked":["Go for the Eyes","Beam Cell","Streamline"],"picked":"SKIP","floor":29},{"not_picked":["Rainbow","Barrage"],"picked":"Coolheaded+1","floor":31},{"not_picked":["Redo","Coolheaded"],"picked":"Genetic Algorithm+1","floor":31},{"not_picked":["Creative AI","Rainbow"],"picked":"Multi-Cast","floor":33},{"not_picked":["Rebound+1","Ball Lightning+1","Tempest"],"picked":"SKIP","floor":35},{"not_picked":["Scrape+1","Hello World","Stack+1"],"picked":"SKIP","floor":35},{"not_picked":["Go for the Eyes+1","Ball Lightning+1"],"picked":"Blizzard+1","floor":36},{"not_picked":["Chaos+1","Hyperbeam"],"picked":"Defragment","floor":36},{"not_picked":["Mayhem","Purity"],"picked":"Mind Blast","floor":37},{"not_picked":["Go for the Eyes","Loop+1"],"picked":"Gash+1","floor":38},{"not_picked":["Loop+1","Ball Lightning","Steam"],"picked":"SKIP","floor":38},{"not_picked":["Reprogram+1","Turbo"],"picked":"Genetic Algorithm+1","floor":39},{"not_picked":["Conserve Battery","Scrape","Turbo"],"picked":"SKIP","floor":39},{"not_picked":["Rebound","Doom and Gloom+1"],"picked":"Steam+1","floor":44},{"not_picked":["Loop","Conserve Battery","Barrage+1"],"picked":"SKIP","floor":44},{"not_picked":["White Noise+1","Redo+1"],"picked":"Echo Form","floor":48},{"not_picked":["Darkness","Gash"],"picked":"Sweeping Beam","floor":48}],"player_experience":217534,"relics_obtained":[{"floor":3,"key":"Meat on the Bone"},{"floor":9,"key":"Prayer Wheel"},{"floor":10,"key":"Emotion Chip"},{"floor":26,"key":"Darkstone Periapt"}],"event_choices":[{"damage_healed":0,"gold_gain":0,"player_choice":"Relic","damage_taken":0,"max_hp_gain":0,"max_hp_loss":0,"event_name":"Wheel of Change","floor":3,"gold_loss":0},{"cards_removed":["Strike_B"],"damage_healed":0,"gold_gain":0,"player_choice":"Card Removal","damage_taken":7,"max_hp_gain":0,"max_hp_loss":0,"event_name":"Golden Wing","floor":13,"gold_loss":0},{"damage_healed":0,"gold_gain":75,"player_choice":"Touch","damage_taken":7,"max_hp_gain":0,"max_hp_loss":0,"event_name":"FaceTrader","floor":14,"gold_loss":0},{"damage_healed":0,"gold_gain":0,"player_choice":"Shed Blood","damage_taken":19,"max_hp_gain":5,"max_hp_loss":0,"event_name":"Forgotten Altar","floor":27,"gold_loss":0},{"damage_healed":0,"gold_gain":0,"player_choice":"Inject Mutagens","damage_taken":0,"relics_obtained":["MutagenicStrength"],"max_hp_gain":0,"max_hp_loss":0,"event_name":"Drug Dealer","floor":28,"gold_loss":0},{"damage_healed":0,"gold_gain":0,"player_choice":"Memory 1","damage_taken":0,"max_hp_gain":0,"max_hp_loss":0,"event_name":"SensoryStone","floor":37,"gold_loss":0},{"damage_healed":11,"gold_gain":0,"player_choice":"Heal","damage_taken":0,"max_hp_gain":0,"max_hp_loss":0,"event_name":"MindBloom","floor":47,"gold_loss":0,"cards_obtained":["Doubt"]}],"is_beta":false,"boss_relics":[{"not_picked":["White Beast Statue","Busted Crown"],"picked":"Black Star"},{"not_picked":["Calling Bell","Tiny House"],"picked":"Pandora\u0027s Box"}],"items_purged_floors":[7,41],"is_endless":false,"potions_floor_spawned":[2,10,16,19,29,33,36,39],"killed_by":"Shield and Spear","ascension_level":3}