{"gold_per_floor":[368,368,380,9,25,25,56,56,56,81,81,96,159,214,214,286,286,304,304,404,423,439,464,464,498,525,108,108,23,23,57,57,131,131,148,62,162,162,179,179,208,208,208,208,234,28,41,51,51,51,51,51,51,23,53,53],"floor_reached":57,"playtime":2149,"items_purged":["Strike_R","Strike_R","Combust"],"score":3013,"play_id":"ff8ce53d-b0de-4c8d-8b73-11bc59173c45","local_time":"20190405213253","is_ascension_mode":true,"campfire_choices":[{"data":"Cleave","floor":6,"key":"SMITH"},{"data":"Whirlwind","floor":11,"key":"SMITH"},{"data":"Inflame","floor":15,"key":"SMITH"},{"floor":24,"key":"REST"},{"floor":28,"key":"REST"},{"data":"Entrench","floor":32,"key":"SMITH"},{"data":"Entrench","floor":40,"key":"SMITH"},{"floor":44,"key":"RECALL"},{"data":"Deep Breath","floor":49,"key":"SMITH"},{"data":"True Grit","floor":53,"key":"SMITH"}],"neow_cost":"TEN_PERCENT_HP_LOSS","seed_source_timestamp":640688219559700,"circlet_count":0,"master_deck":["AscendersBane","Bash+1","Inflame+1","Feel No Pain","Shrug It Off","Cleave+1","Whirlwind+1","Fiend Fire","Evolve","Ghostly","Ghostly","Ghostly","Power Through","True Grit+1","Entrench+1","Deep Breath+1","Shrug It Off","Fiend Fire","Twin Strike","Pummel","Pommel Strike","Infernal Blade","Sentinel","Exhume","Entrench+1","Disarm","Body Slam","True Grit+1","Impervious"],"relics":["Burning Blood","Anchor","Mercury Hourglass","Orichalcum","Odd Mushroom","Art of War","Tiny Chest","Philosopher\u0027s Stone","Calipers","Self Forming Clay","Vajra","Sundial","War Paint","Membership Card","Pantograph","Boot","Pandora\u0027s Box","Potion Belt","FossilizedHelix","Bronze Scales","Lantern","Pear","Blood Vial"],"potions_floor_usage":[13,18,33,42,50,56,56,56],"damage_taken":[{"damage":7,"enemies":"Cultist","floor":1,"turns":4},{"damage":1,"enemies":"Small Slimes","floor":3,"turns":4},{"damage":2,"enemies":"2 Louse","floor":5,"turns":4},{"damage":27,"enemies":"Lagavulin","floor":7,"turns":6},{"damage":3,"enemies":"The Mushroom Lair","floor":10,"turns":3},{"damage":1,"enemies":"Looter","floor":12,"turns":2},{"damage":2,"enemies":"Gremlin Nob","floor":13,"turns":3},{"damage":0,"enemies":"3 Sentries","floor":14,"turns":2},{"damage":43,"enemies":"Slime Boss","floor":16,"turns":9},{"damage":2,"enemies":"2 Thieves","floor":18,"turns":2},{"damage":0,"enemies":"Colosseum Slavers","floor":20,"turns":3},{"damage":0,"enemies":"Colosseum Nobs","floor":20,"turns":5},{"damage":0,"enemies":"3 Byrds","floor":21,"turns":4},{"damage":8,"enemies":"Snake Plant","floor":22,"turns":4},{"damage":22,"enemies":"Slavers","floor":23,"turns":5},{"damage":15,"enemies":"Book of Stabbing","floor":25,"turns":7},{"damage":0,"enemies":"Slavers","floor":31,"turns":3},{"damage":0,"enemies":"Champ","floor":33,"turns":20},{"damage":0,"enemies":"Orb Walker","floor":35,"turns":3},{"damage":0,"enemies":"Mind Bloom Boss Battle","floor":37,"turns":10},{"damage":0,"enemies":"3 Darklings","floor":39,"turns":3},{"damage":5,"enemies":"Reptomancer","floor":41,"turns":9},{"damage":0,"enemies":"Jaw Worm Horde","floor":42,"turns":2},{"damage":0,"enemies":"Sphere and 2 Shapes","floor":47,"turns":6},{"damage":0,"enemies":"3 Darklings","floor":48,"turns":3},{"damage":19,"enemies":"Donu and Deca","floor":50,"turns":13},{"damage":0,"enemies":"Time Eater","floor":51,"turns":8},{"damage":29,"enemies":"Shield and Spear","floor":55,"turns":11},{"damage":10,"enemies":"The Heart","floor":56,"turns":10}],"seed_played":"5665081871335064047","potions_obtained":[{"floor":1,"key":"EssenceOfSteel"},{"floor":3,"key":"Energy Potion"},{"floor":13,"key":"Block Potion"},{"floor":18,"key":"BloodPotion"},{"floor":21,"key":"SmokeBomb"},{"floor":33,"key":"Weak Potion"},{"floor":37,"key":"PowerPotion"},{"floor":39,"key":"Regen Potion"}],"is_trial":false,"path_per_floor":["M","?","M","$","M","R","E","$","T","?","R","M","?","E","R","B",null,"M","?","?","M","M","E","R","E","T","$","R","?","$","E","R","B",null,"M","$","?","?","M","R","E","M","T","R","T","$","M","M","R","B","B",null,"R","$","E","B",null],"character_chosen":"IRONCLAD","items_purchased":["Feel No Pain","Anchor","Shrug It Off","Deep Breath","Membership Card","Potion Belt","Pear","Dexterity Potion"],"campfire_rested":2,"item_purchase_floors":[4,4,4,27,27,36,46,54],"current_hp_per_floor":[67,47,52,52,56,56,35,35,35,38,38,43,47,53,53,16,55,59,34,34,34,32,16,26,17,17,17,27,27,27,33,33,34,34,34,34,34,34,34,34,34,34,34,34,34,44,44,44,44,44,44,44,44,44,21,40],"gold":53,"neow_bonus":"TWO_FIFTY_GOLD","is_prod":false,"is_daily":false,"chose_seed":false,"campfire_upgraded":7,"win_rate":0,"timestamp":1554467573,"path_taken":["M","?","M","$","M","R","E","$","T","?","R","M","?","E","R","BOSS","M","?","?","M","M","E","R","E","T","$","R","?","$","E","R","BOSS","M","$","?","?","?","R","E","M","T","R","?","?","M","M","R","BOSS","BOSS","R","$","E","BOSS"],"build_version":"2019-01-23","purchased_purges":3,"victory":true,"max_hp_per_floor":[68,68,68,68,68,68,68,68,68,68,68,68,68,68,68,68,68,68,34,34,34,34,34,34,34,34,34,34,34,34,34,34,34,34,34,34,34,34,34,34,34,34,34,34,34,44,44,44,44,44,44,44,44,44,44,44],"card_choices":[{"not_picked":["Searing Blow","Clash","Metallicize"],"picked":"SKIP","floor":1},{"not_picked":["Iron Wave","Clash"],"picked":"Inflame","floor":3},{"not_picked":["Pommel Strike","Wild Strike","Cleave"],"picked":"SKIP","floor":5},{"not_picked":["Pommel Strike","Wild Strike"],"picked":"Cleave","floor":5},{"not_picked":["Bloodletting","Wild Strike","Headbutt"],"picked":"SKIP","floor":7},{"not_picked":["Havoc","Anger"],"picked":"Whirlwind","floor":10},{"not_picked":["Dual Wield","Heavy Blade","Exhume"],"picked":"SKIP","floor":12},{"not_picked":["Clothesline","Armaments","Disarm"],"picked":"SKIP","floor":14},{"not_picked":["Dark Embrace","Feed"],"picked":"Fiend Fire","floor":16},{"not_picked":["Havoc+1","Wild Strike+1"],"picked":"Evolve","floor":18},{"not_picked":["Body Slam","Sword Boomerang"],"picked":"Power Through","floor":20},{"not_picked":["Heavy Blade","Pommel Strike"],"picked":"True Grit","floor":21},{"not_picked":["Reckless Charge","Perfected Strike","Headbutt"],"picked":"SKIP","floor":22},{"not_picked":["Thunderclap+1","Perfected Strike"],"picked":"Entrench","floor":23},{"not_picked":["Headbutt+1","Reckless Charge","Demon Form"],"picked":"SKIP","floor":25},{"not_picked":["Sentinel","Anger"],"picked":"Shrug It Off","floor":31},{"not_picked":["Demon Form","Immolate"],"picked":"Fiend Fire","floor":33},{"not_picked":["Rampage","Heavy Blade+1"],"picked":"Entrench","floor":35},{"not_picked":["Cleave+1","Sword Boomerang"],"picked":"Disarm","floor":37},{"not_picked":["Warcry","Anger"],"picked":"Body Slam","floor":39},{"not_picked":["Hemokinesis","Reaper"],"picked":"True Grit","floor":41},{"not_picked":["Clothesline+1","Headbutt","Shrug It Off"],"picked":"SKIP","floor":47},{"not_picked":["Body Slam","Havoc+1","Clash"],"picked":"SKIP","floor":48},{"not_picked":["Anger","Twin Strike"],"picked":"Impervious","floor":55}],"player_experience":2899485,"relics_obtained":[{"floor":7,"key":"Mercury Hourglass"},{"floor":9,"key":"Orichalcum"},{"floor":10,"key":"Odd Mushroom"},{"floor":13,"key":"Art of War"},{"floor":14,"key":"Tiny Chest"},{"floor":20,"key":"Calipers"},{"floor":20,"key":"Self Forming Clay"},{"floor":23,"key":"Vajra"},{"floor":25,"key":"Sundial"},{"floor":26,"key":"War Paint"},{"floor":31,"key":"Boot"},{"floor":37,"key":"FossilizedHelix"},{"floor":41,"key":"Bronze Scales"},{"floor":45,"key":"Lantern"},{"floor":55,"key":"Blood Vial"}],"event_choices":[{"damage_healed":0,"gold_gain":0,"player_choice":"Entered Light","damage_taken":20,"max_hp_gain":0,"max_hp_loss":0,"event_name":"Shining Light","floor":2,"gold_loss":0,"cards_upgraded":["Defend_R","Bash"]},{"damage_healed":0,"gold_gain":0,"player_choice":"Fought Mushrooms","damage_taken":0,"max_hp_gain":0,"max_hp_loss":0,"event_name":"Mushrooms","floor":10,"gold_loss":0},{"damage_healed":0,"gold_gain":30,"player_choice":"Searched \u00273\u0027 times","damage_taken":0,"max_hp_gain":0,"max_hp_loss":0,"event_name":"Dead Adventurer","floor":13,"gold_loss":0},{"damage_healed":0,"gold_gain":0,"player_choice":"Became a Ghost","damage_taken":0,"max_hp_gain":0,"max_hp_loss":34,"event_name":"Ghosts","floor":19,"gold_loss":0,"cards_obtained":["Ghostly","Ghostly","Ghostly"]},{"damage_healed":0,"gold_gain":0,"player_choice":"Fight","damage_taken":0,"max_hp_gain":0,"max_hp_loss":0,"event_name":"Colosseum","floor":20,"gold_loss":0},{"damage_healed":0,"gold_gain":0,"player_choice":"Fought Nobs","damage_taken":0,"max_hp_gain":0,"max_hp_loss":0,"event_name":"Colosseum","floor":20,"gold_loss":0},{"damage_healed":0,"gold_gain":0,"player_choice":"Obtained Relic","damage_taken":0,"relics_obtained":["Pantograph"],"max_hp_gain":0,"max_hp_loss":0,"event_name":"Addict","floor":29,"gold_loss":85},{"damage_healed":0,"gold_gain":0,"player_choice":"Fight","damage_taken":0,"max_hp_gain":0,"max_hp_loss":0,"event_name":"MindBloom","floor":37,"gold_loss":0},{"damage_healed":0,"gold_gain":0,"player_choice":"0 cards matched","damage_taken":0,"max_hp_gain":0,"max_hp_loss":0,"event_name":"Match and Keep!","floor":38,"gold_loss":0,"cards_obtained":[]}],"is_beta":false,"boss_relics":[{"not_picked":["Busted Crown","Cursed Key"],"picked":"Philosopher\u0027s Stone"},{"not_picked":["Runic Dome","Orrery"],"picked":"Pandora\u0027s Box"}],"items_purged_floors":[4,27,46],"is_endless":false,"potions_floor_spawned":[1,3,13,14,18,21,25,33,37,39,42],"ascension_level":20}