{"gold_per_floor":[416,416,8,32,50,91,91,148,174,213,234,248,248,291,291,385,385,404,529,0,19,34,78,78,102,129,129,129,169,169,207,207,297,297,321,385,385,385,385,429,429,448,448,464,507,507,550,28,28,28,28,28,28,28,68,68],"floor_reached":57,"playtime":2839,"items_purged":["Strike_R","Pain"],"score":3628,"play_id":"45c9ffc9-873c-413b-ba89-d4716c26285c","local_time":"20190401202853","is_ascension_mode":true,"campfire_choices":[{"data":"Immolate","floor":7,"key":"SMITH"},{"data":"Creative AI","floor":13,"key":"SMITH"},{"data":"Bash","floor":15,"key":"SMITH"},{"floor":24,"key":"REST"},{"data":"Electrodynamics","floor":32,"key":"SMITH"},{"floor":41,"key":"RECALL"},{"floor":46,"key":"REST"},{"data":"Corruption","floor":49,"key":"SMITH"},{"data":"Metallicize","floor":53,"key":"SMITH"}],"neow_cost":"","seed_source_timestamp":290532847164600,"circlet_count":0,"master_deck":["Ghostly","Defend_R","Defend_R","Defend_R","Defend_R","Strike_R","Strike_R","Strike_R","Strike_R","Creative AI+1","Havoc+1","Seeing Red+1","Prepared+1","Impatience+1","Immolate+1","Panacea+1","Blur+1","Flame Barrier+1","Electrodynamics+1","Pain","Blur+1","Shrug It Off+1","Prepared+1","Concentrate+1","Warcry+1","Chill+1","Amplify+1","Blade Dance+1","Bandage Up+1","Shrug It Off+1","Escape Plan+1","Good Instincts+1","Intimidate+1","Entrench+1","Corruption+1","Metallicize+1","Burning Pact+1"],"relics":["Burning Blood","Old Coin","Membership Card","The Courier","Symbiotic Virus","PrismaticShard","Emotion Chip","Cables","Golden Idol","TheAbacus","Centennial Puzzle","Art of War","Toxic Egg 2","Oddly Smooth Stone","Regal Pillow","Potion Belt","Bottled Tornado","Calling Bell","Pen Nib","Blue Candle","Pocketwatch","Torii","Gremlin Horn","Tiny Chest","Darkstone Periapt","Prayer Wheel","Ornamental Fan","Unceasing Top","Bag of Preparation","Self Forming Clay","Charon\u0027s Ashes","Kunai","Philosopher\u0027s Stone","Ice Cream","Orichalcum","Mango","Letter Opener","Meat on the Bone","Strawberry","Dodecahedron","Red Skull","Sling","Anchor","Pear","Sundial","Bag of Marbles"],"potions_floor_usage":[14,16,19,19,56,56,56,56],"damage_taken":[{"damage":17,"enemies":"Small Slimes","floor":1,"turns":4},{"damage":2,"enemies":"2 Louse","floor":4,"turns":3},{"damage":3,"enemies":"Jaw Worm","floor":5,"turns":4},{"damage":33,"enemies":"3 Sentries","floor":6,"turns":11},{"damage":10,"enemies":"Gremlin Nob","floor":10,"turns":3},{"damage":0,"enemies":"2 Fungi Beasts","floor":11,"turns":2},{"damage":12,"enemies":"Large Slime","floor":12,"turns":2},{"damage":8,"enemies":"Lagavulin","floor":14,"turns":9},{"damage":0,"enemies":"Slime Boss","floor":16,"turns":11},{"damage":16,"enemies":"2 Thieves","floor":18,"turns":3},{"damage":30,"enemies":"Colosseum Slavers","floor":19,"turns":2},{"damage":21,"enemies":"Colosseum Nobs","floor":19,"turns":3},{"damage":1,"enemies":"3 Byrds","floor":21,"turns":3},{"damage":3,"enemies":"Centurion and Healer","floor":22,"turns":9},{"damage":39,"enemies":"Book of Stabbing","floor":23,"turns":7},{"damage":2,"enemies":"Sentry and Sphere","floor":25,"turns":3},{"damage":1,"enemies":"Gremlin Leader","floor":29,"turns":4},{"damage":1,"enemies":"Slavers","floor":31,"turns":3},{"damage":1,"enemies":"Collector","floor":33,"turns":10},{"damage":10,"enemies":"Orb Walker","floor":35,"turns":5},{"damage":26,"enemies":"2 Orb Walkers","floor":36,"turns":2},{"damage":6,"enemies":"Giant Head","floor":40,"turns":8},{"damage":0,"enemies":"3 Shapes","floor":42,"turns":3},{"damage":0,"enemies":"Jaw Worm Horde","floor":44,"turns":1},{"damage":17,"enemies":"Nemesis","floor":45,"turns":7},{"damage":1,"enemies":"Reptomancer","floor":47,"turns":4},{"damage":32,"enemies":"Time Eater","floor":50,"turns":11},{"damage":5,"enemies":"Donu and Deca","floor":51,"turns":6},{"damage":1,"enemies":"Shield and Spear","floor":55,"turns":1},{"damage":28,"enemies":"The Heart","floor":56,"turns":11}],"seed_played":"-989474541932182974","potions_obtained":[{"floor":1,"key":"FairyPotion"},{"floor":4,"key":"Strength Potion"},{"floor":12,"key":"Regen Potion"},{"floor":14,"key":"Strength Potion"},{"floor":16,"key":"BloodPotion"},{"floor":18,"key":"BloodPotion"},{"floor":19,"key":"Ancient Potion"},{"floor":21,"key":"Dexterity Potion"},{"floor":25,"key":"FearPotion"},{"floor":35,"key":"Dexterity Potion"},{"floor":42,"key":"SkillPotion"}],"is_trial":true,"path_per_floor":["M","?","$","M","M","E","R","?","T","E","M","M","R","E","R","B",null,"M","?","$","M","M","E","R","M","T","?","?","E","T","E","R","B",null,"M","?","?","T","T","E","R","M","T","M","E","R","E","$","R","B","B",null,"R","$","E","B",null],"character_chosen":"IRONCLAD","items_purchased":["TheAbacus","Centennial Puzzle","Art of War","Toxic Egg 2","Havoc+1","Seeing Red+1","Tiny Chest","Darkstone Periapt","Prayer Wheel","Ornamental Fan","Unceasing Top","Entrench+1","Red Skull","Sling","Anchor","Corruption","Metallicize","Pear","Sundial"],"campfire_rested":2,"item_purchase_floors":[3,3,3,3,3,3,20,20,20,20,20,48,48,48,48,48,48,48,48],"current_hp_per_floor":[57,57,57,61,64,37,37,37,37,33,39,33,33,46,46,52,64,54,27,27,32,35,12,47,51,51,51,51,56,56,61,61,66,68,64,44,44,44,58,64,64,76,76,82,79,89,89,99,99,79,86,96,96,96,99,77],"gold":68,"neow_bonus":"","is_prod":false,"is_daily":false,"chose_seed":false,"campfire_upgraded":6,"win_rate":0,"timestamp":1554118133,"path_taken":["M","?","$","M","M","E","R","?","T","E","M","M","R","E","R","BOSS","M","?","$","M","M","E","R","M","T","?","?","E","?","E","R","BOSS","M","?","?","?","?","E","R","M","T","?","E","R","E","$","R","BOSS","BOSS","R","$","E","BOSS"],"build_version":"2019-01-23","purchased_purges":2,"victory":true,"max_hp_per_floor":[75,68,68,68,68,68,68,68,68,68,68,68,68,68,68,68,68,68,68,68,68,68,68,68,68,68,68,68,68,68,68,68,68,68,68,68,68,68,82,82,82,82,82,82,89,89,89,99,99,99,99,99,99,99,99,99],"card_choices":[{"not_picked":["Pummel","Anger","Disarm"],"picked":"SKIP","floor":1},{"not_picked":["Poisoned Stab","Quick Slash"],"picked":"Prepared+1","floor":4},{"not_picked":["Slice","Reflex+1"],"picked":"Impatience+1","floor":5},{"not_picked":["Bane","Wild Strike"],"picked":"Immolate","floor":6},{"not_picked":["Self Repair","Deadly Poison+1"],"picked":"Panacea+1","floor":10},{"not_picked":["True Grit+1","Dodge and Roll+1"],"picked":"Blur+1","floor":11},{"not_picked":["Clash","Hemokinesis","PiercingWail+1"],"picked":"SKIP","floor":12},{"not_picked":["Flash of Steel","Force Field+1"],"picked":"Flame Barrier+1","floor":14},{"not_picked":["Immolate","Panache"],"picked":"Electrodynamics","floor":16},{"not_picked":["BootSequence+1","Cleave","Go for the Eyes"],"picked":"SKIP","floor":18},{"not_picked":["Dodge and Roll+1","Finisher"],"picked":"Blur+1","floor":21},{"not_picked":["Battle Trance+1","Heel Hook","Ball Lightning"],"picked":"SKIP","floor":21},{"not_picked":["Evolve","Reflex+1"],"picked":"Shrug It Off+1","floor":22},{"not_picked":["Sword Boomerang","Steam+1"],"picked":"Prepared+1","floor":22},{"not_picked":["Reflex+1","Stack+1","Barrage"],"picked":"SKIP","floor":23},{"not_picked":["Thunder Strike","Barrage+1"],"picked":"Concentrate+1","floor":25},{"not_picked":["All Out Attack","Poisoned Stab","FTL"],"picked":"SKIP","floor":25},{"not_picked":["Heel Hook","Clash+1"],"picked":"Warcry+1","floor":29},{"not_picked":["Sucker Punch","Clash"],"picked":"Chill+1","floor":31},{"not_picked":["Berserk","Malaise+1"],"picked":"Amplify+1","floor":33},{"not_picked":["Havoc+1","Distraction+1"],"picked":"Blade Dance+1","floor":35},{"not_picked":["Clash","Havoc+1","Deadly Poison+1"],"picked":"SKIP","floor":35},{"not_picked":["Terror+1","Dramatic Entrance+1"],"picked":"Bandage Up+1","floor":36},{"not_picked":["Noxious Fumes+1","Storm+1"],"picked":"Shrug It Off+1","floor":40},{"not_picked":["Spot Weakness+1","Blade Dance+1","Underhanded Strike"],"picked":"SKIP","floor":42},{"not_picked":["Choke+1","Static Discharge","Iron Wave+1"],"picked":"SKIP","floor":42},{"not_picked":["Dodge and Roll+1","Hologram+1"],"picked":"Escape Plan+1","floor":44},{"not_picked":["Spot Weakness+1","Bane"],"picked":"Good Instincts+1","floor":44},{"not_picked":["Dropkick","Purity+1"],"picked":"Intimidate+1","floor":45},{"not_picked":["Dramatic Entrance","Consume+1","Sentinel+1"],"picked":"SKIP","floor":47},{"not_picked":["Heavy Blade","Go for the Eyes"],"picked":"Burning Pact+1","floor":55}],"player_experience":2808552,"relics_obtained":[{"floor":6,"key":"Oddly Smooth Stone"},{"floor":9,"key":"Regal Pillow"},{"floor":10,"key":"Potion Belt"},{"floor":14,"key":"Bottled Tornado"},{"floor":17,"key":"Pen Nib"},{"floor":17,"key":"Blue Candle"},{"floor":17,"key":"Pocketwatch"},{"floor":19,"key":"Torii"},{"floor":19,"key":"Gremlin Horn"},{"floor":23,"key":"Bag of Preparation"},{"floor":29,"key":"Self Forming Clay"},{"floor":30,"key":"Charon\u0027s Ashes"},{"floor":31,"key":"Kunai"},{"floor":36,"key":"Ice Cream"},{"floor":38,"key":"Orichalcum"},{"floor":39,"key":"Mango"},{"floor":40,"key":"Letter Opener"},{"floor":43,"key":"Meat on the Bone"},{"floor":45,"key":"Strawberry"},{"floor":47,"key":"Dodecahedron"},{"floor":55,"key":"Bag of Marbles"}],"event_choices":[{"damage_healed":0,"gold_gain":0,"player_choice":"Lose Max HP","damage_taken":0,"relics_obtained":["Golden Idol"],"max_hp_gain":0,"max_hp_loss":7,"event_name":"Golden Idol","floor":2,"gold_loss":0},{"damage_healed":0,"gold_gain":57,"player_choice":"Gained Gold","damage_taken":0,"max_hp_gain":0,"max_hp_loss":0,"event_name":"Golden Wing","floor":8,"gold_loss":0},{"damage_healed":0,"gold_gain":0,"player_choice":"Fight","damage_taken":0,"max_hp_gain":0,"max_hp_loss":0,"event_name":"Colosseum","floor":19,"gold_loss":0},{"damage_healed":0,"gold_gain":0,"player_choice":"Fought Nobs","damage_taken":0,"max_hp_gain":0,"max_hp_loss":0,"event_name":"Colosseum","floor":19,"gold_loss":0},{"cards_removed":["Doubt"],"damage_healed":0,"gold_gain":0,"player_choice":"Elegance","damage_taken":0,"max_hp_gain":0,"max_hp_loss":0,"event_name":"Back to Basics","floor":27,"gold_loss":0},{"damage_healed":0,"gold_gain":0,"player_choice":"Ignored","damage_taken":0,"max_hp_gain":0,"max_hp_loss":0,"event_name":"Vampires","floor":28,"gold_loss":0},{"damage_healed":0,"gold_gain":0,"player_choice":"Fight","damage_taken":0,"max_hp_gain":0,"max_hp_loss":0,"event_name":"Mysterious Sphere","floor":36,"gold_loss":0},{"cards_removed":["Bash"],"damage_healed":0,"gold_gain":0,"player_choice":"Removed Attack","damage_taken":0,"max_hp_gain":0,"max_hp_loss":0,"event_name":"Falling","floor":37,"gold_loss":0}],"is_beta":false,"boss_relics":[{"not_picked":["Pandora\u0027s Box","Eternal Feather"],"picked":"Calling Bell"},{"not_picked":["Runic Dome","White Beast Statue"],"picked":"Philosopher\u0027s Stone"}],"items_purged_floors":[3,20],"is_endless":false,"potions_floor_spawned":[1,4,12,14,16,18,19,21,25,35,36,42],"ascension_level":20}