{"gold_per_floor":[111,111,40,40,50,50,80,80,80,91,102,27,27,38,38,134,134,146,46,46,57,84,111,111,111],"floor_reached":25,"playtime":538,"items_purged":["Strike_R","Defend_R"],"score":379,"play_id":"de4d42e2-14a7-4c4a-a27a-1df803ad3c41","local_time":"20190203160043","is_ascension_mode":true,"campfire_choices":[{"data":"Bash","floor":6,"key":"SMITH"},{"data":"Second Wind","floor":8,"key":"SMITH"},{"data":"Rage","floor":15,"key":"SMITH"}],"neow_cost":"NONE","seed_source_timestamp":112341218143400,"circlet_count":0,"master_deck":["Strike_R","Strike_R+1","Strike_R+1","Strike_R","Defend_R","Defend_R","Defend_R","Bash+1","Second Wind+1","Body Slam+1","Rage+1","Uppercut+1","Warcry","Juggernaut+1","Dropkick+1","Shrug It Off"],"relics":["Burning Blood","NeowsBlessing","Molten Egg 2","Pear","Peace Pipe","Nunchaku","Runic Dome","Whetstone","Anchor"],"potions_floor_usage":[23,25],"damage_taken":[{"damage":0,"enemies":"Small Slimes","floor":1,"turns":1},{"damage":0,"enemies":"Cultist","floor":5,"turns":1},{"damage":0,"enemies":"3 Sentries","floor":7,"turns":2},{"damage":12,"enemies":"Jaw Worm","floor":10,"turns":3},{"damage":14,"enemies":"Blue Slaver","floor":11,"turns":3},{"damage":2,"enemies":"Exordium Thugs","floor":14,"turns":4},{"damage":47,"enemies":"The Guardian","floor":16,"turns":11},{"damage":16,"enemies":"Spheric Guardian","floor":18,"turns":4},{"damage":14,"enemies":"2 Thieves","floor":21,"turns":4},{"damage":28,"enemies":"Slavers","floor":23,"turns":5},{"damage":15,"enemies":"Snecko","floor":25,"turns":3}],"seed_played":"-1428400286323100613","potions_obtained":[{"floor":2,"key":"Explosive Potion"},{"floor":2,"key":"Block Potion"},{"floor":2,"key":"LiquidBronze"},{"floor":18,"key":"Energy Potion"},{"floor":23,"key":"Explosive Potion"}],"is_trial":false,"path_per_floor":["M","?","$","T","M","R","E","R","T","M","M","$","?","M","R","B",null,"M","$","?","M","T","E","?","M"],"character_chosen":"IRONCLAD","items_purchased":["Second Wind"],"campfire_rested":0,"item_purchase_floors":[3],"current_hp_per_floor":[78,78,78,78,80,80,90,90,90,84,76,76,58,62,62,21,73,63,63,45,37,37,15,15,0],"gold":111,"neow_bonus":"THREE_ENEMY_KILL","is_prod":false,"is_daily":false,"chose_seed":false,"campfire_upgraded":3,"win_rate":0,"timestamp":1549177243,"path_taken":["M","?","$","?","M","R","E","R","T","?","M","$","?","M","R","BOSS","M","$","?","M","?","E","?","?"],"build_version":"2019-01-23","purchased_purges":2,"victory":false,"max_hp_per_floor":[80,80,80,80,80,80,90,90,90,90,90,90,90,90,90,90,90,90,90,95,95,95,95,95,95],"card_choices":[{"not_picked":["Warcry","Iron Wave","Corruption"],"picked":"SKIP","floor":1},{"not_picked":["Warcry","Battle Trance"],"picked":"Body Slam+1","floor":5},{"not_picked":["Sentinel","Armaments"],"picked":"Rage","floor":7},{"not_picked":["Sword Boomerang+1","Heavy Blade+1"],"picked":"Uppercut+1","floor":10},{"not_picked":["Twin Strike+1","Warcry","Heavy Blade+1"],"picked":"SKIP","floor":11},{"not_picked":["Battle Trance","Flame Barrier"],"picked":"Warcry","floor":14},{"not_picked":["Brutality","Exhume"],"picked":"Juggernaut","floor":16},{"not_picked":["Perfected Strike+1","Heavy Blade+1"],"picked":"Dropkick+1","floor":18},{"not_picked":["Pummel+1","Body Slam+1"],"picked":"Shrug It Off","floor":21},{"not_picked":["Hemokinesis+1","Perfected Strike+1","Searing Blow+1"],"picked":"SKIP","floor":23}],"player_experience":24327,"relics_obtained":[{"floor":4,"key":"Molten Egg 2"},{"floor":7,"key":"Pear"},{"floor":9,"key":"Peace Pipe"},{"floor":22,"key":"Whetstone"},{"floor":23,"key":"Anchor"}],"event_choices":[{"damage_healed":0,"gold_gain":0,"player_choice":"Got Potions","damage_taken":0,"max_hp_gain":0,"max_hp_loss":0,"event_name":"Lab","floor":2,"gold_loss":0},{"damage_healed":0,"gold_gain":0,"player_choice":"Success","damage_taken":18,"relics_obtained":["Nunchaku"],"max_hp_gain":0,"max_hp_loss":0,"event_name":"Scrap Ooze","floor":13,"gold_loss":0},{"damage_healed":0,"gold_gain":0,"player_choice":"Shed Blood","damage_taken":23,"max_hp_gain":5,"max_hp_loss":0,"event_name":"Forgotten Altar","floor":20,"gold_loss":0},{"damage_healed":0,"gold_gain":0,"player_choice":"Forge","damage_taken":0,"max_hp_gain":0,"max_hp_loss":0,"event_name":"Accursed Blacksmith","floor":24,"gold_loss":0,"cards_upgraded":["Juggernaut"]}],"is_beta":false,"boss_relics":[{"not_picked":["Orrery","Philosopher\u0027s Stone"],"picked":"Runic Dome"}],"items_purged_floors":[12,19],"is_endless":false,"potions_floor_spawned":[7,10,14,18,23],"killed_by":"Snecko","ascension_level":9}