{"gold_per_floor":[119,119,119,44,62,62,9,9,32,32,55,74,117,5,5,95,95,115,136,156,70,86,86,100,134,134,134,158,202,202,226,226,315,378,398,8,33,53,53,53,77,112,112,132,146,164,189,203,203,203],"floor_reached":50,"playtime":6325,"items_purged":[],"score":986,"play_id":"8d4e7808-a253-413f-bbeb-9f712dbd4627","local_time":"20190309121814","is_ascension_mode":true,"campfire_choices":[{"data":"Storm","floor":6,"key":"SMITH"},{"data":"Chaos","floor":8,"key":"SMITH"},{"floor":10,"key":"REST"},{"data":"Storm","floor":15,"key":"SMITH"},{"floor":23,"key":"REST"},{"floor":27,"key":"REST"},{"floor":30,"key":"REST"},{"floor":32,"key":"REST"},{"floor":40,"key":"REST"},{"data":"White Noise","floor":49,"key":"SMITH"}],"neow_cost":"NONE","seed_source_timestamp":322556741149098,"circlet_count":0,"master_deck":["AscendersBane","Strike_B","Strike_B","Strike_B","Strike_B","Defend_B","Defend_B","Defend_B","Defend_B","Zap","Dualcast","Glacier","Chill","Injury","Storm+1","Chaos+1","Storm+1","Melter","Storm","Self Repair","Sunder","Biased Cognition","Streamline+1","Storm+1","White Noise+1","Static Discharge+1","Stack","Ball Lightning","Static Discharge","Chill","Buffer","Glacier","Electrodynamics","Turbo","Capacitor","Force Field","Defragment","Steam","Ball Lightning","Loop+1","Glacier","Melter+1","Cold Snap","White Noise+1"],"relics":["Cracked Core","Golden Idol","Omamori","Anchor","Mercury Hourglass","Inserter","Meat on the Bone","Vajra","Orichalcum","Tiny House","Lantern","CultistMask","Strawberry","Frozen Egg 2"],"potions_floor_usage":[12,13,18,19,20,24,25,33,33,37,42,47],"damage_taken":[{"damage":0,"enemies":"Small Slimes","floor":1,"turns":3},{"damage":10,"enemies":"Jaw Worm","floor":5,"turns":3},{"damage":0,"enemies":"Cultist","floor":11,"turns":4},{"damage":3,"enemies":"Gremlin Gang","floor":12,"turns":6},{"damage":8,"enemies":"3 Sentries","floor":13,"turns":7},{"damage":23,"enemies":"The Guardian","floor":16,"turns":12},{"damage":0,"enemies":"3 Byrds","floor":18,"turns":3},{"damage":1,"enemies":"2 Thieves","floor":19,"turns":4},{"damage":16,"enemies":"Snake Plant","floor":20,"turns":4},{"damage":9,"enemies":"Centurion and Healer","floor":22,"turns":5},{"damage":2,"enemies":"3 Cultists","floor":24,"turns":3},{"damage":26,"enemies":"Slavers","floor":25,"turns":3},{"damage":14,"enemies":"Snake Plant","floor":28,"turns":3},{"damage":19,"enemies":"Book of Stabbing","floor":29,"turns":4},{"damage":24,"enemies":"Centurion and Healer","floor":31,"turns":5},{"damage":30,"enemies":"Automaton","floor":33,"turns":5},{"damage":6,"enemies":"Orb Walker","floor":35,"turns":3},{"damage":1,"enemies":"3 Shapes","floor":37,"turns":3},{"damage":24,"enemies":"Jaw Worm Horde","floor":38,"turns":4},{"damage":0,"enemies":"Maw","floor":41,"turns":6},{"damage":7,"enemies":"Giant Head","floor":42,"turns":6},{"damage":0,"enemies":"Spire Growth","floor":44,"turns":2},{"damage":0,"enemies":"Sphere and 2 Shapes","floor":45,"turns":3},{"damage":0,"enemies":"Maw","floor":46,"turns":5},{"damage":2,"enemies":"Spire Growth","floor":47,"turns":4},{"damage":8,"enemies":"Sphere and 2 Shapes","floor":48,"turns":5},{"damage":103,"enemies":"Time Eater","floor":50,"turns":6}],"seed_played":"-8129973198531413699","potions_obtained":[{"floor":11,"key":"Swift Potion"},{"floor":12,"key":"GamblersBrew"},{"floor":13,"key":"Energy Potion"},{"floor":16,"key":"Poison Potion"},{"floor":18,"key":"Weak Potion"},{"floor":22,"key":"SkillPotion"},{"floor":24,"key":"EssenceOfSteel"},{"floor":29,"key":"Strength Potion"},{"floor":31,"key":"Swift Potion"},{"floor":34,"key":"FairyPotion"},{"floor":38,"key":"Weak Potion"},{"floor":42,"key":"Dexterity Potion"},{"floor":44,"key":"AttackPotion"}],"is_trial":false,"path_per_floor":["M","?","?","$","M","R","?","R","T","R","M","M","E","$","R","B",null,"M","M","M","$","M","R","M","E","T","R","M","E","R","M","R","B",null,"M","$","M","M","?","R","M","E","T","M","M","M","M","M","R","B"],"character_chosen":"DEFECT","items_purchased":["Storm","Self Repair","Sunder","Static Discharge","Force Field","Defragment","Lantern","Block Potion"],"campfire_rested":6,"item_purchase_floors":[4,14,14,21,36,36,36,36],"current_hp_per_floor":[64,69,69,69,59,59,59,59,59,76,76,73,65,65,65,49,69,69,75,66,66,64,76,76,50,50,72,65,46,68,51,73,50,75,69,69,68,44,44,68,75,82,82,88,88,88,88,80,80,0],"gold":203,"neow_bonus":"THREE_CARDS","is_prod":false,"is_daily":false,"chose_seed":false,"campfire_upgraded":4,"win_rate":0,"timestamp":1552126694,"path_taken":["M","?","?","?","M","R","?","R","T","R","M","M","E","$","R","BOSS","M","M","M","$","M","R","?","E","T","R","M","E","R","M","R","BOSS","M","$","M","?","?","R","M","E","T","M","M","M","?","M","R","BOSS"],"build_version":"2019-01-23","purchased_purges":0,"victory":false,"max_hp_per_floor":[71,76,76,76,76,76,76,76,76,76,76,76,76,76,76,76,76,76,76,76,76,76,76,76,76,76,76,76,76,76,76,76,76,81,81,81,81,81,81,81,81,88,88,88,88,88,88,88,88,88],"card_choices":[{"not_picked":["Fusion","Redo"],"picked":"Glacier","floor":0},{"not_picked":["Go for the Eyes","Blizzard"],"picked":"Chill","floor":1},{"not_picked":["Coolheaded","Leap"],"picked":"Chaos","floor":5},{"not_picked":["Multi-Cast","Leap"],"picked":"Storm","floor":11},{"not_picked":["Beam Cell","Doom and Gloom"],"picked":"Melter","floor":12},{"not_picked":["BootSequence","Cold Snap"],"picked":"Storm","floor":13},{"not_picked":["Meteor Strike","Thunder Strike"],"picked":"Biased Cognition","floor":16},{"not_picked":["Leap","Coolheaded"],"picked":"Streamline+1","floor":18},{"not_picked":["Coolheaded","Conserve Battery"],"picked":"Storm+1","floor":19},{"not_picked":["Sweeping Beam","Hologram"],"picked":"White Noise+1","floor":20},{"not_picked":["Hyperbeam","Go for the Eyes"],"picked":"Stack","floor":22},{"not_picked":["Beam Cell","Coolheaded"],"picked":"Ball Lightning","floor":24},{"not_picked":["Hologram","Scrape"],"picked":"Static Discharge","floor":25},{"not_picked":["Rebound","FTL+1"],"picked":"Chill","floor":28},{"not_picked":["Genetic Algorithm","Force Field"],"picked":"Buffer","floor":29},{"not_picked":["Undo","Steam"],"picked":"Glacier","floor":31},{"not_picked":["Machine Learning","Core Surge"],"picked":"Electrodynamics","floor":33},{"not_picked":["Rebound","Sweeping Beam"],"picked":"Turbo","floor":34},{"not_picked":["Steam","Beam Cell"],"picked":"Capacitor","floor":35},{"not_picked":["Rebound","Sweeping Beam"],"picked":"Steam","floor":37},{"not_picked":["Stack","Undo"],"picked":"Ball Lightning","floor":38},{"not_picked":["Turbo","Gash"],"picked":"Loop+1","floor":41},{"not_picked":["Leap","Meteor Strike"],"picked":"Glacier","floor":42},{"not_picked":["Rebound","Aggregate"],"picked":"Melter+1","floor":44},{"not_picked":["Hologram","Recycle+1"],"picked":"Cold Snap","floor":45},{"not_picked":["Rebound","Hologram","Streamline+1"],"picked":"SKIP","floor":46},{"not_picked":["Steam Power","Go for the Eyes+1","Lockon"],"picked":"SKIP","floor":47},{"not_picked":["Turbo","Beam Cell+1"],"picked":"White Noise","floor":48}],"player_experience":1056729,"relics_obtained":[{"floor":9,"key":"Anchor"},{"floor":13,"key":"Mercury Hourglass"},{"floor":25,"key":"Meat on the Bone"},{"floor":26,"key":"Vajra"},{"floor":29,"key":"Orichalcum"},{"floor":42,"key":"Strawberry"},{"floor":43,"key":"Frozen Egg 2"}],"event_choices":[{"damage_healed":0,"gold_gain":0,"player_choice":"Donut","damage_taken":0,"max_hp_gain":5,"max_hp_loss":0,"event_name":"Big Fish","floor":2,"gold_loss":0},{"damage_healed":0,"gold_gain":0,"player_choice":"Take Wound","damage_taken":0,"relics_obtained":["Golden Idol"],"max_hp_gain":0,"max_hp_loss":0,"event_name":"Golden Idol","floor":3,"gold_loss":0,"cards_obtained":["Injury"]},{"damage_healed":0,"gold_gain":0,"player_choice":"Paid Gold","damage_taken":0,"relics_obtained":["Omamori"],"max_hp_gain":0,"max_hp_loss":0,"event_name":"WeMeetAgain","floor":7,"gold_loss":53},{"damage_healed":0,"gold_gain":0,"player_choice":"Trade","damage_taken":0,"relics_obtained":["CultistMask"],"max_hp_gain":0,"max_hp_loss":0,"event_name":"FaceTrader","floor":39,"gold_loss":0}],"is_beta":false,"boss_relics":[{"not_picked":["Busted Crown","Sozu"],"picked":"Inserter"},{"not_picked":["Runic Dome","Fusion Hammer"],"picked":"Tiny House"}],"items_purged_floors":[],"is_endless":false,"potions_floor_spawned":[11,12,13,16,18,22,24,29,31,38,42,44,45],"killed_by":"Time Eater","ascension_level":16}