{"gold_per_floor":[119,119,136,136,211,211,242,253,253,285,285,296,296,306,306,383,383,397,127,137,155,173,207,223,223,223,253,233,245,275,288,288,365,365,382,382,398,164,184,217,217,267,567,583,583,58,68,103,103,103,103],"floor_reached":51,"playtime":4798,"items_purged":["Scrape","Loop"],"score":1608,"play_id":"cf9caf06-77d8-4f34-a12e-8209e967f51b","local_time":"20190208224413","is_ascension_mode":true,"campfire_choices":[{"data":"Sunder","floor":6.0,"key":"SMITH"},{"data":"Zap","floor":11.0,"key":"SMITH"},{"floor":13.0,"key":"REST"},{"data":"Gash","floor":15.0,"key":"SMITH"},{"floor":25.0,"key":"REST"},{"floor":32.0,"key":"REST"},{"floor":41.0,"key":"REST"},{"floor":45.0,"key":"REST"},{"floor":49.0,"key":"REST"}],"neow_cost":"NONE","seed_source_timestamp":27553676048848,"circlet_count":0,"master_deck":["AscendersBane","Zap+1","Dualcast","Ball Lightning","Sunder+1","Genetic Algorithm+1","Glacier+1","Coolheaded+1","Gash+1","Compile Driver","Electrodynamics","Hologram+1","Reinforced Body+1","FTL","Hologram+1","Blizzard+1","Steam Power+1","Defragment","Steam Power+1","BootSequence+1","Self Repair","Echo Form","All For One","Streamline","Melter","Seek+1","Echo Form","Blizzard","Go for the Eyes+1","Auto Shields+1","Chill+1","Capacitor","Coolheaded+1","Coolheaded+1","White Noise+1","Capacitor","Heatsinks","Heatsinks","Blizzard","Steam Power+1"],"special_seed":0,"relics":["Cracked Core","NeowsBlessing","StoneCalendar","Toxic Egg 2","Kunai","Orichalcum","Fusion Hammer","Medical Kit","The Courier","Blue Candle","Boot","Centennial Puzzle","Pandora\u0027s Box","Juzu Bracelet","Old Coin","Oddly Smooth Stone","Thread and Needle"],"potions_floor_usage":[51],"damage_taken":[{"damage":0.0,"enemies":"Jaw Worm","floor":1.0,"turns":1.0},{"damage":0.0,"enemies":"Small Slimes","floor":3.0,"turns":1.0},{"damage":0.0,"enemies":"Lagavulin","floor":7.0,"turns":1.0},{"damage":0.0,"enemies":"2 Louse","floor":8.0,"turns":1.0},{"damage":5.0,"enemies":"3 Sentries","floor":10.0,"turns":7.0},{"damage":6.0,"enemies":"Lots of Slimes","floor":12.0,"turns":3.0},{"damage":0.0,"enemies":"Large Slime","floor":14.0,"turns":3.0},{"damage":12.0,"enemies":"Hexaghost","floor":16.0,"turns":11.0},{"damage":5.0,"enemies":"Spheric Guardian","floor":18.0,"turns":3.0},{"damage":0.0,"enemies":"Shell Parasite","floor":20.0,"turns":7.0},{"damage":10.0,"enemies":"Snake Plant","floor":21.0,"turns":5.0},{"damage":1.0,"enemies":"Centurion and Healer","floor":22.0,"turns":5.0},{"damage":0.0,"enemies":"Gremlin Leader","floor":23.0,"turns":4.0},{"damage":9.0,"enemies":"3 Cultists","floor":24.0,"turns":6.0},{"damage":6.0,"enemies":"Slavers","floor":27.0,"turns":4.0},{"damage":29.0,"enemies":"Cultist and Chosen","floor":29.0,"turns":7.0},{"damage":15.0,"enemies":"Book of Stabbing","floor":30.0,"turns":5.0},{"damage":3.0,"enemies":"Snake Plant","floor":31.0,"turns":3.0},{"damage":16.0,"enemies":"Automaton","floor":33.0,"turns":12.0},{"damage":0.0,"enemies":"3 Darklings","floor":35.0,"turns":3.0},{"damage":3.0,"enemies":"Orb Walker","floor":37.0,"turns":4.0},{"damage":8.0,"enemies":"Spire Growth","floor":39.0,"turns":7.0},{"damage":19.0,"enemies":"Reptomancer","floor":40.0,"turns":7.0},{"damage":27.0,"enemies":"Sphere and 2 Shapes","floor":44.0,"turns":4.0},{"damage":0.0,"enemies":"Maw","floor":47.0,"turns":8.0},{"damage":45.0,"enemies":"Nemesis","floor":48.0,"turns":8.0},{"damage":29.0,"enemies":"Time Eater","floor":50.0,"turns":12.0},{"damage":36,"enemies":"Awakened One","floor":51,"turns":4}],"seed_played":"2218684123837812333","potions_obtained":[{"floor":8.0,"key":"Strength Potion"},{"floor":10.0,"key":"Ancient Potion"},{"floor":14.0,"key":"FocusPotion"},{"floor":16.0,"key":"Block Potion"},{"floor":28.0,"key":"FocusPotion"},{"floor":29.0,"key":"Ancient Potion"},{"floor":31.0,"key":"Energy Potion"},{"floor":44.0,"key":"SkillPotion"},{"floor":48.0,"key":"SteroidPotion"}],"is_trial":false,"path_per_floor":["M","?","M","?","?","R","E","M","T","E","R","M","R","M","R","B",null,"M","$","M","M","M","E","M","R","T","E","?","M","E","M","R","B",null,"M","?","M","$","M","E","R","?","T","M","R","$","M","E","R","B","B"],"character_chosen":"DEFECT","items_purchased":["Medical Kit","Reinforced Body+1","Chill+1","Capacitor","Coolheaded+1","Oddly Smooth Stone","Capacitor","Heatsinks","Heatsinks","Blizzard","Steam Power+1"],"campfire_rested":6,"item_purchase_floors":[19,19,38,38,38,46,46,46,46,46,46],"current_hp_per_floor":[64,53,53,32,21,21,21,21,21,16,16,10,31,31,31,19,58,53,53,53,43,42,42,33,54,54,48,48,19,4,1,22,13,57,64,64,61,61,60,48,69,69,69,49,70,70,71,40,61,32,0],"gold":103,"neow_bonus":"THREE_ENEMY_KILL","is_prod":false,"is_daily":false,"chose_seed":false,"campfire_upgraded":3,"win_rate":0,"timestamp":1549637053,"path_taken":["M","?","M","?","?","R","E","?","T","E","R","M","R","M","R","BOSS","M","$","M","M","M","E","M","R","T","E","?","?","E","M","R","BOSS","M","?","M","$","M","E","R","?","T","M","R","$","M","E","R","BOSS","BOSS"],"build_version":"2019-02-06","purchased_purges":2,"victory":false,"max_hp_per_floor":[71,71,71,71,71,71,71,71,71,71,71,71,71,71,71,71,71,71,71,71,71,71,71,71,71,71,71,71,71,71,71,71,71,71,71,71,71,71,71,71,71,71,71,71,71,71,71,71,71,71,71],"card_choices":[{"not_picked":["Beam Cell","Recycle"],"picked":"Ball Lightning","floor":1.0},{"not_picked":["Blizzard","Cold Snap"],"picked":"Sunder","floor":3.0},{"not_picked":["Streamline","Gash"],"picked":"Genetic Algorithm","floor":7.0},{"not_picked":["Turbo+1","Redo+1"],"picked":"Glacier+1","floor":8.0},{"not_picked":["FTL","Leap+1"],"picked":"Coolheaded+1","floor":10.0},{"not_picked":["Chaos+1","Streamline"],"picked":"Gash","floor":12.0},{"not_picked":["Gash","Beam Cell"],"picked":"Compile Driver","floor":14.0},{"not_picked":["Thunder Strike","Meteor Strike"],"picked":"Electrodynamics","floor":16.0},{"not_picked":["Leap+1","Force Field+1"],"picked":"Hologram+1","floor":18.0},{"not_picked":["Rip and Tear+1","Gash"],"picked":"FTL","floor":20.0},{"not_picked":["Loop","Cold Snap+1","Ball Lightning"],"picked":"SKIP","floor":21.0},{"not_picked":["Sweeping Beam","Turbo+1"],"picked":"Hologram+1","floor":22.0},{"not_picked":["Conserve Battery+1","Coolheaded+1"],"picked":"Blizzard+1","floor":23.0},{"not_picked":["Stack+1","Force Field+1"],"picked":"Steam Power+1","floor":24.0},{"not_picked":["Core Surge","Sunder"],"picked":"Defragment","floor":27.0},{"not_picked":["Gash","Beam Cell"],"picked":"Steam Power+1","floor":29.0},{"not_picked":["Lockon","Sweeping Beam"],"picked":"BootSequence+1","floor":30.0},{"not_picked":["Redo+1","Gash"],"picked":"Self Repair","floor":31.0},{"not_picked":["All For One","Buffer"],"picked":"Echo Form","floor":33.0},{"not_picked":["Leap+1","Fusion+1"],"picked":"Go for the Eyes+1","floor":35.0},{"not_picked":["Conserve Battery+1","Lockon"],"picked":"Auto Shields+1","floor":37.0},{"not_picked":["Go for the Eyes+1","Ball Lightning"],"picked":"Coolheaded+1","floor":39.0},{"not_picked":["Lockon","Thunder Strike","Self Repair"],"picked":"SKIP","floor":40.0},{"not_picked":["Compile Driver","Rebound"],"picked":"White Noise+1","floor":44.0},{"not_picked":["Compile Driver","Lockon","Steam+1"],"picked":"SKIP","floor":47.0},{"not_picked":["Ball Lightning","Sweeping Beam","Steam+1"],"picked":"SKIP","floor":48.0}],"player_experience":736101,"relics_obtained":[{"floor":7.0,"key":"Toxic Egg 2"},{"floor":9.0,"key":"Kunai"},{"floor":10.0,"key":"Orichalcum"},{"floor":23.0,"key":"The Courier"},{"floor":26.0,"key":"Blue Candle"},{"floor":27.0,"key":"Boot"},{"floor":30.0,"key":"Centennial Puzzle"},{"floor":40.0,"key":"Juzu Bracelet"},{"floor":43.0,"key":"Old Coin"},{"floor":48.0,"key":"Thread and Needle"}],"event_choices":[{"damage_healed":0.0,"max_hp_gain":0.0,"max_hp_loss":0.0,"gold_gain":0.0,"event_name":"Scrap Ooze","player_choice":"Success","floor":2.0,"gold_loss":0.0,"damage_taken":11.0,"relics_obtained":["StoneCalendar"]},{"damage_healed":0.0,"max_hp_gain":0.0,"max_hp_loss":0.0,"gold_gain":0.0,"event_name":"Shining Light","player_choice":"Entered Light","floor":4.0,"gold_loss":0.0,"damage_taken":21.0,"cards_upgraded":["Defend_B","Defend_B"]},{"damage_healed":0.0,"max_hp_gain":0.0,"max_hp_loss":0.0,"gold_gain":75.0,"event_name":"World of Goop","player_choice":"Gather Gold","floor":5.0,"gold_loss":0.0,"damage_taken":11.0},{"damage_healed":0.0,"max_hp_gain":0.0,"max_hp_loss":0.0,"gold_gain":0.0,"event_name":"The Woman in Blue","player_choice":"Bought 1 Potion","floor":28.0,"gold_loss":0.0,"damage_taken":0.0},{"damage_healed":0.0,"max_hp_gain":0.0,"max_hp_loss":0.0,"gold_gain":0.0,"event_name":"Tomb of Lord Red Mask","player_choice":"Ignored","floor":36.0,"gold_loss":0.0,"damage_taken":0.0},{"damage_healed":0.0,"max_hp_gain":0.0,"max_hp_loss":0.0,"gold_gain":50.0,"event_name":"Golden Shrine","player_choice":"Pray","floor":42.0,"gold_loss":0.0,"damage_taken":0.0}],"is_beta":true,"boss_relics":[{"not_picked":["Philosopher\u0027s Stone","Busted Crown"],"picked":"Fusion Hammer"},{"not_picked":["Calling Bell","Nuclear Battery"],"picked":"Pandora\u0027s Box"}],"items_purged_floors":[38,46],"is_endless":false,"potions_floor_spawned":[8,10,14,16,18,23,27,29,31,44,48],"killed_by":"Awakened One","ascension_level":20}