{"gold_per_floor":[116,266,266,266,26,26,39,70,117,117,117,26,46,85,97,109],"floor_reached":16,"playtime":315,"items_purged":[],"score":212,"play_id":"f2249641-f629-40d0-a52f-12ff60f74300","local_time":"20190426132240","is_ascension_mode":true,"campfire_choices":[{"data":"Bash","floor":6.0,"key":"SMITH"},{"floor":10,"key":"REST"},{"floor":15,"key":"REST"}],"neow_cost":"NONE","seed_source_timestamp":351348601668700,"circlet_count":0,"master_deck":["AscendersBane","Strike_R","Strike_R","Strike_R","Strike_R","Strike_R","Defend_R","Defend_R","Defend_R","Defend_R","Bash+1","True Grit","Inflame","Twin Strike","Double Tap"],"special_seed":0,"relics":["Black Star","Golden Idol","Membership Card","Juzu Bracelet","Omamori","Mercury Hourglass","Ancient Tea Set","MawBank"],"potions_floor_usage":[],"damage_taken":[{"damage":9.0,"enemies":"Jaw Worm","floor":1.0,"turns":5.0},{"damage":9.0,"enemies":"2 Louse","floor":7.0,"turns":3.0},{"damage":32.0,"enemies":"Gremlin Nob","floor":8.0,"turns":4.0},{"damage":0,"enemies":"Cultist","floor":13,"turns":3},{"damage":46,"enemies":"3 Sentries","floor":14,"turns":9},{"damage":24,"enemies":"Slime Boss","floor":16,"turns":6}],"seed_played":"6397565550073484682","potions_obtained":[{"floor":1.0,"key":"SkillPotion"}],"is_trial":false,"path_per_floor":["M","?","?","?","$","R","M","E","T","R","?","?","M","E","R","B"],"character_chosen":"IRONCLAD","items_purchased":["Membership Card","AttackPotion"],"campfire_rested":2,"item_purchase_floors":[5,5],"current_hp_per_floor":[59,59,52,52,52,52,43,11,11,31,53,53,53,7,27,3],"gold":109,"neow_bonus":"BOSS_RELIC","is_prod":false,"is_daily":false,"chose_seed":false,"campfire_upgraded":1,"win_rate":0,"timestamp":1556252560,"path_taken":["M","?","?","?","$","R","M","E","T","R","?","?","M","E","R","BOSS"],"build_version":"2019-01-23","purchased_purges":0,"victory":false,"max_hp_per_floor":[75,75,75,68,68,68,68,68,68,68,68,68,68,68,68,68],"card_choices":[{"not_picked":["Searing Blow","Twin Strike","Sentinel"],"picked":"SKIP","floor":1.0},{"not_picked":["Havoc","Disarm"],"picked":"True Grit","floor":7.0},{"not_picked":["Battle Trance","Sever Soul"],"picked":"Inflame","floor":8},{"not_picked":["Perfected Strike","Havoc"],"picked":"Twin Strike","floor":13},{"not_picked":["True Grit","Pommel Strike","Double Tap"],"picked":"SKIP","floor":14},{"not_picked":["True Grit","Pommel Strike"],"picked":"Double Tap","floor":14}],"player_experience":3384923,"relics_obtained":[{"floor":8,"key":"Juzu Bracelet"},{"floor":9,"key":"Omamori"},{"floor":14,"key":"Ancient Tea Set"},{"floor":14,"key":"MawBank"}],"event_choices":[{"damage_healed":0.0,"max_hp_gain":0.0,"max_hp_loss":0.0,"gold_gain":150.0,"event_name":"Liars Game","player_choice":"AGREE","floor":2.0,"gold_loss":0.0,"damage_taken":0.0,"cards_obtained":["Doubt"]},{"cards_removed":["Doubt"],"damage_healed":0.0,"max_hp_gain":0.0,"max_hp_loss":0.0,"gold_gain":0.0,"event_name":"Golden Wing","player_choice":"Card Removal","floor":3.0,"gold_loss":0.0,"damage_taken":7.0},{"damage_healed":0.0,"max_hp_gain":0.0,"max_hp_loss":7.0,"gold_gain":0.0,"event_name":"Golden Idol","player_choice":"Lose Max HP","floor":4.0,"gold_loss":0.0,"damage_taken":0.0,"relics_obtained":["Golden Idol"]},{"damage_healed":22,"gold_gain":0,"player_choice":"Banana","damage_taken":0,"max_hp_gain":0,"max_hp_loss":0,"event_name":"Big Fish","floor":11,"gold_loss":0},{"damage_healed":0,"gold_gain":0,"player_choice":"Paid Gold","damage_taken":0,"relics_obtained":["Mercury Hourglass"],"max_hp_gain":0,"max_hp_loss":0,"event_name":"WeMeetAgain","floor":12,"gold_loss":91}],"is_beta":false,"boss_relics":[],"items_purged_floors":[],"is_endless":false,"potions_floor_spawned":[1],"killed_by":"Slime Boss","ascension_level":20}