{"gold_per_floor":[117,44,57,74,74,74,88,88,88,118,118,137,154,179,179,253,253,267,45,45,61,111,111],"floor_reached":23,"playtime":4525,"items_purged":[],"score":334,"play_id":"892c4f68-dc84-45bf-a592-7745f4d4a208","local_time":"20181110091023","is_ascension_mode":true,"campfire_choices":[{"floor":6.0,"key":"REST"},{"data":"Storm","floor":8,"key":"SMITH"},{"floor":11,"key":"REST"},{"floor":15,"key":"REST"}],"neow_cost":"NONE","seed_source_timestamp":908340608882654,"circlet_count":0,"master_deck":["AscendersBane","Strike_B+1","Strike_B+1","Strike_B+1","Strike_B+1","Defend_B+1","Defend_B+1","Defend_B+1","Defend_B+1","Zap","Dualcast","Madness","Heatsinks","Storm+1","Steam","Streamline","Self Repair","Creative AI","Compile Driver","Dramatic Entrance","Capacitor","Sweeping Beam"],"special_seed":0,"relics":["Cracked Core","Nunchaku","FossilizedHelix","Black Star"],"potions_floor_usage":[14,14,16,20],"damage_taken":[{"damage":3.0,"enemies":"2 Louse","floor":1.0,"turns":3.0},{"damage":0.0,"enemies":"Small Slimes","floor":3.0,"turns":2.0},{"damage":13.0,"enemies":"Jaw Worm","floor":4.0,"turns":4.0},{"damage":6.0,"enemies":"Large Slime","floor":7.0,"turns":3.0},{"damage":22,"enemies":"Gremlin Gang","floor":12,"turns":7},{"damage":2,"enemies":"3 Louse","floor":13,"turns":3},{"damage":18,"enemies":"Gremlin Nob","floor":14,"turns":3},{"damage":19,"enemies":"Slime Boss","floor":16,"turns":9},{"damage":44,"enemies":"Shell Parasite","floor":18,"turns":7},{"damage":30,"enemies":"3 Byrds","floor":21,"turns":6},{"damage":24,"enemies":"Book of Stabbing","floor":23,"turns":3}],"seed_played":"-8037015486152111854","potions_obtained":[{"floor":3.0,"key":"SkillPotion"},{"floor":7.0,"key":"FearPotion"},{"floor":13,"key":"SneckoOil"},{"floor":14,"key":"AttackPotion"}],"is_trial":false,"path_per_floor":["M","$","M","M","?","R","M","R","T","?","R","M","M","E","R","B",null,"M","$","?","M","?","E"],"character_chosen":"DEFECT","items_purchased":["Storm","Dramatic Entrance","Fruit Juice","Capacitor"],"campfire_rested":3,"item_purchase_floors":[2,19,19,19],"current_hp_per_floor":[61,61,61,48,48,69,63,63,63,63,71,49,47,29,50,38,63,26,26,31,8,8,0],"gold":111,"neow_bonus":"RANDOM_COLORLESS","is_prod":false,"is_daily":false,"chose_seed":false,"campfire_upgraded":1,"win_rate":0,"timestamp":1541833823,"path_taken":["M","$","M","M","?","R","M","R","T","?","R","M","M","E","R","BOSS","M","$","?","M","?","E"],"build_version":"2018-11-08","purchased_purges":0,"victory":false,"max_hp_per_floor":[71,71,71,71,71,71,71,71,71,71,71,71,71,71,71,71,71,71,71,76,76,76,76],"card_choices":[{"not_picked":["Streamline","Coolheaded"],"picked":"Heatsinks","floor":1.0},{"not_picked":["Undo","Reinforced Body","Go for the Eyes"],"picked":"SKIP","floor":3.0},{"not_picked":["Sweeping Beam","Streamline","Barrage"],"picked":"SKIP","floor":4.0},{"not_picked":["Steam Power","Gash"],"picked":"Steam","floor":7.0},{"not_picked":["Recycle","Lockon","Sweeping Beam"],"picked":"SKIP","floor":12},{"not_picked":["Beam Cell","Gash"],"picked":"Streamline","floor":13},{"not_picked":["Heatsinks","Go for the Eyes"],"picked":"Self Repair","floor":14},{"not_picked":["Meteor Strike","Hyperbeam"],"picked":"Creative AI","floor":16},{"not_picked":["Sweeping Beam","Coolheaded"],"picked":"Compile Driver","floor":18},{"not_picked":["Barrage","Compile Driver"],"picked":"Sweeping Beam","floor":21}],"player_experience":758486,"relics_obtained":[{"floor":9,"key":"Nunchaku"},{"floor":14,"key":"FossilizedHelix"}],"event_choices":[{"damage_healed":0.0,"max_hp_gain":0.0,"max_hp_loss":0.0,"gold_gain":0.0,"event_name":"Shining Light","player_choice":"Ignored","floor":5.0,"gold_loss":0.0,"damage_taken":0.0},{"damage_healed":0,"gold_gain":30,"player_choice":"Searched \u00271\u0027 times","damage_taken":0,"max_hp_gain":0,"max_hp_loss":0,"event_name":"Dead Adventurer","floor":10,"gold_loss":0},{"damage_healed":0,"gold_gain":0,"player_choice":"Simplicity","damage_taken":0,"max_hp_gain":0,"max_hp_loss":0,"event_name":"Back to Basics","floor":20,"gold_loss":0,"cards_upgraded":["Strike_B","Strike_B","Strike_B","Strike_B","Defend_B","Defend_B","Defend_B","Defend_B"]},{"damage_healed":0,"gold_gain":50,"player_choice":"Stole From Cult","damage_taken":0,"max_hp_gain":0,"max_hp_loss":0,"event_name":"Nest","floor":22,"gold_loss":0}],"is_beta":false,"boss_relics":[{"not_picked":["Pandora\u0027s Box","Runic Dome"],"picked":"Black Star"}],"items_purged_floors":[],"is_endless":false,"potions_floor_spawned":[3,7,13,14],"killed_by":"Book of Stabbing","ascension_level":15}