{"gold_per_floor":[117,16,16,28,48,48,77,77,77,103,115],"floor_reached":11,"playtime":232,"items_purged":[],"score":162,"play_id":"eff345fc-b8bd-4a47-b904-4df5413e7c49","local_time":"20190313001943","is_ascension_mode":true,"campfire_choices":[{"data":"Discovery","floor":6,"key":"SMITH"},{"data":"Zap","floor":8,"key":"SMITH"}],"neow_cost":"NONE","seed_source_timestamp":310102378408400,"circlet_count":0,"master_deck":["AscendersBane","Strike_B","Strike_B","Strike_B","Strike_B","Defend_B","Defend_B","Defend_B","Defend_B","Zap+1","Dualcast","Coolheaded","Discovery+1","Gash","Gash","Coolheaded"],"relics":["Cracked Core","NeowsBlessing","Question Card","Shuriken","Regal Pillow","MawBank"],"potions_floor_usage":[],"damage_taken":[{"damage":0,"enemies":"Cultist","floor":1,"turns":1},{"damage":0,"enemies":"2 Louse","floor":4,"turns":1},{"damage":0,"enemies":"Small Slimes","floor":5,"turns":1},{"damage":20,"enemies":"3 Sentries","floor":7,"turns":5},{"damage":22,"enemies":"Lagavulin","floor":10,"turns":7},{"damage":11,"enemies":"The Mushroom Lair","floor":11,"turns":3}],"seed_played":"5757491920515977509","potions_obtained":[{"floor":1,"key":"FairyPotion"},{"floor":10,"key":"Dexterity Potion"}],"is_trial":false,"path_per_floor":["M","$","?","M","M","R","E","R","T","E","?"],"character_chosen":"DEFECT","items_purchased":["Discovery"],"campfire_rested":0,"item_purchase_floors":[2],"current_hp_per_floor":[64,64,64,64,64,64,44,44,44,22,11],"gold":115,"neow_bonus":"THREE_ENEMY_KILL","is_prod":false,"is_daily":false,"chose_seed":false,"campfire_upgraded":2,"win_rate":0,"timestamp":1552403983,"path_taken":["M","$","?","M","?","R","E","R","T","E","?"],"build_version":"2019-01-23","purchased_purges":0,"victory":false,"max_hp_per_floor":[71,71,71,71,71,71,71,71,71,71,71],"card_choices":[{"not_picked":["Storm","Darkness"],"picked":"Coolheaded","floor":1},{"not_picked":["Redo","Rebound","Hologram"],"picked":"Gash","floor":4},{"not_picked":["Genetic Algorithm","Conserve Battery","Sweeping Beam"],"picked":"Gash","floor":5},{"not_picked":["Compile Driver","Skim","Conserve Battery","Stack"],"picked":"SKIP","floor":7},{"not_picked":["Chaos","Cold Snap","Storm"],"picked":"Coolheaded","floor":10}],"player_experience":2215729,"relics_obtained":[{"floor":7,"key":"Shuriken"},{"floor":9,"key":"Regal Pillow"},{"floor":10,"key":"MawBank"}],"event_choices":[{"damage_healed":0,"gold_gain":0,"player_choice":"Gave Potion","damage_taken":0,"relics_obtained":["Question Card"],"max_hp_gain":0,"max_hp_loss":0,"event_name":"WeMeetAgain","floor":3,"gold_loss":0},{"damage_healed":0,"gold_gain":0,"player_choice":"Fought Mushrooms","damage_taken":0,"max_hp_gain":0,"max_hp_loss":0,"event_name":"Mushrooms","floor":11,"gold_loss":0}],"is_beta":false,"boss_relics":[],"items_purged_floors":[],"is_endless":false,"potions_floor_spawned":[1,10],"killed_by":"The Mushroom Lair","ascension_level":20}