{"gold_per_floor":[112,128,53,23,42,75,75,103,103,136,154,154,40,53,53,125,125,142,154,164,164,184,184,459,475,548,548,548,561,561,46,46,121,121,133,153,53,68,85,85,95,115,115,164,164,195,212,241,241,241,241,241,241,63,96,96],"floor_reached":56,"playtime":3399,"items_purged":["Strike_R","Strike_R","Normality"],"score":2087,"play_id":"29c59cbe-0351-4e68-a4db-20aab3a8f6a2","local_time":"20190228172524","is_ascension_mode":true,"campfire_choices":[{"data":"Rampage","floor":7.0,"key":"SMITH"},{"data":"Flame Barrier","floor":12.0,"key":"SMITH"},{"data":"Inflame","floor":15.0,"key":"SMITH"},{"data":"Entrench","floor":23.0,"key":"SMITH"},{"floor":28.0,"key":"REST"},{"data":"Barricade","floor":30.0,"key":"SMITH"},{"data":"Metallicize","floor":32.0,"key":"SMITH"},{"data":"Barricade","floor":40.0,"key":"SMITH"},{"floor":45.0,"key":"REST"},{"floor":49.0,"key":"RECALL"},{"data":"Disarm","floor":53.0,"key":"SMITH"}],"neow_cost":"NONE","seed_source_timestamp":201388853460600,"circlet_count":0,"master_deck":["AscendersBane","Strike_R","Defend_R","Defend_R","Defend_R","Defend_R","Bash","Inflame+1","Rampage+1","Flame Barrier+1","Battle Trance","Entrench+1","Barricade+1","True Grit","Shrug It Off","Armaments+1","Feed","Sword Boomerang","Headbutt","Metallicize+1","Shrug It Off","Barricade+1","Flame Barrier","Body Slam","Body Slam","Disarm+1","Burning Pact","Seeing Red","Demon Form"],"special_seed":0,"relics":["Burning Blood","NeowsBlessing","Red Skull","Mango","Mercury Hourglass","Omamori","Cursed Key","Pantograph","Vajra","Gambling Chip","Happy Flower","Runic Pyramid","Unceasing Top","Incense Burner","Bag of Preparation","Centennial Puzzle"],"potions_floor_usage":[56,56],"damage_taken":[{"damage":0.0,"enemies":"Cultist","floor":1.0,"turns":1.0},{"damage":0.0,"enemies":"Jaw Worm","floor":2.0,"turns":1.0},{"damage":0.0,"enemies":"2 Louse","floor":5.0,"turns":1.0},{"damage":11.0,"enemies":"Gremlin Nob","floor":6.0,"turns":3.0},{"damage":20.0,"enemies":"Lagavulin","floor":8.0,"turns":7.0},{"damage":32.0,"enemies":"Gremlin Nob","floor":10.0,"turns":4.0},{"damage":6.0,"enemies":"Exordium Thugs","floor":11.0,"turns":3.0},{"damage":4.0,"enemies":"Red Slaver","floor":14.0,"turns":3.0},{"damage":34.0,"enemies":"Hexaghost","floor":16.0,"turns":8.0},{"damage":6.0,"enemies":"Spheric Guardian","floor":18.0,"turns":5.0},{"damage":42.0,"enemies":"Shell Parasite","floor":19.0,"turns":7.0},{"damage":15.0,"enemies":"Snake Plant","floor":20.0,"turns":4.0},{"damage":4.0,"enemies":"Sentry and Sphere","floor":22.0,"turns":5.0},{"damage":27.0,"enemies":"Snecko","floor":25.0,"turns":6.0},{"damage":13.0,"enemies":"Snake Plant","floor":29.0,"turns":4.0},{"damage":8.0,"enemies":"Champ","floor":33.0,"turns":16.0},{"damage":0.0,"enemies":"Orb Walker","floor":35.0,"turns":4.0},{"damage":0.0,"enemies":"3 Shapes","floor":36.0,"turns":6.0},{"damage":0.0,"enemies":"Sphere and 2 Shapes","floor":38.0,"turns":7.0},{"damage":0.0,"enemies":"Spire Growth","floor":39.0,"turns":5.0},{"damage":18.0,"enemies":"Writhing Mass","floor":41.0,"turns":11.0},{"damage":32.0,"enemies":"Jaw Worm Horde","floor":42.0,"turns":7.0},{"damage":71.0,"enemies":"2 Orb Walkers","floor":44.0,"turns":6.0},{"damage":0.0,"enemies":"Nemesis","floor":46.0,"turns":11.0},{"damage":0.0,"enemies":"Maw","floor":47.0,"turns":9.0},{"damage":6.0,"enemies":"Reptomancer","floor":48.0,"turns":14.0},{"damage":0.0,"enemies":"Donu and Deca","floor":50.0,"turns":8.0},{"damage":48.0,"enemies":"Time Eater","floor":51.0,"turns":16.0},{"damage":79.0,"enemies":"Shield and Spear","floor":55.0,"turns":12.0},{"damage":67,"enemies":"The Heart","floor":56,"turns":5}],"seed_played":"3201565645229787827","potions_obtained":[{"floor":2.0,"key":"Poison Potion"},{"floor":4.0,"key":"EntropicBrew"},{"floor":6.0,"key":"FearPotion"},{"floor":8.0,"key":"Fire Potion"},{"floor":22.0,"key":"Fire Potion"},{"floor":33.0,"key":"Regen Potion"},{"floor":35.0,"key":"Weak Potion"},{"floor":41.0,"key":"GamblersBrew"},{"floor":46.0,"key":"Energy Potion"}],"is_trial":false,"path_per_floor":["M","M","?","?","M","E","R","E","T","E","M","R","$","M","R","B",null,"M","M","M","?","M","R","?","M","T","?","R","M","R","$","R","B",null,"M","M","$","M","M","R","M","M","T","?","R","E","M","E","R","B","B",null,"R","$","E","B"],"character_chosen":"IRONCLAD","items_purchased":["Battle Trance","Gambling Chip","Happy Flower","Shrug It Off","Strength Potion"],"campfire_rested":2,"item_purchase_floors":[13,31,31,31,54],"current_hp_per_floor":[74,75,75,75,75,70,70,70,70,44,44,44,44,46,46,18,71,71,35,26,26,31,31,31,10,10,10,37,30,30,30,30,53,82,96,99,99,103,103,103,95,73,73,12,46,56,66,66,66,101,88,120,120,120,51,9],"gold":96,"neow_bonus":"THREE_ENEMY_KILL","is_prod":false,"is_daily":false,"chose_seed":false,"campfire_upgraded":8,"win_rate":0,"timestamp":1551342324,"path_taken":["M","?","?","?","M","E","R","E","T","E","?","R","?","M","R","BOSS","M","M","?","?","?","R","?","?","T","?","R","M","R","$","R","BOSS","M","?","$","M","M","R","M","M","T","?","R","E","M","E","R","BOSS","BOSS","R","$","E","BOSS"],"build_version":"2019-01-23","purchased_purges":3,"victory":false,"max_hp_per_floor":[75,75,75,75,75,75,75,89,89,89,89,89,89,89,89,89,89,89,89,89,89,92,92,92,92,92,92,92,92,92,92,92,92,92,96,99,99,103,103,103,107,111,111,115,115,119,123,123,123,127,131,131,131,131,135,135],"card_choices":[{"not_picked":["Pommel Strike","Sword Boomerang"],"picked":"Flex","floor":1.0},{"not_picked":["Pommel Strike","Blood for Blood","Searing Blow"],"picked":"SKIP","floor":2.0},{"not_picked":["Flex","Clothesline"],"picked":"Inflame","floor":5.0},{"not_picked":["Reckless Charge","True Grit"],"picked":"Rampage","floor":6.0},{"not_picked":["Berserk","Wild Strike","Twin Strike"],"picked":"SKIP","floor":8.0},{"not_picked":["Clothesline","Hemokinesis","Pommel Strike"],"picked":"SKIP","floor":10.0},{"not_picked":["Perfected Strike","Bloodletting"],"picked":"Flame Barrier","floor":11.0},{"not_picked":["Shrug It Off","Battle Trance"],"picked":"Entrench","floor":14.0},{"not_picked":["Juggernaut","Reaper"],"picked":"Barricade","floor":16.0},{"not_picked":["Anger","Blood for Blood"],"picked":"True Grit","floor":18.0},{"not_picked":["Sword Boomerang","Seeing Red"],"picked":"Shrug It Off","floor":19.0},{"not_picked":["Flex","Heavy Blade"],"picked":"Armaments+1","floor":20.0},{"not_picked":["Intimidate","Sword Boomerang","Headbutt"],"picked":"SKIP","floor":22.0},{"not_picked":["Intimidate","Headbutt"],"picked":"Sword Boomerang","floor":22.0},{"not_picked":["Flex","Reckless Charge"],"picked":"Headbutt","floor":25.0},{"not_picked":["Dropkick","Clash"],"picked":"Metallicize","floor":29.0},{"not_picked":["Berserk","Exhume"],"picked":"Barricade","floor":33.0},{"not_picked":["Flex","Clash","Hemokinesis"],"picked":"SKIP","floor":35.0},{"not_picked":["Twin Strike","Hemokinesis"],"picked":"Flame Barrier","floor":36.0},{"not_picked":["Anger","Cleave"],"picked":"Body Slam","floor":38.0},{"not_picked":["Anger","Whirlwind","Combust"],"picked":"SKIP","floor":39.0},{"not_picked":["Searing Blow","Metallicize+1"],"picked":"Body Slam","floor":41.0},{"not_picked":["Immolate","Clash+1","Whirlwind+1"],"picked":"SKIP","floor":42.0},{"not_picked":["Clash+1","Heavy Blade"],"picked":"Disarm","floor":44.0},{"not_picked":["Exhume","Thunderclap+1"],"picked":"Burning Pact","floor":46.0},{"not_picked":["Dropkick+1","Wild Strike","Seeing Red"],"picked":"SKIP","floor":47.0},{"not_picked":["Wild Strike","Anger+1"],"picked":"Seeing Red","floor":48.0},{"not_picked":["Flex","Twin Strike+1"],"picked":"Demon Form","floor":55.0}],"player_experience":1889699,"relics_obtained":[{"floor":6.0,"key":"Red Skull"},{"floor":8.0,"key":"Mango"},{"floor":9.0,"key":"Mercury Hourglass"},{"floor":10.0,"key":"Omamori"},{"floor":26.0,"key":"Pantograph"},{"floor":44.0,"key":"Unceasing Top"},{"floor":46.0,"key":"Incense Burner"},{"floor":48.0,"key":"Bag of Preparation"},{"floor":55.0,"key":"Centennial Puzzle"}],"event_choices":[{"cards_removed":["Strike_R"],"damage_healed":0.0,"max_hp_gain":0.0,"max_hp_loss":0.0,"gold_gain":0.0,"event_name":"The Cleric","player_choice":"Card Removal","floor":3.0,"gold_loss":75.0,"damage_taken":0.0},{"damage_healed":0.0,"max_hp_gain":0.0,"max_hp_loss":0.0,"gold_gain":0.0,"event_name":"The Woman in Blue","player_choice":"Bought 2 Potions","floor":4.0,"gold_loss":0.0,"damage_taken":0.0},{"damage_healed":0.0,"max_hp_gain":0.0,"max_hp_loss":0.0,"gold_gain":0.0,"cards_transformed":["Strike_R"],"event_name":"Transmorgrifier","player_choice":"Transformed","floor":21.0,"gold_loss":0.0,"damage_taken":0.0,"cards_obtained":["Feed"]},{"damage_healed":0.0,"max_hp_gain":0.0,"max_hp_loss":0.0,"gold_gain":275.0,"event_name":"Golden Shrine","player_choice":"Desecrate","floor":24.0,"gold_loss":0.0,"damage_taken":0.0,"cards_obtained":["Regret"]},{"cards_removed":["Flex"],"damage_healed":0.0,"max_hp_gain":0.0,"max_hp_loss":0.0,"gold_gain":0.0,"event_name":"WeMeetAgain","player_choice":"Gave Card","floor":27.0,"gold_loss":0.0,"damage_taken":0.0,"relics_obtained":["Vajra"]},{"damage_healed":0.0,"max_hp_gain":0.0,"max_hp_loss":0.0,"gold_gain":0.0,"event_name":"Mysterious Sphere","player_choice":"Fight","floor":44.0,"gold_loss":0.0,"damage_taken":0.0}],"is_beta":false,"boss_relics":[{"not_picked":["Lizard Tail","Eternal Feather"],"picked":"Cursed Key"},{"not_picked":["Black Blood","White Beast Statue"],"picked":"Runic Pyramid"}],"items_purged_floors":[13,37,54],"is_endless":false,"potions_floor_spawned":[2,6,8,10,16,18,19,22,33,35,39,41,46,55],"killed_by":"The Heart","ascension_level":20}