{"gold_per_floor":[109,109,209,209,43,43,69,69,69,82,97,124,124,49,49,151,151,166,166,166,178,178,178,208,208],"floor_reached":25,"playtime":817,"items_purged":["Defend_R"],"score":375,"play_id":"91c4647b-306e-43e8-bde5-2a7a6b6823aa","local_time":"20180714154213","is_ascension_mode":true,"campfire_choices":[{"data":"Dual Wield","floor":6,"key":"SMITH"},{"data":"Flash of Steel","floor":8,"key":"SMITH"},{"data":"Flex","floor":13,"key":"SMITH"},{"data":"Bash","floor":15,"key":"SMITH"},{"floor":23,"key":"REST"}],"neow_cost":"NONE","seed_source_timestamp":759926409208786,"circlet_count":0,"master_deck":["Strike_R","Strike_R","Strike_R","Defend_R","Defend_R","Defend_R","Bash+1","AscendersBane","Dual Wield+1","Flash of Steel+1","Flex+1","Clash+1"],"relics":["Burning Blood","NeowsBlessing","Pantograph","Molten Egg 2","Letter Opener","Regal Pillow","Runic Cube","Oddly Smooth Stone"],"potions_floor_usage":[12,16,24],"damage_taken":[{"damage":0,"enemies":"Small Slimes","floor":1,"turns":1},{"damage":0,"enemies":"3 Sentries","floor":7,"turns":1},{"damage":0,"enemies":"2 Louse","floor":10,"turns":1},{"damage":6,"enemies":"Cultist","floor":11,"turns":3},{"damage":20,"enemies":"Gremlin Nob","floor":12,"turns":4},{"damage":44,"enemies":"Hexaghost","floor":16,"turns":6},{"damage":12,"enemies":"Chosen","floor":18,"turns":3},{"damage":7,"enemies":"3 Byrds","floor":21,"turns":4},{"damage":67,"enemies":"Book of Stabbing","floor":24,"turns":5},{"damage":36,"enemies":"Cultist and Chosen","floor":25,"turns":6}],"seed_played":"-4407656808331700549","potions_obtained":[{"floor":1,"key":"Poison Potion"},{"floor":7,"key":"SpeedPotion"},{"floor":21,"key":"BloodPotion"}],"is_trial":false,"path_per_floor":["M","?","?","T","$","R","E","R","T","M","M","E","R","$","R","B",null,"M","?","?","M","?","R","E"],"character_chosen":"IRONCLAD","items_purchased":["Dual Wield","Flash of Steel"],"campfire_rested":1,"item_purchase_floors":[5,5],"current_hp_per_floor":[78,83,83,83,83,83,85,85,85,85,85,71,71,71,71,47,76,70,70,70,69,69,85,32,0],"gold":208,"neow_bonus":"THREE_ENEMY_KILL","is_prod":false,"is_daily":false,"chose_seed":false,"campfire_upgraded":4,"win_rate":0,"timestamp":1531572133,"path_taken":["M","?","?","?","$","R","E","R","T","M","?","E","R","$","R","BOSS","M","?","?","M","?","R","E","M"],"build_version":"2018-07-12","purchased_purges":1,"victory":false,"max_hp_per_floor":[80,85,85,85,85,85,85,85,85,85,85,85,85,85,85,85,85,85,85,85,85,85,85,85,85],"card_choices":[{"not_picked":["Rampage","Shrug It Off","Clothesline"],"picked":"SKIP","floor":1},{"not_picked":["Corruption","Burning Pact","Whirlwind"],"picked":"SKIP","floor":7},{"not_picked":["Pommel Strike+1","Armaments"],"picked":"Flex","floor":10},{"not_picked":["Entrench","Havoc","Metallicize"],"picked":"SKIP","floor":11},{"not_picked":["Rampage+1","Flex","Limit Break"],"picked":"SKIP","floor":12},{"not_picked":["Armaments","Clothesline+1","Feel No Pain+1"],"picked":"SKIP","floor":18},{"not_picked":["Iron Wave+1","Armaments","Clothesline+1"],"picked":"SKIP","floor":21},{"not_picked":["Combust+1","Seeing Red+1"],"picked":"Clash+1","floor":24}],"player_experience":559579,"relics_obtained":[{"floor":4,"key":"Pantograph"},{"floor":7,"key":"Molten Egg 2"},{"floor":9,"key":"Letter Opener"},{"floor":12,"key":"Regal Pillow"},{"floor":24,"key":"Oddly Smooth Stone"}],"event_choices":[{"event_name":"Big Fish","player_choice":"Donut","floor":2,"damage_taken":0},{"event_name":"Golden Shrine","player_choice":"Pray","floor":3,"damage_taken":0},{"event_name":"Drug Dealer","player_choice":"Ignored","floor":19,"damage_taken":0},{"event_name":"Bonfire Elementals","player_choice":"BASIC","floor":20,"damage_taken":0},{"event_name":"Back to Basics","player_choice":"Elegance","floor":22,"damage_taken":0}],"boss_relics":[{"not_picked":["Cursed Key","Runic Pyramid"],"picked":"Runic Cube"}],"items_purged_floors":[14],"is_endless":false,"potions_floor_spawned":[1,7,21],"killed_by":"Cultist and Chosen","ascension_level":10}