{"gold_per_floor":[109,109,125,136,18,45,45,45,69,69,69,95,110,3,3,80,80,94,94,10,21,34,34,59,59,59,87,87,122,122,122,122,198,198,217,232,251,251,261,286,286,317,317,346,359,359,359,369,369,369,369,369,369,42,74,74],"floor_reached":57,"playtime":2985,"items_purged":["Strike_R","Pain","Strike_R"],"score":3137,"play_id":"c30bfd32-6398-483c-8a88-64be6af3c73a","local_time":"20190404191938","is_ascension_mode":true,"campfire_choices":[{"data":"Shockwave","floor":7.0,"key":"SMITH"},{"data":"Disarm","floor":15.0,"key":"SMITH"},{"data":"Whirlwind","floor":23.0,"key":"SMITH"},{"floor":28.0,"key":"REST"},{"data":"Fiend Fire","floor":30.0,"key":"SMITH"},{"floor":32.0,"key":"REST"},{"floor":41.0,"key":"REST"},{"floor":47.0,"key":"RECALL"},{"floor":49.0,"key":"REST"},{"data":"Demon Form","floor":53,"key":"SMITH"}],"neow_cost":"NONE","seed_source_timestamp":545431740938700,"circlet_count":0,"master_deck":["AscendersBane","Strike_R","Defend_R","Defend_R","Defend_R","Defend_R","Bash","Shockwave+1","Feel No Pain","Disarm+1","Spot Weakness","Second Wind","Whirlwind+1","Barricade","Sentinel","Corruption","Ghostly Armor","Pummel","Rage","Body Slam","Uppercut+1","Fiend Fire+1","Exhume","Battle Trance+1","Warcry+1","Armaments","Shockwave","True Grit+1","Offering","Shrug It Off+1","Demon Form+1","Armaments","Second Wind+1","Flex"],"special_seed":0,"relics":["Burning Blood","NeowsBlessing","Smiling Mask","Art of War","WarpedTongs","Bottled Lightning","Snecko Eye","Bag of Marbles","Blood Vial","Pen Nib","Ornamental Fan","Nilry\u0027s Codex","Orrery","Bag of Preparation","Gremlin Horn","Bronze Scales","Strange Spoon"],"potions_floor_usage":[56,56],"damage_taken":[{"damage":0.0,"enemies":"Jaw Worm","floor":1.0,"turns":1.0},{"damage":0.0,"enemies":"Cultist","floor":3.0,"turns":1.0},{"damage":0.0,"enemies":"Small Slimes","floor":4.0,"turns":1.0},{"damage":11.0,"enemies":"3 Sentries","floor":6.0,"turns":11.0},{"damage":9.0,"enemies":"Lagavulin","floor":12.0,"turns":7.0},{"damage":8.0,"enemies":"2 Fungi Beasts","floor":13.0,"turns":5.0},{"damage":0.0,"enemies":"The Guardian","floor":16.0,"turns":11.0},{"damage":12.0,"enemies":"3 Byrds","floor":18.0,"turns":3.0},{"damage":9.0,"enemies":"Colosseum Slavers","floor":19.0,"turns":4.0},{"damage":0.0,"enemies":"Spheric Guardian","floor":21.0,"turns":3.0},{"damage":11.0,"enemies":"Centurion and Healer","floor":22.0,"turns":4.0},{"damage":80.0,"enemies":"Slavers","floor":24.0,"turns":6.0},{"damage":4.0,"enemies":"Gremlin Leader","floor":27.0,"turns":6.0},{"damage":10.0,"enemies":"Book of Stabbing","floor":29.0,"turns":5.0},{"damage":13.0,"enemies":"Collector","floor":33.0,"turns":8.0},{"damage":1.0,"enemies":"3 Shapes","floor":35.0,"turns":3.0},{"damage":13.0,"enemies":"3 Darklings","floor":36.0,"turns":4.0},{"damage":14.0,"enemies":"4 Shapes","floor":37.0,"turns":6.0},{"damage":6.0,"enemies":"Sphere and 2 Shapes","floor":39.0,"turns":4.0},{"damage":62.0,"enemies":"Giant Head","floor":40.0,"turns":8.0},{"damage":6.0,"enemies":"Nemesis","floor":42.0,"turns":5.0},{"damage":6.0,"enemies":"Giant Head","floor":44.0,"turns":6.0},{"damage":20.0,"enemies":"3 Darklings","floor":45.0,"turns":3.0},{"damage":10.0,"enemies":"Spire Growth","floor":48.0,"turns":4.0},{"damage":40.0,"enemies":"Awakened One","floor":50.0,"turns":9.0},{"damage":6,"enemies":"Donu and Deca","floor":51,"turns":7},{"damage":6,"enemies":"Shield and Spear","floor":55,"turns":5},{"damage":59,"enemies":"The Heart","floor":56,"turns":10}],"seed_played":"-4494210950295729484","potions_obtained":[{"floor":1.0,"key":"SkillPotion"},{"floor":2.0,"key":"FairyPotion"},{"floor":3.0,"key":"PowerPotion"},{"floor":6.0,"key":"Energy Potion"},{"floor":21.0,"key":"Regen Potion"},{"floor":22.0,"key":"FairyPotion"},{"floor":24.0,"key":"EssenceOfSteel"},{"floor":35.0,"key":"EntropicBrew"},{"floor":39.0,"key":"AttackPotion"},{"floor":40.0,"key":"Weak Potion"}],"is_trial":false,"path_per_floor":["M","?","M","M","$","E","R","?","T","?","?","E","M","$","R","B",null,"M","?","$","M","M","R","E","?","T","E","R","E","R","?","R","B",null,"M","M","M","?","M","E","R","E","T","E","M","?","R","M","R","B","B",null,"R","$","E","B",null],"character_chosen":"IRONCLAD","items_purchased":["Spot Weakness","PowerPotion","Corruption","Strange Spoon","Energy Potion"],"campfire_rested":4,"item_purchase_floors":[5,14,20,54,54],"current_hp_per_floor":[74,74,75,75,75,70,70,70,70,63,63,60,58,58,58,64,72,66,63,63,69,64,64,13,13,13,17,39,37,37,16,38,33,65,72,67,61,61,63,9,31,33,33,35,23,23,23,21,43,11,13,60,60,60,62,11],"gold":74,"neow_bonus":"THREE_ENEMY_KILL","is_prod":false,"is_daily":false,"chose_seed":false,"campfire_upgraded":5,"win_rate":0,"timestamp":1554373178,"path_taken":["M","?","M","?","$","E","R","?","T","?","?","E","?","?","R","BOSS","M","?","$","M","M","R","E","?","T","E","R","E","R","?","R","BOSS","M","M","M","?","?","E","R","E","T","E","M","?","R","M","R","BOSS","BOSS","R","$","E","BOSS"],"build_version":"2019-01-23","purchased_purges":3,"victory":true,"max_hp_per_floor":[75,75,75,75,75,75,75,75,75,75,75,75,75,75,75,75,75,75,75,75,75,75,75,75,75,75,75,75,75,75,75,75,75,75,75,75,75,75,75,75,75,75,75,75,75,75,75,75,75,75,75,75,75,75,75,75],"card_choices":[{"not_picked":["Clash","Power Through"],"picked":"Shockwave","floor":1.0},{"not_picked":["Armaments","Perfected Strike"],"picked":"Feel No Pain","floor":3.0},{"not_picked":["Bloodletting","Anger"],"picked":"Disarm","floor":4.0},{"not_picked":["Headbutt","Armaments"],"picked":"Second Wind","floor":6.0},{"not_picked":["Thunderclap","Sword Boomerang","Wild Strike"],"picked":"SKIP","floor":12.0},{"not_picked":["Perfected Strike","Heavy Blade","Bloodletting"],"picked":"SKIP","floor":13.0},{"not_picked":["Impervious","Berserk"],"picked":"Barricade","floor":16.0},{"not_picked":["Pummel","Reckless Charge"],"picked":"Sentinel","floor":18.0},{"not_picked":["Wild Strike","Corruption"],"picked":"Ghostly Armor","floor":21.0},{"not_picked":["Rampage","Inflame+1"],"picked":"Pummel","floor":22.0},{"not_picked":["Rage","Heavy Blade","Pommel Strike"],"picked":"SKIP","floor":24.0},{"not_picked":["Heavy Blade","Pommel Strike"],"picked":"Rage","floor":24.0},{"not_picked":["Wild Strike","Thunderclap+1"],"picked":"Uppercut+1","floor":27.0},{"not_picked":["Havoc","Warcry"],"picked":"Fiend Fire","floor":29.0},{"not_picked":["Dark Embrace","Barricade"],"picked":"Exhume","floor":33.0},{"not_picked":["Hemokinesis","Juggernaut"],"picked":"Battle Trance+1","floor":34.0},{"not_picked":["Heavy Blade","Twin Strike"],"picked":"Warcry+1","floor":34.0},{"not_picked":["Pommel Strike","Sword Boomerang"],"picked":"Armaments","floor":34.0},{"not_picked":["Rupture","Twin Strike","Berserk"],"picked":"SKIP","floor":35.0},{"not_picked":["Flex","Intimidate"],"picked":"Shockwave","floor":36.0},{"not_picked":["Cleave","Anger"],"picked":"True Grit","floor":37.0},{"not_picked":["Cleave+1","Sword Boomerang","Clothesline"],"picked":"SKIP","floor":39.0},{"not_picked":["Thunderclap","Iron Wave"],"picked":"Offering","floor":40.0},{"not_picked":["Iron Wave","Battle Trance+1"],"picked":"Shrug It Off+1","floor":42.0},{"not_picked":["Dropkick","Clash+1"],"picked":"Demon Form","floor":44.0},{"not_picked":["Body Slam","Twin Strike"],"picked":"Armaments","floor":45.0},{"not_picked":["Thunderclap+1","Dual Wield"],"picked":"Second Wind+1","floor":48.0},{"not_picked":["Cleave+1","Body Slam+1"],"picked":"Flex","floor":55}],"player_experience":2870429,"relics_obtained":[{"floor":6.0,"key":"Smiling Mask"},{"floor":9.0,"key":"Art of War"},{"floor":12.0,"key":"Bottled Lightning"},{"floor":24.0,"key":"Bag of Marbles"},{"floor":26.0,"key":"Blood Vial"},{"floor":27.0,"key":"Pen Nib"},{"floor":29.0,"key":"Ornamental Fan"},{"floor":31.0,"key":"Nilry\u0027s Codex"},{"floor":40.0,"key":"Bag of Preparation"},{"floor":42.0,"key":"Gremlin Horn"},{"floor":44.0,"key":"Bronze Scales"}],"event_choices":[{"damage_healed":0.0,"max_hp_gain":0.0,"max_hp_loss":0.0,"gold_gain":0.0,"event_name":"Lab","player_choice":"Got Potions","floor":2.0,"gold_loss":0.0,"damage_taken":0.0},{"damage_healed":0.0,"max_hp_gain":0.0,"max_hp_loss":0.0,"gold_gain":0.0,"cards_transformed":["Strike_R"],"event_name":"Living Wall","player_choice":"Change","floor":8.0,"gold_loss":0.0,"damage_taken":0.0,"cards_obtained":["Whirlwind"]},{"cards_removed":["Strike_R"],"damage_healed":0.0,"max_hp_gain":0.0,"max_hp_loss":0.0,"gold_gain":0.0,"event_name":"Golden Wing","player_choice":"Card Removal","floor":10.0,"gold_loss":0.0,"damage_taken":7.0},{"damage_healed":0.0,"max_hp_gain":0.0,"max_hp_loss":0.0,"gold_gain":0.0,"event_name":"Accursed Blacksmith","player_choice":"Rummage","floor":11.0,"gold_loss":0.0,"damage_taken":0.0,"relics_obtained":["WarpedTongs"],"cards_obtained":["Pain"]},{"damage_healed":0.0,"max_hp_gain":0.0,"max_hp_loss":0.0,"gold_gain":0.0,"event_name":"Colosseum","player_choice":"Fight","floor":19.0,"gold_loss":0.0,"damage_taken":0.0},{"damage_healed":0.0,"max_hp_gain":0.0,"max_hp_loss":0.0,"gold_gain":0.0,"event_name":"Colosseum","player_choice":"Fled From Nobs","floor":19.0,"gold_loss":0.0,"damage_taken":0.0},{"damage_healed":0.0,"max_hp_gain":0.0,"max_hp_loss":0.0,"gold_gain":0.0,"event_name":"The Library","player_choice":"Read","floor":25.0,"gold_loss":0.0,"damage_taken":0.0,"cards_obtained":["Body Slam"]},{"damage_healed":0.0,"max_hp_gain":0.0,"max_hp_loss":0.0,"gold_gain":0.0,"event_name":"Cursed Tome","player_choice":"Obtained Book","floor":31.0,"gold_loss":0.0,"damage_taken":21.0},{"damage_healed":0.0,"max_hp_gain":0.0,"max_hp_loss":0.0,"gold_gain":0.0,"event_name":"Upgrade Shrine","player_choice":"Upgraded","floor":38.0,"gold_loss":0.0,"damage_taken":0.0,"cards_upgraded":["True Grit"]},{"damage_healed":0.0,"max_hp_gain":0.0,"max_hp_loss":0.0,"gold_gain":0.0,"event_name":"Tomb of Lord Red Mask","player_choice":"Ignored","floor":46.0,"gold_loss":0.0,"damage_taken":0.0}],"is_beta":false,"boss_relics":[{"not_picked":["Lizard Tail","Calling Bell"],"picked":"Snecko Eye"},{"not_picked":["Eternal Feather","Tiny House"],"picked":"Orrery"}],"items_purged_floors":[5,14,54],"is_endless":false,"potions_floor_spawned":[1,3,4,6,21,22,24,35,39,40,42,45],"ascension_level":20}