{"gold_per_floor":[109,109,109,133,147,147,147,147,173,173,13,13,33,53,53,174,174,189,207,207],"floor_reached":20,"playtime":629,"items_purged":["Strike_B"],"score":197,"play_id":"90bc253e-4113-43a1-8fe0-7c436c5b64cb","local_time":"20190424154907","is_ascension_mode":true,"campfire_choices":[{"floor":6,"key":"REST"},{"data":"Zap","floor":8,"key":"SMITH"},{"data":"Ball Lightning","floor":10,"key":"SMITH"},{"data":"Self Repair","floor":15,"key":"SMITH"}],"neow_cost":"NONE","seed_source_timestamp":560831115562808,"circlet_count":0,"master_deck":["Strike_B","Strike_B","Strike_B+1","Defend_B","Defend_B+1","Defend_B","Defend_B","Zap+1","Dualcast","Buffer","Conserve Battery","Ball Lightning+1","Hologram","Self Repair+1","Steam","Gash","Self Repair","Machine Learning","Ball Lightning+1","Coolheaded"],"relics":["Cracked Core","Golden Idol","PreservedInsect","Snecko Eye"],"potions_floor_usage":[16,16,16],"damage_taken":[{"damage":11,"enemies":"2 Louse","floor":1,"turns":2},{"damage":0,"enemies":"Jaw Worm","floor":4,"turns":2},{"damage":1,"enemies":"Small Slimes","floor":5,"turns":3},{"damage":21,"enemies":"Gremlin Gang","floor":13,"turns":5},{"damage":4,"enemies":"3 Louse","floor":14,"turns":3},{"damage":37,"enemies":"Hexaghost","floor":16,"turns":10},{"damage":57,"enemies":"3 Byrds","floor":18,"turns":5},{"damage":33,"enemies":"Chosen","floor":19,"turns":7},{"damage":24,"enemies":"3 Cultists","floor":20,"turns":3}],"seed_played":"-708754194374236695","potions_obtained":[{"floor":1,"key":"LiquidBronze"},{"floor":12,"key":"EssenceOfSteel"},{"floor":12,"key":"Poison Potion"},{"floor":19,"key":"SkillPotion"}],"is_trial":false,"path_per_floor":["M","?","?","M","M","R","?","R","T","R","$","?","M","M","R","B",null,"M","M","M"],"character_chosen":"DEFECT","items_purchased":["Self Repair","Steam"],"campfire_rested":1,"item_purchase_floors":[11,11],"current_hp_per_floor":[64,49,31,31,30,52,57,57,57,57,57,57,43,46,46,26,80,40,17,0],"gold":207,"neow_bonus":"ONE_RANDOM_RARE_CARD","is_prod":false,"is_daily":false,"chose_seed":false,"campfire_upgraded":3,"win_rate":0,"timestamp":1556138947,"path_taken":["M","?","?","M","M","R","?","R","T","R","$","?","?","M","R","BOSS","M","M","M"],"build_version":"2019-01-23","purchased_purges":1,"victory":false,"max_hp_per_floor":[75,75,75,75,75,75,80,80,80,80,80,80,80,80,80,80,80,80,80,80],"card_choices":[{"not_picked":["Heatsinks","Turbo"],"picked":"Conserve Battery","floor":1},{"not_picked":["Hologram","Consume"],"picked":"Ball Lightning","floor":4},{"not_picked":["Turbo","Stack"],"picked":"Hologram","floor":5},{"not_picked":["Go for the Eyes","Reprogram"],"picked":"Gash","floor":13},{"not_picked":["FTL","Compile Driver"],"picked":"Self Repair","floor":14},{"not_picked":["Hyperbeam","Meteor Strike"],"picked":"Machine Learning","floor":16},{"not_picked":["Go for the Eyes+1","Sweeping Beam+1"],"picked":"Ball Lightning+1","floor":18},{"not_picked":["Beam Cell","Compile Driver+1"],"picked":"Coolheaded","floor":19}],"player_experience":237616,"relics_obtained":[{"floor":9,"key":"PreservedInsect"}],"event_choices":[{"damage_healed":0,"gold_gain":0,"player_choice":"Entered Light","damage_taken":15,"max_hp_gain":0,"max_hp_loss":0,"event_name":"Shining Light","floor":2,"gold_loss":0,"cards_upgraded":["Strike_B","Defend_B"]},{"damage_healed":0,"gold_gain":0,"player_choice":"Take Damage","damage_taken":18,"relics_obtained":["Golden Idol"],"max_hp_gain":0,"max_hp_loss":0,"event_name":"Golden Idol","floor":3,"gold_loss":0},{"damage_healed":0,"gold_gain":0,"player_choice":"Donut","damage_taken":0,"max_hp_gain":5,"max_hp_loss":0,"event_name":"Big Fish","floor":7,"gold_loss":0},{"damage_healed":0,"gold_gain":0,"player_choice":"Got Potions","damage_taken":0,"max_hp_gain":0,"max_hp_loss":0,"event_name":"Lab","floor":12,"gold_loss":0}],"is_beta":false,"boss_relics":[{"not_picked":["Tiny House","Eternal Feather"],"picked":"Snecko Eye"}],"items_purged_floors":[11],"is_endless":false,"potions_floor_spawned":[1,14,19],"killed_by":"3 Cultists","ascension_level":4}