{"path_per_floor":["M","?","M","?","M","R","E","R","T","M","M","R","T","M","R","B",null,"M","M","M","?","$","E","R","$","T","M","E","R","?"],"character_chosen":"DEFECT","items_purchased":["Defragment","Bandage Up","Creative AI"],"gold_per_floor":[109,59,73,73,92,92,118,118,118,136,148,148,148,163,163,264,264,275,295,310,310,63,88,88,12,12,27,61,61,61,61],"floor_reached":31,"campfire_rested":6,"playtime":1500,"item_purchase_floors":[22,22,25],"current_hp_per_floor":[71,71,66,66,62,75,42,64,64,55,47,69,69,61,77,40,77,76,67,42,42,42,16,40,40,40,48,14,39,39,0],"items_purged":["Writhe"],"gold":61,"score":330,"play_id":"f1fb71aa-238d-471e-82d2-cea3c2a28e54","local_time":"20180603181956","is_prod":false,"is_daily":false,"chose_seed":false,"is_ascension_mode":true,"campfire_upgraded":0,"win_rate":0,"timestamp":1528039196,"campfire_choices":[{"floor":6,"key":"REST"},{"floor":8,"key":"REST"},{"floor":12,"key":"REST"},{"floor":15,"key":"REST"},{"floor":24,"key":"REST"},{"floor":29,"key":"REST"}],"path_taken":["M","?","M","?","M","R","E","R","T","M","?","R","?","M","R","BOSS","M","M","M","?","$","E","R","$","T","?","E","R","?","E"],"build_version":"2018-05-31","seed_source_timestamp":1108360031251831,"purchased_purges":1,"victory":false,"master_deck":["Strike_B+1","Strike_B","Strike_B","Defend_B","Defend_B","Defend_B","Zap","Dualcast","Static Discharge","Fission","Electrodynamics","Auto Shields","Creative AI","Static Discharge","Defragment","Bandage Up","Creative AI","Auto Shields+1"],"max_hp_per_floor":[75,75,75,75,75,75,75,75,75,75,75,75,75,77,77,77,77,79,79,81,81,81,83,83,83,83,85,85,85,85,85],"relics":["Cracked Core","Blood Vial","Blue Candle","Matryoshka","Singing Bowl","Bottled Tornado","Sozu","Omamori","Dodecahedron","Orichalcum","Mummified Hand","Whetstone"],"card_choices":[{"not_picked":["Go for the Eyes","Rebound"],"picked":"Static Discharge","floor":1},{"not_picked":["Redo","Streamline"],"picked":"Fission","floor":3},{"not_picked":["Sweeping Beam","Lockon","Stack"],"picked":"SKIP","floor":5},{"not_picked":["Rainbow","Seek"],"picked":"Electrodynamics","floor":7},{"not_picked":["Hologram","Compile Driver"],"picked":"Auto Shields","floor":10},{"not_picked":["Darkness","Scrape","BootSequence"],"picked":"SKIP","floor":11},{"not_picked":["Beam Cell","Barrage","Rip and Tear"],"picked":"Singing Bowl","floor":14},{"not_picked":["Seek","Biased Cognition"],"picked":"Creative AI","floor":16},{"not_picked":["Barrage","Reinforced Body+1","Conserve Battery"],"picked":"Singing Bowl","floor":18},{"not_picked":["Sweeping Beam","Darkness"],"picked":"Static Discharge","floor":19},{"not_picked":["Turbo","Gash","Cold Snap"],"picked":"Singing Bowl","floor":20},{"not_picked":["Steam+1","Stack","Glacier"],"picked":"Singing Bowl","floor":23},{"not_picked":["Coolheaded","Steam Power+1","Sweeping Beam"],"picked":"Singing Bowl","floor":27},{"not_picked":["Hologram","Cold Snap"],"picked":"Auto Shields+1","floor":28}],"player_experience":470179,"potions_floor_usage":[7,10,23,31],"damage_taken":[{"damage":4,"enemies":"Jaw Worm","floor":1,"turns":4},{"damage":7,"enemies":"Small Slimes","floor":3,"turns":3},{"damage":6,"enemies":"2 Louse","floor":5,"turns":3},{"damage":33,"enemies":"Lagavulin","floor":7,"turns":6},{"damage":20,"enemies":"Gremlin Gang","floor":10,"turns":3},{"damage":10,"enemies":"Exordium Wildlife","floor":11,"turns":3},{"damage":12,"enemies":"Looter","floor":14,"turns":3},{"damage":37,"enemies":"Slime Boss","floor":16,"turns":8},{"damage":3,"enemies":"3 Byrds","floor":18,"turns":1},{"damage":11,"enemies":"2 Thieves","floor":19,"turns":2},{"damage":29,"enemies":"Snake Plant","floor":20,"turns":4},{"damage":34,"enemies":"Slavers","floor":23,"turns":3},{"damage":0,"enemies":"3 Cultists","floor":27,"turns":3},{"damage":40,"enemies":"Gremlin Leader","floor":28,"turns":6},{"damage":46,"enemies":"Book of Stabbing","floor":31,"turns":4}],"relics_obtained":[{"floor":7,"key":"Blue Candle"},{"floor":9,"key":"Matryoshka"},{"floor":13,"key":"Singing Bowl"},{"floor":13,"key":"Bottled Tornado"},{"floor":23,"key":"Dodecahedron"},{"floor":26,"key":"Orichalcum"},{"floor":26,"key":"Mummified Hand"},{"floor":28,"key":"Whetstone"}],"event_choices":[{"event_name":"The Cleric","player_choice":"Card Removal","floor":2,"damage_taken":0},{"event_name":"Shining Light","player_choice":"Ignored","floor":4,"damage_taken":0},{"event_name":"The Mausoleum","player_choice":"Yes","floor":21,"damage_taken":0},{"event_name":"Back to Basics","player_choice":"Elegance","floor":30,"damage_taken":0}],"boss_relics":[{"not_picked":["Astrolabe","Lizard Tail"],"picked":"Sozu"}],"items_purged_floors":[22],"potions_floor_spawned":[5,7,11,16,20,23],"seed_played":"-1103392298039840386","killed_by":"Book of Stabbing","ascension_level":4,"potions_obtained":[{"floor":5,"key":"EssenceOfSteel"},{"floor":7,"key":"Regen Potion"},{"floor":11,"key":"Weak Potion"},{"floor":16,"key":"SteroidPotion"}],"is_trial":false}