{"gold_per_floor":[113,35,35,48,48,48,77,352,352,363,391,411,411,473,473,545,545,558,558,316,316,123,123,123,157,181,151,180,196,196,206,206,281,281,298,314,64,74,87,118,118,149,149,149,168,181,197,197,197,197,197,197,197,97,130,130],"floor_reached":57,"playtime":2164,"items_purged":["Strike_R","Dropkick+1"],"score":3290,"play_id":"ac31cf4e-0edf-43d0-88c9-df35696e4d0a","local_time":"20190411132350","is_ascension_mode":true,"campfire_choices":[{"data":"Offering","floor":6,"key":"SMITH"},{"data":"Defend_R","floor":13,"key":"SMITH"},{"data":"Defend_R","floor":15,"key":"SMITH"},{"data":"Barricade","floor":23,"key":"SMITH"},{"data":"Offering","floor":30,"key":"SMITH"},{"data":"Battle Trance","floor":32,"key":"SMITH"},{"data":"Evolve","floor":41,"key":"SMITH"},{"floor":44,"key":"RECALL"},{"data":"Defend_R","floor":49,"key":"SMITH"},{"data":"Defend_R","floor":53,"key":"SMITH"}],"neow_cost":"NONE","seed_source_timestamp":384989763668300,"circlet_count":0,"master_deck":["AscendersBane","Defend_R+1","Defend_R+1","Defend_R+1","Defend_R+1","Bash+1","Offering+1","Reaper+1","Fiend Fire+1","Body Slam+1","Barricade+1","Entrench+1","Warcry+1","Ghostly Armor+1","Battle Trance+1","Offering+1","Evolve+1","True Grit+1","Feed+1"],"relics":["Burning Blood","NeowsBlessing","Molten Egg 2","Bronze Scales","Odd Mushroom","Tiny Chest","Astrolabe","Spirit Poop","PreservedInsect","Boot","Happy Flower","Whetstone","White Beast Statue","Oddly Smooth Stone","Blood Vial","Regal Pillow","Vajra","Orichalcum"],"potions_floor_usage":[16,16,33,33,56,56],"damage_taken":[{"damage":0,"enemies":"2 Louse","floor":1,"turns":1},{"damage":0,"enemies":"Cultist","floor":4,"turns":1},{"damage":0,"enemies":"Lagavulin","floor":7,"turns":1},{"damage":10,"enemies":"Jaw Worm","floor":10,"turns":3},{"damage":31,"enemies":"The Mushroom Lair","floor":11,"turns":4},{"damage":12,"enemies":"Looter","floor":12,"turns":2},{"damage":12,"enemies":"Gremlin Nob","floor":14,"turns":2},{"damage":59,"enemies":"Slime Boss","floor":16,"turns":11},{"damage":6,"enemies":"Spheric Guardian","floor":18,"turns":2},{"damage":12,"enemies":"Book of Stabbing","floor":25,"turns":1},{"damage":12,"enemies":"Gremlin Leader","floor":28,"turns":1},{"damage":7,"enemies":"3 Byrds","floor":29,"turns":3},{"damage":6,"enemies":"Centurion and Healer","floor":31,"turns":6},{"damage":6,"enemies":"Champ","floor":33,"turns":5},{"damage":12,"enemies":"3 Darklings","floor":35,"turns":4},{"damage":12,"enemies":"Orb Walker","floor":36,"turns":4},{"damage":12,"enemies":"3 Darklings","floor":38,"turns":5},{"damage":12,"enemies":"Writhing Mass","floor":39,"turns":4},{"damage":12,"enemies":"Reptomancer","floor":40,"turns":2},{"damage":12,"enemies":"Giant Head","floor":42,"turns":4},{"damage":12,"enemies":"4 Shapes","floor":45,"turns":4},{"damage":12,"enemies":"Maw","floor":46,"turns":10},{"damage":11,"enemies":"3 Darklings","floor":47,"turns":11},{"damage":27,"enemies":"Time Eater","floor":50,"turns":8},{"damage":12,"enemies":"Donu and Deca","floor":51,"turns":16},{"damage":12,"enemies":"Shield and Spear","floor":55,"turns":5},{"damage":24,"enemies":"The Heart","floor":56,"turns":8}],"seed_played":"-4717684434536900098","potions_obtained":[{"floor":4,"key":"Swift Potion"},{"floor":10,"key":"Swift Potion"},{"floor":12,"key":"AttackPotion"},{"floor":18,"key":"GamblersBrew"},{"floor":27,"key":"PowerPotion"},{"floor":27,"key":"SmokeBomb"},{"floor":31,"key":"Dexterity Potion"},{"floor":35,"key":"SpeedPotion"},{"floor":36,"key":"PowerPotion"},{"floor":40,"key":"Dexterity Potion"}],"is_trial":false,"path_per_floor":["M","$","?","M","?","R","E","?","T","M","?","M","R","E","R","B",null,"M","?","$","?","$","R","?","E","T","?","E","M","R","M","R","B",null,"M","M","$","M","M","E","R","E","T","R","M","M","M","T","R","B","B",null,"R","$","E","B",null],"character_chosen":"IRONCLAD","items_purchased":["Offering","PreservedInsect","Battle Trance","Offering","Oddly Smooth Stone","Evolve"],"campfire_rested":0,"item_purchase_floors":[2,20,22,22,37,37],"current_hp_per_floor":[74,74,74,75,80,80,80,80,80,80,69,67,67,67,67,20,65,65,65,65,65,65,65,42,42,42,42,51,65,65,77,77,77,83,85,85,85,85,79,73,73,76,76,76,85,88,88,88,88,79,91,99,99,99,95,79],"gold":130,"neow_bonus":"THREE_ENEMY_KILL","is_prod":false,"is_daily":false,"chose_seed":false,"campfire_upgraded":9,"win_rate":0,"timestamp":1554956630,"path_taken":["M","$","?","?","?","R","E","?","T","?","?","M","R","E","R","BOSS","M","?","?","?","$","R","?","E","T","?","E","M","R","M","R","BOSS","M","M","$","M","M","E","R","E","T","R","M","M","M","?","R","BOSS","BOSS","R","$","E","BOSS"],"build_version":"2019-01-23","purchased_purges":2,"victory":true,"max_hp_per_floor":[75,75,75,75,80,80,80,80,80,80,80,80,80,80,80,80,80,80,80,80,80,80,80,85,85,85,85,85,85,85,85,85,85,85,85,85,85,85,85,85,85,85,85,85,85,89,93,93,93,97,101,101,101,101,101,101],"card_choices":[{"not_picked":["Clash","Anger","Pommel Strike"],"picked":"SKIP","floor":1},{"not_picked":["Heavy Blade","Flex"],"picked":"Reaper","floor":4},{"not_picked":["Disarm","Flex"],"picked":"Fiend Fire","floor":7},{"not_picked":["Dropkick+1","Flex","Metallicize"],"picked":"SKIP","floor":10},{"not_picked":["Wild Strike+1","Searing Blow+1"],"picked":"Dropkick+1","floor":12},{"not_picked":["Sword Boomerang+1","Armaments"],"picked":"Body Slam+1","floor":14},{"not_picked":["Brutality","Berserk"],"picked":"Barricade","floor":16},{"not_picked":["Perfected Strike+1","Metallicize","Clothesline+1"],"picked":"SKIP","floor":18},{"not_picked":["Metallicize","Uppercut+1","Carnage+1"],"picked":"SKIP","floor":25},{"not_picked":["Blood for Blood+1","Berserk","Clash+1"],"picked":"SKIP","floor":28},{"not_picked":["Inflame","Seeing Red","Perfected Strike+1"],"picked":"SKIP","floor":29},{"not_picked":["Clash+1","Pommel Strike+1","Fire Breathing"],"picked":"SKIP","floor":31},{"not_picked":["Heavy Blade+1","Body Slam+1","Searing Blow+1"],"picked":"SKIP","floor":35},{"not_picked":["Corruption+1","Pommel Strike+1","Disarm"],"picked":"SKIP","floor":36},{"not_picked":["Cleave+1","Combust","Thunderclap+1"],"picked":"SKIP","floor":38},{"not_picked":["Inflame","Sentinel+1"],"picked":"True Grit+1","floor":39},{"not_picked":["Wild Strike+1","Sentinel","Body Slam+1"],"picked":"SKIP","floor":40},{"not_picked":["Wild Strike+1","Rage","Uppercut+1"],"picked":"SKIP","floor":42},{"not_picked":["Power Through","Pommel Strike+1"],"picked":"Feed+1","floor":45},{"not_picked":["True Grit","Headbutt+1","Clash+1"],"picked":"SKIP","floor":46},{"not_picked":["Cleave+1","Second Wind","Twin Strike+1"],"picked":"SKIP","floor":47},{"not_picked":["Cleave+1","Second Wind","Twin Strike+1"],"picked":"SKIP","floor":47},{"not_picked":["Shockwave","Burning Pact","Heavy Blade+1"],"picked":"SKIP","floor":55}],"player_experience":3049161,"relics_obtained":[{"floor":7,"key":"Molten Egg 2"},{"floor":9,"key":"Bronze Scales"},{"floor":11,"key":"Odd Mushroom"},{"floor":14,"key":"Tiny Chest"},{"floor":25,"key":"Boot"},{"floor":26,"key":"Happy Flower"},{"floor":28,"key":"Whetstone"},{"floor":40,"key":"Blood Vial"},{"floor":42,"key":"Regal Pillow"},{"floor":48,"key":"Vajra"},{"floor":55,"key":"Orichalcum"}],"event_choices":[{"damage_healed":0,"gold_gain":0,"player_choice":"Upgraded","damage_taken":0,"max_hp_gain":0,"max_hp_loss":0,"event_name":"Upgrade Shrine","floor":3,"gold_loss":0,"cards_upgraded":["Bash"]},{"damage_healed":0,"gold_gain":0,"player_choice":"Donut","damage_taken":0,"max_hp_gain":5,"max_hp_loss":0,"event_name":"Big Fish","floor":5,"gold_loss":0},{"damage_healed":0,"gold_gain":275,"player_choice":"Desecrate","damage_taken":0,"max_hp_gain":0,"max_hp_loss":0,"event_name":"Golden Shrine","floor":8,"gold_loss":0,"cards_obtained":["Regret"]},{"damage_healed":0,"gold_gain":0,"player_choice":"Fought Mushrooms","damage_taken":0,"max_hp_gain":0,"max_hp_loss":0,"event_name":"Mushrooms","floor":11,"gold_loss":0},{"cards_removed":["Regret"],"damage_healed":0,"gold_gain":0,"player_choice":"Offered Curse","damage_taken":0,"relics_obtained":["Spirit Poop"],"max_hp_gain":0,"max_hp_loss":0,"event_name":"Bonfire Elementals","floor":19,"gold_loss":0},{"cards_removed":["Strike_R"],"damage_healed":0,"gold_gain":0,"player_choice":"Elegance","damage_taken":0,"max_hp_gain":0,"max_hp_loss":0,"event_name":"Back to Basics","floor":21,"gold_loss":0},{"damage_healed":0,"gold_gain":0,"player_choice":"Shed Blood","damage_taken":28,"max_hp_gain":5,"max_hp_loss":0,"event_name":"Forgotten Altar","floor":24,"gold_loss":0},{"damage_healed":0,"gold_gain":0,"player_choice":"Bought 2 Potions","damage_taken":0,"max_hp_gain":0,"max_hp_loss":0,"event_name":"The Woman in Blue","floor":27,"gold_loss":0}],"is_beta":false,"boss_relics":[{"not_picked":["Eternal Feather","Calling Bell"],"picked":"Astrolabe"},{"not_picked":["Tiny House","Lizard Tail"],"picked":"White Beast Statue"}],"items_purged_floors":[20,54],"is_endless":false,"potions_floor_spawned":[4,10,12,14,18,28,31,35,36,38,39,40,42,45,46,47,55],"ascension_level":20}