{"gold_per_floor":[119,119,129,143,143,173,143,143,143,143,155,155,169,169,169,272,272,282,301,301,576,369,369,399,49,49,49,60,60,60,77,77,173,173,191,0,0,10,10,38,38,2,2,17,17,17,17,31,31,31],"floor_reached":51,"playtime":1570,"items_purged":["Regret","Strike_B"],"score":1006,"play_id":"94d87de5-e85a-4881-b0ee-66adb31b4a6c","local_time":"20190216143308","is_ascension_mode":true,"campfire_choices":[{"data":"Defragment","floor":8,"key":"SMITH"},{"data":"Strike_B","floor":10,"key":"PURGE"},{"data":"Defend_B","floor":12,"key":"PURGE"},{"data":"Capacitor","floor":15,"key":"SMITH"},{"data":"Shame","floor":23,"key":"PURGE"},{"data":"Consume","floor":27,"key":"SMITH"},{"floor":29,"key":"REST"},{"floor":32,"key":"REST"},{"data":"Hello World","floor":41,"key":"PURGE"},{"data":"Blizzard","floor":46,"key":"SMITH"},{"floor":49,"key":"REST"}],"neow_cost":"NONE","seed_source_timestamp":188486509870600,"circlet_count":0,"master_deck":["Strike_B","Defend_B","Defend_B","Defend_B","Zap","Defragment+1","Rip and Tear+1","Coolheaded","Capacitor+1","Core Surge","Streamline+1","Consume+1","Bandage Up","Coolheaded","Barrage+1","Biased Cognition","Gash","Reinforced Body+1","Purity","FTL+1","Blizzard+1","Coolheaded"],"relics":["Cracked Core","NeowsBlessing","Unceasing Top","Incense Burner","Peace Pipe","Velvet Choker","Calipers","Anchor","Matryoshka","Blue Candle","Pantograph","Nilry\u0027s Codex","Runic Dome","Red Mask","Ginger","Potion Belt","Dodecahedron"],"potions_floor_usage":[24,50,50],"damage_taken":[{"damage":0,"enemies":"2 Louse","floor":1,"turns":1},{"damage":0,"enemies":"Jaw Worm","floor":3,"turns":1},{"damage":0,"enemies":"Cultist","floor":4,"turns":1},{"damage":20,"enemies":"Lagavulin","floor":6,"turns":7},{"damage":13,"enemies":"Large Slime","floor":11,"turns":4},{"damage":16,"enemies":"Gremlin Gang","floor":13,"turns":4},{"damage":0,"enemies":"Hexaghost","floor":16,"turns":9},{"damage":1,"enemies":"Chosen","floor":18,"turns":4},{"damage":2,"enemies":"Spheric Guardian","floor":19,"turns":4},{"damage":10,"enemies":"Gremlin Leader","floor":24,"turns":7},{"damage":16,"enemies":"Snake Plant","floor":28,"turns":5},{"damage":14,"enemies":"Sentry and Sphere","floor":31,"turns":5},{"damage":8,"enemies":"Champ","floor":33,"turns":12},{"damage":51,"enemies":"3 Shapes","floor":35,"turns":3},{"damage":49,"enemies":"3 Darklings","floor":38,"turns":6},{"damage":0,"enemies":"Nemesis","floor":40,"turns":13},{"damage":0,"enemies":"Maw","floor":44,"turns":8},{"damage":11,"enemies":"4 Shapes","floor":48,"turns":7},{"damage":31,"enemies":"Awakened One","floor":50,"turns":17}],"seed_played":"-7243895600925135556","potions_obtained":[{"floor":1,"key":"PowerPotion"},{"floor":3,"key":"FocusPotion"},{"floor":7,"key":"Energy Potion"},{"floor":19,"key":"Fire Potion"},{"floor":40,"key":"Poison Potion"},{"floor":44,"key":"Fire Potion"}],"is_trial":false,"path_per_floor":["M","?","M","M","?","E","?","R","T","R","M","R","M","?","R","B",null,"M","M","?","?","$","R","E","$","T","R","M","R","?","M","R","B",null,"M","?","?","M","?","E","R","$","T","M","?","R","$","M","R","B",null],"character_chosen":"DEFECT","items_purchased":["Bandage Up","Coolheaded","Matryoshka","Blizzard"],"campfire_rested":3,"item_purchase_floors":[22,22,25,42],"current_hp_per_floor":[68,56,56,56,56,36,36,36,36,36,23,23,7,7,7,7,58,57,55,55,55,55,55,49,49,49,49,37,59,43,33,55,67,73,24,24,66,21,21,25,25,25,25,29,29,29,29,22,41,35],"gold":31,"neow_bonus":"THREE_ENEMY_KILL","is_prod":false,"is_daily":false,"chose_seed":false,"campfire_upgraded":4,"win_rate":0,"timestamp":1550295188,"path_taken":["M","?","M","M","?","E","?","R","T","R","M","R","?","?","R","BOSS","M","?","?","?","$","R","E","$","T","R","?","R","?","M","R","BOSS","M","?","?","?","?","E","R","$","T","M","?","R","?","M","R","BOSS"],"build_version":"2019-01-23","purchased_purges":2,"victory":true,"max_hp_per_floor":[75,75,75,75,75,75,75,75,75,75,75,75,75,75,75,75,75,75,75,75,75,75,75,75,75,75,75,75,75,75,75,75,75,75,75,75,66,66,66,66,66,66,66,66,66,66,66,66,66,66],"card_choices":[{"not_picked":["Sunder","Hologram"],"picked":"Defragment","floor":1},{"not_picked":["Stack","Darkness","Scrape"],"picked":"SKIP","floor":3},{"not_picked":["Leap","Aggregate"],"picked":"Rip and Tear","floor":4},{"not_picked":["Turbo","Tempest"],"picked":"Coolheaded","floor":6},{"not_picked":["Ball Lightning","Multi-Cast","Chaos"],"picked":"SKIP","floor":11},{"not_picked":["Melter","Hologram"],"picked":"Capacitor","floor":13},{"not_picked":["Fission","All For One"],"picked":"Core Surge","floor":16},{"not_picked":["Turbo","FTL"],"picked":"Streamline+1","floor":18},{"not_picked":["Barrage+1","Redo"],"picked":"Consume","floor":19},{"not_picked":["Gash","Rip and Tear+1"],"picked":"Barrage+1","floor":24},{"not_picked":["Hologram","Rebound","Rip and Tear"],"picked":"SKIP","floor":28},{"not_picked":["Rip and Tear","Go for the Eyes+1","Sunder"],"picked":"SKIP","floor":31},{"not_picked":["Hyperbeam","Buffer"],"picked":"Biased Cognition","floor":33},{"not_picked":["Hello World","Auto Shields"],"picked":"Gash","floor":35},{"not_picked":["Lockon+1","Go for the Eyes"],"picked":"Reinforced Body+1","floor":38},{"not_picked":["Secret Weapon","Dramatic Entrance"],"picked":"Purity","floor":39},{"not_picked":["Steam Power","Cold Snap"],"picked":"FTL+1","floor":40},{"not_picked":["Compile Driver+1","Turbo+1","Skim"],"picked":"SKIP","floor":44},{"not_picked":["Blizzard","Turbo+1"],"picked":"Coolheaded","floor":48}],"player_experience":75408,"relics_obtained":[{"floor":6,"key":"Incense Burner"},{"floor":9,"key":"Peace Pipe"},{"floor":24,"key":"Anchor"},{"floor":26,"key":"Blue Candle"},{"floor":26,"key":"Pantograph"},{"floor":30,"key":"Nilry\u0027s Codex"},{"floor":40,"key":"Ginger"},{"floor":43,"key":"Potion Belt"},{"floor":43,"key":"Dodecahedron"}],"event_choices":[{"damage_healed":0,"gold_gain":0,"player_choice":"Success","damage_taken":12,"relics_obtained":["Unceasing Top"],"max_hp_gain":0,"max_hp_loss":0,"event_name":"Scrap Ooze","floor":2,"gold_loss":0},{"damage_healed":0,"gold_gain":0,"player_choice":"Grow","damage_taken":0,"max_hp_gain":0,"max_hp_loss":0,"event_name":"Living Wall","floor":5,"gold_loss":0,"cards_upgraded":["Rip and Tear"]},{"damage_healed":0,"gold_gain":0,"player_choice":"Bought 2 Potions","damage_taken":0,"max_hp_gain":0,"max_hp_loss":0,"event_name":"The Woman in Blue","floor":7,"gold_loss":0},{"damage_healed":0,"gold_gain":0,"cards_transformed":["Strike_B"],"player_choice":"Transformed","damage_taken":0,"max_hp_gain":0,"max_hp_loss":0,"event_name":"Transmorgrifier","floor":14,"gold_loss":0,"cards_obtained":["Hello World"]},{"damage_healed":0,"gold_gain":0,"player_choice":"Stole Relic","damage_taken":0,"relics_obtained":["Calipers"],"max_hp_gain":0,"max_hp_loss":0,"event_name":"Addict","floor":20,"gold_loss":0,"cards_obtained":["Shame"]},{"damage_healed":0,"gold_gain":275,"player_choice":"Desecrate","damage_taken":0,"max_hp_gain":0,"max_hp_loss":0,"event_name":"Golden Shrine","floor":21,"gold_loss":0,"cards_obtained":["Regret"]},{"damage_healed":0,"gold_gain":0,"player_choice":"Obtained Book","damage_taken":16,"max_hp_gain":0,"max_hp_loss":0,"event_name":"Cursed Tome","floor":30,"gold_loss":0},{"damage_healed":0,"gold_gain":0,"player_choice":"Paid","damage_taken":0,"relics_obtained":["Red Mask"],"max_hp_gain":0,"max_hp_loss":0,"event_name":"Tomb of Lord Red Mask","floor":36,"gold_loss":191},{"damage_healed":66,"gold_gain":0,"player_choice":"Heal","damage_taken":0,"max_hp_gain":0,"max_hp_loss":9,"event_name":"The Moai Head","floor":37,"gold_loss":0},{"damage_healed":0,"gold_gain":0,"player_choice":"Memory 1","damage_taken":0,"max_hp_gain":0,"max_hp_loss":0,"event_name":"SensoryStone","floor":39,"gold_loss":0},{"cards_removed":["Dualcast"],"damage_healed":0,"gold_gain":0,"player_choice":"Removed Skill","damage_taken":0,"max_hp_gain":0,"max_hp_loss":0,"event_name":"Falling","floor":45,"gold_loss":0}],"is_beta":false,"boss_relics":[{"not_picked":["Lizard Tail","Fusion Hammer"],"picked":"Velvet Choker"},{"not_picked":["Coffee Dripper","Snecko Eye"],"picked":"Runic Dome"}],"items_purged_floors":[22,25],"is_endless":false,"potions_floor_spawned":[1,3,11,13,18,19,40,44],"ascension_level":6}