{"gold_per_floor":[116,130,144,154,101,101,118,130,130,48,82,82,98,23,23,128,128,140,111,111,38,38],"floor_reached":22,"playtime":1954,"items_purged":["Strike_B"],"score":235,"play_id":"e95d645b-4bfd-4019-847e-9abfe03cbe04","local_time":"20190302210138","is_ascension_mode":true,"campfire_choices":[{"data":"Hologram","floor":6.0,"key":"SMITH"},{"floor":15.0,"key":"REST"}],"neow_cost":"NONE","seed_source_timestamp":0,"circlet_count":0,"master_deck":["Strike_B","Strike_B","Strike_B","Defend_B","Defend_B","Defend_B","Defend_B","Zap+1","Dualcast","Beam Cell","Ball Lightning","Go for the Eyes","Hologram+1","Turbo","Skim","Self Repair","Hologram+1","Gash+1","Echo Form","Turbo+1","Conserve Battery+1","Recycle+1"],"special_seed":0,"relics":["Cracked Core","Regal Pillow","Toxic Egg 2","Molten Egg 2","Sozu","Nilry\u0027s Codex"],"potions_floor_usage":[],"damage_taken":[{"damage":0.0,"enemies":"Cultist","floor":1.0,"turns":3.0},{"damage":7.0,"enemies":"Small Slimes","floor":2.0,"turns":3.0},{"damage":12.0,"enemies":"Jaw Worm","floor":3.0,"turns":2.0},{"damage":15.0,"enemies":"Lots of Slimes","floor":4.0,"turns":3.0},{"damage":7.0,"enemies":"3 Louse","floor":7.0,"turns":2.0},{"damage":10.0,"enemies":"Looter","floor":8.0,"turns":4.0},{"damage":11.0,"enemies":"Lagavulin","floor":11.0,"turns":7.0},{"damage":0.0,"enemies":"Large Slime","floor":13.0,"turns":4.0},{"damage":50.0,"enemies":"The Guardian","floor":16.0,"turns":14.0},{"damage":18,"enemies":"Shell Parasite","floor":18,"turns":4},{"damage":26,"enemies":"2 Thieves","floor":19,"turns":5},{"damage":20,"enemies":"Snake Plant","floor":22,"turns":2}],"seed_played":"3839462765908729323","potions_obtained":[{"floor":3.0,"key":"Dexterity Potion"},{"floor":4.0,"key":"SneckoOil"},{"floor":7.0,"key":"Ancient Potion"},{"floor":11.0,"key":"Strength Potion"}],"is_trial":false,"path_per_floor":["M","M","M","M","$","R","M","M","T","$","E","?","M","$","R","B",null,"M","M","?","$","M"],"character_chosen":"DEFECT","items_purchased":["Hologram","Self Repair","Recycle+1"],"campfire_rested":1,"item_purchase_floors":[5,10,21],"current_hp_per_floor":[75,68,56,41,41,41,34,24,24,24,20,20,27,27,64,21,62,51,32,16,16,0],"gold":38,"neow_bonus":"RANDOM_COMMON_RELIC","is_prod":false,"is_daily":false,"chose_seed":false,"campfire_upgraded":1,"win_rate":0,"timestamp":1551578498,"path_taken":["M","M","M","M","$","R","M","M","T","$","E","?","M","?","R","BOSS","M","M","?","$","M"],"build_version":"2019-01-23","purchased_purges":1,"victory":false,"max_hp_per_floor":[75,75,75,75,75,75,75,75,75,75,75,75,75,75,75,75,75,75,75,75,75,75],"card_choices":[{"not_picked":["Auto Shields","Force Field"],"picked":"Beam Cell","floor":1.0},{"not_picked":["Chaos","Sunder"],"picked":"Ball Lightning","floor":2.0},{"not_picked":["Heatsinks","Hello World","Redo"],"picked":"SKIP","floor":3.0},{"not_picked":["Streamline","Compile Driver"],"picked":"Go for the Eyes","floor":4.0},{"not_picked":["Reinforced Body","Redo"],"picked":"Turbo","floor":7.0},{"not_picked":["Steam","Melter"],"picked":"Skim","floor":8.0},{"not_picked":["Redo+1","Rebound"],"picked":"Hologram+1","floor":11.0},{"not_picked":["Conserve Battery+1","Rip and Tear+1"],"picked":"Gash+1","floor":13.0},{"not_picked":["Seek+1","Core Surge+1"],"picked":"Echo Form","floor":16.0},{"not_picked":["Skim+1","Go for the Eyes+1"],"picked":"Turbo+1","floor":18},{"not_picked":["White Noise+1","Ball Lightning+1"],"picked":"Conserve Battery+1","floor":19}],"player_experience":201672,"relics_obtained":[{"floor":9.0,"key":"Toxic Egg 2"},{"floor":11.0,"key":"Molten Egg 2"},{"floor":20,"key":"Nilry\u0027s Codex"}],"event_choices":[{"damage_healed":0.0,"max_hp_gain":0.0,"max_hp_loss":0.0,"gold_gain":0.0,"event_name":"Upgrade Shrine","player_choice":"Upgraded","floor":12.0,"gold_loss":0.0,"damage_taken":0.0,"cards_upgraded":["Zap"]},{"damage_healed":0,"gold_gain":0,"player_choice":"Obtained Book","damage_taken":16,"max_hp_gain":0,"max_hp_loss":0,"event_name":"Cursed Tome","floor":20,"gold_loss":0}],"is_beta":false,"boss_relics":[{"not_picked":["Snecko Eye","Philosopher\u0027s Stone"],"picked":"Sozu"}],"items_purged_floors":[14],"is_endless":false,"potions_floor_spawned":[3,4,7,11],"killed_by":"Snake Plant","ascension_level":5}