{"gold_per_floor":[110,110,128,128,149,149,188,201,253,253,276,296,337,287,287,418,418,438,190,265,195,219,219,219],"floor_reached":24,"playtime":1363,"items_purged":[],"score":216,"play_id":"7507bc63-2d63-4a23-89d0-94573d70a78f","local_time":"20181225225707","is_ascension_mode":true,"campfire_choices":[{"data":"Pommel Strike","floor":6,"key":"SMITH"},{"data":"Limit Break","floor":10,"key":"SMITH"},{"data":"Bash","floor":15,"key":"SMITH"},{"data":"Inflame","floor":23,"key":"SMITH"}],"neow_cost":"NONE","seed_source_timestamp":36882475108157,"circlet_count":0,"master_deck":["Strike_R","Strike_R","Strike_R","Strike_R","Strike_R","Defend_R","Defend_R","Defend_R","Bash+1","Limit Break+1","Pommel Strike+1","True Grit","Iron Wave","Shrug It Off","Flame Barrier","Limit Break","Whirlwind+1","Inflame+1","Entrench","Feel No Pain","Metallicize+1"],"relics":["Burning Blood","Golden Idol","Pantograph","Ancient Tea Set","Juzu Bracelet","Philosopher\u0027s Stone","Anchor"],"potions_floor_usage":[13,24,24],"damage_taken":[{"damage":7,"enemies":"2 Louse","floor":1,"turns":3},{"damage":10,"enemies":"Small Slimes","floor":3,"turns":3},{"damage":5,"enemies":"Jaw Worm","floor":5,"turns":5},{"damage":24,"enemies":"Gremlin Nob","floor":7,"turns":5},{"damage":6,"enemies":"Blue Slaver","floor":8,"turns":5},{"damage":0,"enemies":"Lots of Slimes","floor":11,"turns":4},{"damage":17,"enemies":"Large Slime","floor":12,"turns":8},{"damage":15,"enemies":"3 Sentries","floor":13,"turns":13},{"damage":43,"enemies":"The Guardian","floor":16,"turns":14},{"damage":35,"enemies":"2 Thieves","floor":18,"turns":5},{"damage":26,"enemies":"3 Byrds","floor":22,"turns":4},{"damage":38,"enemies":"Gremlin Leader","floor":24,"turns":4}],"seed_played":"1114658862546546286","potions_obtained":[{"floor":8,"key":"BloodPotion"},{"floor":12,"key":"SkillPotion"},{"floor":22,"key":"Poison Potion"}],"is_trial":false,"path_per_floor":["M","?","M","?","M","R","E","M","T","R","M","M","E","?","R","B",null,"M","$","?","$","M","R","E"],"character_chosen":"IRONCLAD","items_purchased":["Inflame","Anchor","Entrench","Feel No Pain"],"campfire_rested":0,"item_purchase_floors":[19,19,19,21],"current_hp_per_floor":[79,79,75,55,56,56,38,38,38,38,44,33,24,24,24,12,80,51,51,43,43,23,23,0],"gold":219,"neow_bonus":"ONE_RANDOM_RARE_CARD","is_prod":false,"is_daily":false,"chose_seed":false,"campfire_upgraded":4,"win_rate":0,"timestamp":1545749827,"path_taken":["M","?","M","?","M","R","E","M","T","R","M","M","E","?","R","BOSS","M","$","?","$","M","R","E"],"build_version":"2018-12-20","purchased_purges":0,"victory":false,"max_hp_per_floor":[80,80,80,80,80,80,80,80,80,80,80,80,80,80,80,80,80,80,80,80,80,80,80,80],"card_choices":[{"not_picked":["Sword Boomerang","Evolve"],"picked":"Pommel Strike","floor":1},{"not_picked":["Shockwave","Thunderclap"],"picked":"True Grit","floor":3},{"not_picked":["Thunderclap","Body Slam"],"picked":"Iron Wave","floor":5},{"not_picked":["Second Wind","Clothesline","Havoc"],"picked":"SKIP","floor":7},{"not_picked":["Clash","Clothesline","Twin Strike"],"picked":"SKIP","floor":8},{"not_picked":["Thunderclap","Pummel"],"picked":"Shrug It Off","floor":11},{"not_picked":["Shrug It Off","Pommel Strike","Anger"],"picked":"SKIP","floor":12},{"not_picked":["Evolve","Thunderclap"],"picked":"Flame Barrier","floor":13},{"not_picked":["Double Tap","Exhume"],"picked":"Limit Break","floor":16},{"not_picked":["Infernal Blade","Clash"],"picked":"Whirlwind+1","floor":18},{"not_picked":["Havoc","Body Slam"],"picked":"Metallicize+1","floor":22}],"player_experience":683109,"relics_obtained":[{"floor":7,"key":"Pantograph"},{"floor":9,"key":"Ancient Tea Set"},{"floor":13,"key":"Juzu Bracelet"}],"event_choices":[{"damage_healed":0,"gold_gain":0,"player_choice":"Ignored","damage_taken":0,"max_hp_gain":0,"max_hp_loss":0,"event_name":"Liars Game","floor":2,"gold_loss":0},{"damage_healed":0,"gold_gain":0,"player_choice":"Take Damage","damage_taken":20,"relics_obtained":["Golden Idol"],"max_hp_gain":0,"max_hp_loss":0,"event_name":"Golden Idol","floor":4,"gold_loss":0},{"cards_removed":["Defend_R"],"damage_healed":0,"gold_gain":0,"player_choice":"Card Removal","damage_taken":0,"max_hp_gain":0,"max_hp_loss":0,"event_name":"The Cleric","floor":14,"gold_loss":50},{"damage_healed":0,"gold_gain":75,"player_choice":"Touch","damage_taken":8,"max_hp_gain":0,"max_hp_loss":0,"event_name":"FaceTrader","floor":20,"gold_loss":0}],"is_beta":true,"boss_relics":[{"not_picked":["Orrery","Runic Dome"],"picked":"Philosopher\u0027s Stone"}],"items_purged_floors":[],"is_endless":false,"potions_floor_spawned":[8,12,22],"killed_by":"Gremlin Leader","ascension_level":1}