{"gold_per_floor":[111,111,111,130,10,42,42,99,99,111,111,130,3,3,3,105,105,119,174,187,187,99,131,131,27,77,77,97,97],"floor_reached":29,"playtime":865,"items_purged":["Defend_B"],"score":261,"play_id":"1eed6a39-f64f-4459-9010-b01dacc1c562","local_time":"20190411163324","is_ascension_mode":true,"campfire_choices":[{"floor":7,"key":"REST"},{"floor":11,"key":"REST"},{"data":"Zap","floor":15,"key":"SMITH"},{"floor":24,"key":"REST"}],"neow_cost":"NONE","seed_source_timestamp":122428506479527,"circlet_count":0,"master_deck":["Strike_B","Strike_B","Defend_B","Defend_B","Defend_B","Zap+1","Dualcast","Gash","Core Surge","Beam Cell","Steam","Sweeping Beam","Hologram","Self Repair","Scrape","Defragment","Gash","Core Surge","Gash","Go for the Eyes","Defragment","Beam Cell","Hologram","Capacitor","Steam","Loop+1"],"relics":["Cracked Core","Art of War","Cables","Tiny Chest","Regal Pillow","Fusion Hammer","Ancient Tea Set","DataDisk","Dream Catcher","Nilry\u0027s Codex"],"potions_floor_usage":[16,29,29],"damage_taken":[{"damage":10,"enemies":"Jaw Worm","floor":1,"turns":4},{"damage":0,"enemies":"Cultist","floor":4,"turns":3},{"damage":30,"enemies":"3 Sentries","floor":6,"turns":8},{"damage":32,"enemies":"Gremlin Nob","floor":8,"turns":4},{"damage":0,"enemies":"2 Louse","floor":10,"turns":2},{"damage":7,"enemies":"Red Slaver","floor":12,"turns":2},{"damage":45,"enemies":"The Guardian","floor":16,"turns":8},{"damage":0,"enemies":"Spheric Guardian","floor":18,"turns":3},{"damage":22,"enemies":"Shell Parasite","floor":20,"turns":4},{"damage":52,"enemies":"Slavers","floor":23,"turns":6},{"damage":24,"enemies":"Snake Plant","floor":28,"turns":5},{"damage":25,"enemies":"Centurion and Healer","floor":29,"turns":4}],"seed_played":"-7326183901458301116","potions_obtained":[{"floor":4,"key":"Ancient Potion"},{"floor":8,"key":"PowerPotion"},{"floor":10,"key":"GamblersBrew"},{"floor":18,"key":"Poison Potion"}],"is_trial":false,"path_per_floor":["M","?","?","M","$","E","R","E","T","M","R","M","$","?","R","B",null,"M","T","M","?","$","E","R","$","T","?","M","M"],"character_chosen":"DEFECT","items_purchased":["Steam","Defragment","Gash","Defragment","Beam Cell","Capacitor","Steam"],"campfire_rested":3,"item_purchase_floors":[5,13,13,22,22,25,25],"current_hp_per_floor":[65,65,65,65,65,35,57,25,25,25,62,62,62,62,62,17,75,75,75,60,60,60,15,52,52,52,36,19,0],"gold":97,"neow_bonus":"RANDOM_COMMON_RELIC","is_prod":false,"is_daily":false,"chose_seed":false,"campfire_upgraded":1,"win_rate":0,"timestamp":1555018404,"path_taken":["M","?","?","?","$","E","R","E","T","?","R","M","$","?","R","BOSS","M","?","M","?","$","E","R","$","T","?","M","M"],"build_version":"2019-01-23","purchased_purges":1,"victory":false,"max_hp_per_floor":[75,75,75,75,75,75,75,75,75,75,75,75,75,75,75,75,75,75,75,75,75,75,75,75,75,75,75,75,75],"card_choices":[{"not_picked":["Compile Driver","Leap"],"picked":"Gash","floor":1},{"not_picked":["Go for the Eyes","Auto Shields"],"picked":"Beam Cell","floor":4},{"not_picked":["Genetic Algorithm","Chill"],"picked":"Sweeping Beam","floor":6},{"not_picked":["Leap","Buffer"],"picked":"Hologram","floor":8},{"not_picked":["Chill","Steam"],"picked":"Self Repair","floor":10},{"not_picked":["Coolheaded","Stack"],"picked":"Scrape","floor":12},{"not_picked":["Reboot","Thunder Strike"],"picked":"Core Surge","floor":16},{"not_picked":["Coolheaded","Rebound"],"picked":"Gash","floor":18},{"not_picked":["Rebound","Storm"],"picked":"Go for the Eyes","floor":20},{"not_picked":["Doom and Gloom+1","Lockon"],"picked":"Hologram","floor":23},{"not_picked":["Double Energy","Hologram"],"picked":"Loop+1","floor":28}],"player_experience":150802,"relics_obtained":[{"floor":6,"key":"Cables"},{"floor":8,"key":"Tiny Chest"},{"floor":9,"key":"Regal Pillow"},{"floor":19,"key":"Ancient Tea Set"},{"floor":23,"key":"DataDisk"},{"floor":26,"key":"Dream Catcher"},{"floor":27,"key":"Nilry\u0027s Codex"}],"event_choices":[{"damage_healed":0,"gold_gain":0,"player_choice":"Ignored","damage_taken":0,"max_hp_gain":0,"max_hp_loss":0,"event_name":"Liars Game","floor":2,"gold_loss":0},{"damage_healed":0,"gold_gain":0,"cards_transformed":["Strike_B"],"player_choice":"Transformed","damage_taken":0,"max_hp_gain":0,"max_hp_loss":0,"event_name":"Transmorgrifier","floor":3,"gold_loss":0,"cards_obtained":["Core Surge"]},{"damage_healed":0,"gold_gain":0,"player_choice":"0 cards matched","damage_taken":0,"max_hp_gain":0,"max_hp_loss":0,"event_name":"Match and Keep!","floor":14,"gold_loss":0,"cards_obtained":[]},{"cards_removed":["Strike_B"],"damage_healed":0,"gold_gain":0,"player_choice":"Elegance","damage_taken":0,"max_hp_gain":0,"max_hp_loss":0,"event_name":"Back to Basics","floor":21,"gold_loss":0},{"damage_healed":0,"gold_gain":0,"player_choice":"Obtained Book","damage_taken":16,"max_hp_gain":0,"max_hp_loss":0,"event_name":"Cursed Tome","floor":27,"gold_loss":0}],"is_beta":false,"boss_relics":[{"not_picked":["Runic Dome","Ectoplasm"],"picked":"Fusion Hammer"}],"items_purged_floors":[5],"is_endless":false,"potions_floor_spawned":[4,8,10,18,20,28],"killed_by":"Centurion and Healer","ascension_level":1}