{"gold_per_floor":[110,124,124,140,157,157,168,23,47,47,74,74,93,110,110,110,211,261,261,261,274,290,97,97,130,130,130,130,130,30,30,55,69,69,170,170,188,33,33,50,64,98,0,0,53,53,53,53,53,67,27,27,27],"floor_reached":54,"playtime":4304,"items_purged":["Steam Power","Aggregate"],"score":695,"play_id":"b08e8850-ee39-4a89-9e5d-b84a06086fc6","local_time":"20190321231940","is_ascension_mode":false,"campfire_choices":[{"data":"Seek","floor":6,"key":"SMITH"},{"data":"Biased Cognition","floor":12,"key":"SMITH"},{"data":"Sweeping Beam","floor":16,"key":"SMITH"},{"data":"Consume","floor":24,"key":"SMITH"},{"data":"Static Discharge","floor":26,"key":"SMITH"},{"data":"Self Repair","floor":29,"key":"SMITH"},{"data":"Heatsinks","floor":34,"key":"SMITH"},{"data":"Machine Learning","floor":44,"key":"SMITH"},{"data":"Blizzard","floor":52,"key":"SMITH"}],"neow_cost":"NONE","seed_source_timestamp":185812102974600,"circlet_count":0,"master_deck":["BootSequence","Ball Lightning","Undo","Undo+1","Gash","Darkness+1","Conserve Battery","Glacier","Chill","Seek+1","Sweeping Beam+1","Compile Driver+1","Biased Cognition+1","Scrape","Steam Power","Aggregate","Meteor Strike","Skim","Static Discharge+1","Consume+1","Self Repair+1","Static Discharge+1","Heatsinks+1","Barrage","Machine Learning+1","Turbo+1","Compile Driver+1","Stack+1","Steam Power","Machine Learning","Blizzard+1"],"relics":["Velvet Choker","Orichalcum","Odd Mushroom","Bottled Lightning","Tiny House","Juzu Bracelet","Omamori","Pen Nib","Symbiotic Virus","Eternal Feather","Potion Belt","Lantern","Red Mask","Whetstone","WarpedTongs"],"potions_floor_usage":[19,53,53,53,53],"damage_taken":[{"damage":0,"enemies":"Cultist","floor":1,"turns":3},{"damage":0,"enemies":"Small Slimes","floor":2,"turns":3},{"damage":0,"enemies":"Jaw Worm","floor":4,"turns":3},{"damage":0,"enemies":"Blue Slaver","floor":5,"turns":3},{"damage":0,"enemies":"3 Louse","floor":7,"turns":3},{"damage":0,"enemies":"The Mushroom Lair","floor":11,"turns":4},{"damage":0,"enemies":"Exordium Thugs","floor":13,"turns":3},{"damage":0,"enemies":"Red Slaver","floor":14,"turns":3},{"damage":4,"enemies":"Slime Boss","floor":17,"turns":7},{"damage":0,"enemies":"2 Thieves","floor":19,"turns":1},{"damage":0,"enemies":"Spheric Guardian","floor":21,"turns":3},{"damage":13,"enemies":"Shelled Parasite and Fungi","floor":22,"turns":8},{"damage":7,"enemies":"Book of Stabbing","floor":25,"turns":5},{"damage":8,"enemies":"Gremlin Leader","floor":32,"turns":9},{"damage":0,"enemies":"Centurion and Healer","floor":33,"turns":4},{"damage":53,"enemies":"Collector","floor":35,"turns":10},{"damage":6,"enemies":"Orb Walker","floor":37,"turns":5},{"damage":8,"enemies":"3 Darklings","floor":40,"turns":5},{"damage":10,"enemies":"Maw","floor":41,"turns":9},{"damage":34,"enemies":"Reptomancer","floor":42,"turns":5},{"damage":3,"enemies":"Jaw Worm Horde","floor":50,"turns":4},{"damage":61,"enemies":"Awakened One","floor":53,"turns":21}],"seed_played":"9104088893305095680","potions_obtained":[{"floor":2,"key":"Ancient Potion"},{"floor":4,"key":"Block Potion"},{"floor":13,"key":"Block Potion"},{"floor":17,"key":"AttackPotion"},{"floor":18,"key":"SmokeBomb"},{"floor":21,"key":"Explosive Potion"},{"floor":25,"key":"FairyPotion"},{"floor":32,"key":"PowerPotion"},{"floor":41,"key":"FocusPotion"},{"floor":42,"key":"Strength Potion"}],"is_trial":false,"path_per_floor":["M","M","?","M","M","R","M","$","T","T","?","R","M","M","T","R","B",null,"M","?","M","M","$","R","E","R","T","T","R","$","?","E","M","R","B",null,"M","$","?","M","M","E","?","R","T","T","?","$","?","M","$","R","B",null],"character_chosen":"DEFECT","items_purchased":["Biased Cognition","Consume","Self Repair","Potion Belt","Blizzard"],"campfire_rested":0,"item_purchase_floors":[8,23,23,38,51],"current_hp_per_floor":[75,75,75,75,75,75,75,75,75,75,75,75,75,75,75,75,71,80,80,80,80,67,67,67,67,67,67,67,67,67,67,69,79,79,36,80,80,80,72,74,74,50,50,65,65,65,65,65,65,72,72,76,25],"gold":27,"neow_bonus":"BOSS_RELIC","is_prod":false,"is_daily":false,"chose_seed":false,"campfire_upgraded":9,"win_rate":0,"timestamp":1553177980,"path_taken":["M","?","?","?","M","R","?","$","T","?","R","M","M","?","R","BOSS","M","?","M","M","$","R","E","R","T","R","?","?","E","M","R","BOSS","M","$","?","M","M","E","?","R","T","?","?","?","M","$","R","BOSS"],"build_version":"2019-01-23","purchased_purges":2,"victory":true,"max_hp_per_floor":[75,75,75,75,75,75,75,75,75,75,75,75,75,75,75,75,75,80,80,80,80,80,80,80,80,80,80,80,80,80,80,80,80,80,80,80,80,80,80,80,80,80,80,80,80,80,76,76,76,76,76,76,76],"card_choices":[{"not_picked":["Barrage","Force Field"],"picked":"Aggregate","floor":1},{"not_picked":["Self Repair","Turbo"],"picked":"Sweeping Beam","floor":2},{"not_picked":["Hologram","Stack"],"picked":"Steam Power","floor":4},{"not_picked":["Go for the Eyes","Beam Cell"],"picked":"Compile Driver","floor":7},{"not_picked":["Force Field","Stack"],"picked":"Scrape","floor":11},{"not_picked":["Turbo","Hologram"],"picked":"Steam Power","floor":13},{"not_picked":["Go for the Eyes","Stack"],"picked":"Aggregate","floor":14},{"not_picked":["Echo Form","Machine Learning"],"picked":"Meteor Strike","floor":17},{"not_picked":["Static Discharge","Redo"],"picked":"Skim","floor":18},{"not_picked":["Storm+1","BootSequence"],"picked":"Static Discharge","floor":22},{"not_picked":["Blizzard","Stack+1"],"picked":"Static Discharge+1","floor":25},{"not_picked":["Self Repair","Redo"],"picked":"Heatsinks","floor":32},{"not_picked":["Stack+1","Coolheaded+1"],"picked":"Barrage","floor":33},{"not_picked":["Multi-Cast","Reboot"],"picked":"Machine Learning","floor":35},{"not_picked":["Conserve Battery","Ball Lightning"],"picked":"Turbo+1","floor":37},{"not_picked":["Rebound+1","Reinforced Body"],"picked":"Compile Driver","floor":40},{"not_picked":["Hologram","Coolheaded"],"picked":"Stack+1","floor":41},{"not_picked":["Glacier","Turbo"],"picked":"Steam Power","floor":42},{"not_picked":["Turbo","Coolheaded"],"picked":"Machine Learning","floor":50}],"player_experience":2457312,"relics_obtained":[{"floor":9,"key":"Orichalcum"},{"floor":11,"key":"Odd Mushroom"},{"floor":15,"key":"Bottled Lightning"},{"floor":25,"key":"Juzu Bracelet"},{"floor":27,"key":"Omamori"},{"floor":32,"key":"Symbiotic Virus"},{"floor":42,"key":"Lantern"},{"floor":45,"key":"Whetstone"}],"event_choices":[{"damage_healed":0,"gold_gain":0,"player_choice":"Upgraded","damage_taken":0,"max_hp_gain":0,"max_hp_loss":0,"event_name":"Upgrade Shrine","floor":3,"gold_loss":0,"cards_upgraded":["Darkness"]},{"damage_healed":0,"gold_gain":0,"player_choice":"Fought Mushrooms","damage_taken":0,"max_hp_gain":0,"max_hp_loss":0,"event_name":"Mushrooms","floor":11,"gold_loss":0},{"damage_healed":0,"gold_gain":0,"player_choice":"Ignored","damage_taken":0,"max_hp_gain":0,"max_hp_loss":0,"event_name":"N\u0027loth","floor":20,"gold_loss":0},{"damage_healed":0,"gold_gain":0,"player_choice":"Opened","damage_taken":0,"relics_obtained":["Pen Nib"],"max_hp_gain":0,"max_hp_loss":0,"event_name":"The Mausoleum","floor":31,"gold_loss":0,"cards_obtained":["Writhe"]},{"damage_healed":0,"gold_gain":0,"player_choice":"Damaged","damage_taken":8,"max_hp_gain":0,"max_hp_loss":0,"event_name":"Wheel of Change","floor":39,"gold_loss":0},{"damage_healed":0,"gold_gain":0,"player_choice":"Paid","damage_taken":0,"relics_obtained":["Red Mask"],"max_hp_gain":0,"max_hp_loss":0,"event_name":"Tomb of Lord Red Mask","floor":43,"gold_loss":98},{"damage_healed":0,"gold_gain":0,"player_choice":"Max HP","damage_taken":0,"max_hp_gain":0,"max_hp_loss":4,"event_name":"Winding Halls","floor":47,"gold_loss":0},{"damage_healed":0,"gold_gain":0,"player_choice":"Rummage","damage_taken":0,"relics_obtained":["WarpedTongs"],"max_hp_gain":0,"max_hp_loss":0,"event_name":"Accursed Blacksmith","floor":49,"gold_loss":0,"cards_obtained":["Pain"]}],"is_beta":false,"boss_relics":[{"not_picked":["Sozu","Inserter"],"picked":"Tiny House"},{"not_picked":["Runic Pyramid","Astrolabe"],"picked":"Eternal Feather"}],"items_purged_floors":[23,30],"is_endless":false,"potions_floor_spawned":[2,4,13,17,21,25,32,41,42],"ascension_level":0}