{"gold_per_floor":[114,130,130,144,144,144,179,179,206,206,206,217,93,112,112,213,213,138,138,151,151],"floor_reached":21,"playtime":1095,"items_purged":["Defend_B"],"score":257,"play_id":"a4c920da-b4b9-489a-817c-2e67e9bb18d5","local_time":"20180629004448","is_ascension_mode":true,"campfire_choices":[{"data":"Fusion","floor":6.0,"key":"SMITH"},{"floor":8.0,"key":"REST"},{"data":"Consume","floor":11.0,"key":"SMITH"},{"data":"Chaos","floor":15.0,"key":"SMITH"}],"neow_cost":"","seed_source_timestamp":0,"circlet_count":0,"master_deck":["Strike_B","Strike_B","Strike_B","Strike_B","Defend_B","Defend_B","Defend_B","Zap","Dualcast","Fusion+1","Consume+1","Barrage","Coolheaded","Chaos+1","Machine Learning","Ball Lightning","Tempest"],"special_seed":0,"relics":["Inserter","Anchor","Girya","Boot","Sozu"],"potions_floor_usage":[],"damage_taken":[{"damage":7.0,"enemies":"Small Slimes","floor":1.0,"turns":4.0},{"damage":11.0,"enemies":"2 Louse","floor":2.0,"turns":5.0},{"damage":9.0,"enemies":"Cultist","floor":4.0,"turns":5.0},{"damage":56.0,"enemies":"Gremlin Nob","floor":7.0,"turns":5.0},{"damage":8.0,"enemies":"Blue Slaver","floor":12.0,"turns":4.0},{"damage":18.0,"enemies":"Lots of Slimes","floor":14.0,"turns":6.0},{"damage":23.0,"enemies":"Slime Boss","floor":16.0,"turns":9.0},{"damage":24.0,"enemies":"2 Thieves","floor":18.0,"turns":5.0},{"damage":15.0,"enemies":"Spheric Guardian","floor":20.0,"turns":4.0},{"damage":26,"enemies":"Centurion and Healer","floor":21,"turns":5}],"seed_played":"8724609930480844331","potions_obtained":[{"floor":1.0,"key":"SkillPotion"},{"floor":4.0,"key":"FocusPotion"},{"floor":16.0,"key":"SmokeBomb"}],"is_trial":false,"path_per_floor":["M","M","?","M","?","R","E","R","T","?","R","M","$","M","R","B",null,"M","?","M"],"character_chosen":"DEFECT","items_purchased":["Coolheaded"],"campfire_rested":1,"item_purchase_floors":[],"current_hp_per_floor":[61,50,25,16,75,75,19,41,41,66,66,58,58,40,40,17,61,37,37,22,0],"gold":151,"neow_bonus":"","is_prod":false,"is_daily":false,"chose_seed":false,"campfire_upgraded":3,"win_rate":0,"timestamp":1530204288,"path_taken":["M","M","?","M","?","R","E","R","T","?","R","M","$","M","R","BOSS","M","?","M","M"],"build_version":"2018-06-27","purchased_purges":1,"victory":false,"max_hp_per_floor":[75,75,75,75,75,75,75,75,75,75,75,75,75,75,75,75,75,75,75,75,75],"card_choices":[{"not_picked":["Coolheaded","Rebound"],"picked":"Fusion","floor":1.0},{"not_picked":["Stack","Skim","Rebound"],"picked":"SKIP","floor":2.0},{"not_picked":["Streamline","Leap"],"picked":"Storm","floor":4.0},{"not_picked":["Hyperbeam","Blizzard"],"picked":"Consume","floor":7.0},{"not_picked":["Compile Driver","Heatsinks"],"picked":"Barrage","floor":12.0},{"not_picked":["Beam Cell","Stack"],"picked":"Chaos","floor":14.0},{"not_picked":["Multi-Cast","Amplify"],"picked":"Machine Learning","floor":16.0},{"not_picked":["Sweeping Beam","Gash"],"picked":"Ball Lightning","floor":18.0},{"not_picked":["Rebound","Consume"],"picked":"Tempest","floor":20}],"player_experience":433533,"relics_obtained":[{"floor":7.0,"key":"Girya"},{"floor":9.0,"key":"Boot"}],"event_choices":[{"event_name":"Scrap Ooze","player_choice":"success","floor":3.0,"damage_taken":25.0},{"event_name":"Bonfire Elementals","player_choice":"UNCOMMON","floor":5.0,"damage_taken":0.0},{"event_name":"Big Fish","player_choice":"Banana","floor":10.0,"damage_taken":0.0},{"event_name":"Ghosts","player_choice":"Ignored","floor":19.0,"damage_taken":0.0}],"boss_relics":[{"not_picked":["Lizard Tail","Runic Dome"],"picked":"Sozu"}],"items_purged_floors":[],"is_endless":false,"potions_floor_spawned":[1,4,16,20],"killed_by":"Centurion and Healer","ascension_level":9}