{"gold_per_floor":[117,117,135,100,49,49,29,62,88,99,113,137,137,15,15,92,92,109,309,329,399,431,431,445,465,465,482,495,495,514,524,524,524],"floor_reached":33,"playtime":1840,"items_purged":[],"score":436,"play_id":"7c2bc979-3feb-4161-86c8-9b1866fc62b6","local_time":"20180919174329","is_ascension_mode":true,"campfire_choices":[{"data":"Ball Lightning","floor":6,"key":"SMITH"},{"floor":13,"key":"REST"},{"floor":15,"key":"REST"},{"floor":23,"key":"REST"},{"floor":32,"key":"REST"}],"neow_cost":"CURSE","seed_source_timestamp":428056085906588,"circlet_count":0,"master_deck":["Strike_B","Strike_B","Strike_B","Defend_B","Defend_B","Defend_B","Zap","Dualcast","AscendersBane","Clumsy","Ball Lightning+1","Cold Snap","BootSequence","Streamline","Fission","Rip and Tear","Rebound","Thunder Strike","Clumsy","Thunder Strike+1","Genetic Algorithm+1","Ball Lightning","Cold Snap","BootSequence","Go for the Eyes","Hologram","Conserve Battery","Core Surge","Ball Lightning","Ball Lightning+1"],"relics":["Cracked Core","Du-Vu Doll","Orichalcum","Dead Branch","Strawberry","Oddly Smooth Stone","Astrolabe","Question Card","Red Mask","Bottled Flame"],"potions_floor_usage":[10,20,20,24,25,31,33],"damage_taken":[{"damage":0,"enemies":"2 Louse","floor":1,"turns":3},{"damage":8,"enemies":"Jaw Worm","floor":3,"turns":2},{"damage":26,"enemies":"Gremlin Nob","floor":8,"turns":4},{"damage":11,"enemies":"Small Slimes","floor":10,"turns":4},{"damage":11,"enemies":"Exordium Thugs","floor":11,"turns":4},{"damage":40,"enemies":"The Guardian","floor":16,"turns":8},{"damage":23,"enemies":"Shell Parasite","floor":18,"turns":5},{"damage":13,"enemies":"3 Byrds","floor":20,"turns":3},{"damage":22,"enemies":"Masked Bandits","floor":22,"turns":4},{"damage":17,"enemies":"Snake Plant","floor":24,"turns":3},{"damage":14,"enemies":"Sentry and Sphere","floor":25,"turns":4},{"damage":3,"enemies":"3 Cultists","floor":27,"turns":5},{"damage":14,"enemies":"Shelled Parasite and Fungi","floor":28,"turns":4},{"damage":0,"enemies":"Centurion and Healer","floor":30,"turns":4},{"damage":0,"enemies":"Cultist and Chosen","floor":31,"turns":4},{"damage":51,"enemies":"Champ","floor":33,"turns":9}],"seed_played":"7838426760250823624","potions_obtained":[{"floor":3,"key":"Regen Potion"},{"floor":11,"key":"Regen Potion"},{"floor":16,"key":"PowerPotion"},{"floor":22,"key":"PowerPotion"},{"floor":24,"key":"Energy Potion"},{"floor":25,"key":"Dexterity Potion"},{"floor":28,"key":"SteroidPotion"},{"floor":29,"key":"Block Potion"}],"is_trial":false,"path_per_floor":["M","?","M","?","$","R","?","E","T","M","M","T","R","$","R","B",null,"M","?","M","T","?","R","M","M","T","M","M","?","M","M","R"],"character_chosen":"DEFECT","items_purchased":["Cold Snap","Rip and Tear","Rebound"],"campfire_rested":4,"item_purchase_floors":[5,14,14],"current_hp_per_floor":[68,68,60,75,75,75,75,49,56,57,46,46,70,70,82,49,74,51,51,43,43,28,52,42,28,28,25,11,11,11,11,35,0],"gold":524,"neow_bonus":"ONE_RARE_RELIC","is_prod":false,"is_daily":false,"chose_seed":false,"campfire_upgraded":1,"win_rate":0,"timestamp":1537368209,"path_taken":["M","?","M","?","$","R","?","E","T","M","?","?","R","$","R","BOSS","M","?","?","?","?","R","M","M","T","?","M","?","M","M","R","BOSS"],"build_version":"2018-09-06","purchased_purges":0,"victory":false,"max_hp_per_floor":[75,75,75,75,75,75,75,75,82,82,82,82,82,82,82,82,82,82,82,82,82,82,82,82,82,82,82,82,82,82,82,82,82],"card_choices":[{"not_picked":["Self Repair","Go for the Eyes"],"picked":"Ball Lightning","floor":1},{"not_picked":["Lockon","Leap","Tempest"],"picked":"SKIP","floor":3},{"not_picked":["Turbo","Leap"],"picked":"BootSequence","floor":8},{"not_picked":["Capacitor","Hologram"],"picked":"Streamline","floor":10},{"not_picked":["Redo","Steam"],"picked":"Fission","floor":11},{"not_picked":["Electrodynamics","Biased Cognition"],"picked":"Thunder Strike","floor":16},{"not_picked":["Coolheaded","Tempest"],"picked":"Ball Lightning","floor":18},{"not_picked":["Glacier","Force Field"],"picked":"Cold Snap","floor":20},{"not_picked":["Turbo","Steam Power","Reinforced Body"],"picked":"BootSequence","floor":22},{"not_picked":["Darkness","Redo","Hello World"],"picked":"Go for the Eyes","floor":24},{"not_picked":["Streamline","All For One","Turbo"],"picked":"Hologram","floor":25},{"not_picked":["Streamline","Static Discharge","Skim"],"picked":"Conserve Battery","floor":27},{"not_picked":["Stack","Compile Driver","Turbo"],"picked":"Core Surge","floor":28},{"not_picked":["Double Energy","Compile Driver","Reinforced Body"],"picked":"Ball Lightning","floor":30},{"not_picked":["Sweeping Beam","Conserve Battery","Leap"],"picked":"Ball Lightning+1","floor":31}],"player_experience":711554,"relics_obtained":[{"floor":8,"key":"Dead Branch"},{"floor":9,"key":"Strawberry"},{"floor":12,"key":"Oddly Smooth Stone"},{"floor":21,"key":"Question Card"},{"floor":22,"key":"Red Mask"},{"floor":26,"key":"Bottled Flame"}],"event_choices":[{"event_name":"Big Fish","player_choice":"Box","floor":2,"damage_taken":0},{"event_name":"The Cleric","player_choice":"Healed","floor":4,"damage_taken":0},{"event_name":"World of Goop","player_choice":"Left","floor":7,"damage_taken":0},{"event_name":"The Joust","player_choice":"Bet on Owner","floor":19,"damage_taken":0},{"event_name":"Masked Bandits","player_choice":"Fought Bandits","floor":22,"damage_taken":0},{"event_name":"The Lab","player_choice":"Got Potions","floor":29,"damage_taken":0}],"is_beta":false,"boss_relics":[{"not_picked":["Coffee Dripper","Black Star"],"picked":"Astrolabe"}],"items_purged_floors":[],"is_endless":false,"potions_floor_spawned":[3,11,16,18,22,24,25,28],"killed_by":"Champ","ascension_level":13}