{"gold_per_floor":[112,174,174,95,105,139,139,172,195,258,283,302,322,97,97,175,175,193,193],"floor_reached":19,"playtime":550,"items_purged":["Strike_B"],"score":420,"play_id":"0cc09b24-c694-4c58-bf37-e29db28965c4","local_time":"20190408132802","is_ascension_mode":true,"campfire_choices":[{"data":"Melter","floor":7,"key":"SMITH"},{"data":"Consume","floor":15,"key":"SMITH"}],"neow_cost":"NONE","seed_source_timestamp":127661927834200,"circlet_count":0,"master_deck":["AscendersBane","Strike_B","Strike_B","Strike_B","Defend_B","Defend_B+1","Defend_B","Defend_B","Zap","Dualcast+1","Melter+1","Self Repair","Ball Lightning","Darkness","Sunder","Cold Snap","Seek","Consume+1","Creative AI","Cold Snap"],"relics":["Cracked Core","NeowsBlessing","PreservedInsect","Unceasing Top","Art of War","Omamori","Anchor","Inserter"],"potions_floor_usage":[11,16],"damage_taken":[{"damage":0,"enemies":"2 Louse","floor":1,"turns":1},{"damage":0,"enemies":"Jaw Worm","floor":5,"turns":1},{"damage":0,"enemies":"Gremlin Nob","floor":6,"turns":1},{"damage":22,"enemies":"Lagavulin","floor":8,"turns":6},{"damage":31,"enemies":"Lagavulin Event","floor":10,"turns":5},{"damage":8,"enemies":"Gremlin Nob","floor":11,"turns":3},{"damage":0,"enemies":"Small Slimes","floor":12,"turns":2},{"damage":0,"enemies":"Exordium Wildlife","floor":13,"turns":2},{"damage":18,"enemies":"Slime Boss","floor":16,"turns":6},{"damage":28,"enemies":"Shell Parasite","floor":18,"turns":7},{"damage":14,"enemies":"Chosen","floor":19,"turns":5}],"seed_played":"-3160097008541082838","potions_obtained":[{"floor":5,"key":"Fire Potion"},{"floor":6,"key":"Strength Potion"},{"floor":11,"key":"Block Potion"},{"floor":16,"key":"Explosive Potion"}],"is_trial":false,"path_per_floor":["M","?","?","$","M","E","R","E","T","?","E","M","M","$","R","B",null,"M","M"],"character_chosen":"DEFECT","items_purchased":["Self Repair","Seek","Consume"],"campfire_rested":0,"item_purchase_floors":[4,14,14],"current_hp_per_floor":[64,64,43,43,50,50,50,35,35,11,10,17,24,24,24,13,57,36,22],"gold":193,"neow_bonus":"THREE_ENEMY_KILL","is_prod":false,"is_daily":false,"chose_seed":false,"campfire_upgraded":2,"win_rate":0,"timestamp":1554697682,"path_taken":["M","?","?","?","M","E","R","E","T","?","E","M","?","?","R","BOSS","M","?"],"build_version":"2019-01-23","purchased_purges":1,"victory":false,"max_hp_per_floor":[71,71,71,71,71,71,71,71,71,71,71,71,71,71,71,71,71,71,71],"card_choices":[{"not_picked":["Sweeping Beam","Force Field"],"picked":"Melter","floor":1},{"not_picked":["Beam Cell","Scrape"],"picked":"Ball Lightning","floor":5},{"not_picked":["Beam Cell","Undo","Leap"],"picked":"SKIP","floor":6},{"not_picked":["All For One","Auto Shields"],"picked":"Darkness","floor":8},{"not_picked":["Hello World","Double Energy"],"picked":"Sunder","floor":10},{"not_picked":["Beam Cell","Turbo","Gash"],"picked":"SKIP","floor":11},{"not_picked":["Genetic Algorithm","Steam","Redo"],"picked":"SKIP","floor":12},{"not_picked":["Steam","Recycle"],"picked":"Cold Snap","floor":13},{"not_picked":["Fission","Thunder Strike"],"picked":"Creative AI","floor":16},{"not_picked":["Conserve Battery","Scrape"],"picked":"Cold Snap","floor":18}],"player_experience":2974738,"relics_obtained":[{"floor":6,"key":"PreservedInsect"},{"floor":8,"key":"Unceasing Top"},{"floor":9,"key":"Art of War"},{"floor":10,"key":"Omamori"},{"floor":11,"key":"Anchor"}],"event_choices":[{"damage_healed":0,"gold_gain":62,"player_choice":"Gained Gold","damage_taken":0,"max_hp_gain":0,"max_hp_loss":0,"event_name":"Golden Wing","floor":2,"gold_loss":0},{"damage_healed":0,"gold_gain":0,"player_choice":"Entered Light","damage_taken":21,"max_hp_gain":0,"max_hp_loss":0,"event_name":"Shining Light","floor":3,"gold_loss":0,"cards_upgraded":["Defend_B","Dualcast"]},{"damage_healed":0,"gold_gain":30,"player_choice":"Searched \u00272\u0027 times","damage_taken":0,"max_hp_gain":0,"max_hp_loss":0,"event_name":"Dead Adventurer","floor":10,"gold_loss":0}],"is_beta":false,"boss_relics":[{"not_picked":["Calling Bell","Runic Dome"],"picked":"Inserter"}],"items_purged_floors":[14],"is_endless":false,"potions_floor_spawned":[5,6,11,12,16],"killed_by":"Chosen","ascension_level":20}