{"gold_per_floor":[115,190,190,1,55,55,155,181,181,195,206,225,225,236,236,236],"floor_reached":16,"playtime":1035,"items_purged":[],"score":190,"play_id":"7fdf7235-0655-414c-ad9e-5a790125b33e","local_time":"20190404180008","is_ascension_mode":true,"campfire_choices":[{"floor":6,"key":"REST"},{"floor":15,"key":"REST"}],"neow_cost":"NONE","seed_source_timestamp":1824271620597541,"circlet_count":0,"master_deck":["AscendersBane","Strike_B","Strike_B","Strike_B+1","Strike_B","Defend_B","Defend_B","Defend_B","Defend_B","Zap","Dualcast","Glacier","Ball Lightning+1","Hello World","Streamline","Stack","Fission","Redo","Parasite","Conserve Battery"],"relics":["Cracked Core","Centennial Puzzle","Whetstone","Darkstone Periapt"],"potions_floor_usage":[10,12,14],"damage_taken":[{"damage":10,"enemies":"Small Slimes","floor":1,"turns":4},{"damage":17,"enemies":"3 Sentries","floor":8,"turns":8},{"damage":2,"enemies":"Jaw Worm","floor":10,"turns":2},{"damage":0,"enemies":"2 Louse","floor":11,"turns":1},{"damage":20,"enemies":"Gremlin Gang","floor":12,"turns":7},{"damage":8,"enemies":"Large Slime","floor":14,"turns":5},{"damage":77,"enemies":"Hexaghost","floor":16,"turns":15}],"seed_played":"6453884294475425129","potions_obtained":[{"floor":1,"key":"SpeedPotion"},{"floor":10,"key":"SpeedPotion"},{"floor":12,"key":"Poison Potion"}],"is_trial":false,"path_per_floor":["M","?","?","$","?","R","?","E","T","M","M","M","?","M","R","B"],"character_chosen":"DEFECT","items_purchased":["Ball Lightning","Hello World","Streamline"],"campfire_rested":2,"item_purchase_floors":[4,4,4],"current_hp_per_floor":[54,43,48,48,48,70,70,53,53,51,51,31,56,48,72,0],"gold":236,"neow_bonus":"RANDOM_COMMON_RELIC","is_prod":false,"is_daily":false,"chose_seed":false,"campfire_upgraded":0,"win_rate":0,"timestamp":1554390008,"path_taken":["M","?","?","$","?","R","?","E","T","M","M","?","?","M","R","BOSS"],"build_version":"2019-01-23","purchased_purges":0,"victory":false,"max_hp_per_floor":[71,71,76,76,76,76,76,76,76,76,76,76,82,82,82,82],"card_choices":[{"not_picked":["Streamline","Darkness"],"picked":"Glacier","floor":1},{"not_picked":["Double Energy","Streamline","Lockon"],"picked":"SKIP","floor":8},{"not_picked":["Hologram","Steam"],"picked":"Stack","floor":10},{"not_picked":["Blizzard","Barrage"],"picked":"Fission","floor":11},{"not_picked":["Stack","Glacier"],"picked":"Redo","floor":12},{"not_picked":["Recycle","Turbo"],"picked":"Conserve Battery","floor":14}],"player_experience":1168747,"relics_obtained":[{"floor":8,"key":"Whetstone"},{"floor":9,"key":"Darkstone Periapt"}],"event_choices":[{"damage_healed":0,"gold_gain":75,"player_choice":"Gather Gold","damage_taken":11,"max_hp_gain":0,"max_hp_loss":0,"event_name":"World of Goop","floor":2,"gold_loss":0},{"damage_healed":0,"gold_gain":0,"player_choice":"Donut","damage_taken":0,"max_hp_gain":5,"max_hp_loss":0,"event_name":"Big Fish","floor":3,"gold_loss":0},{"damage_healed":0,"gold_gain":54,"player_choice":"Gained Gold","damage_taken":0,"max_hp_gain":0,"max_hp_loss":0,"event_name":"Golden Wing","floor":5,"gold_loss":0},{"damage_healed":0,"gold_gain":100,"player_choice":"Gold","damage_taken":0,"max_hp_gain":0,"max_hp_loss":0,"event_name":"Wheel of Change","floor":7,"gold_loss":0},{"damage_healed":19,"gold_gain":0,"player_choice":"Healed and dodged fight","damage_taken":0,"max_hp_gain":0,"max_hp_loss":0,"event_name":"Mushrooms","floor":13,"gold_loss":0,"cards_obtained":["Parasite"]}],"is_beta":false,"boss_relics":[],"items_purged_floors":[],"is_endless":false,"potions_floor_spawned":[1,10,12],"killed_by":"Hexaghost","ascension_level":18}