{"gold_per_floor":[117,64,64,76,87,87,116,76,76,23,36,61,74,74],"floor_reached":14,"playtime":300,"items_purged":[],"score":250,"play_id":"7a9c92ad-b4ea-4b57-ae34-2d4b10552fa4","local_time":"20190413203048","is_ascension_mode":true,"campfire_choices":[{"data":"Zap","floor":6,"key":"SMITH"}],"neow_cost":"NONE","seed_source_timestamp":118636467969100,"circlet_count":0,"master_deck":["AscendersBane","Strike_B","Strike_B","Strike_B","Strike_B","Defend_B","Defend_B","Defend_B","Defend_B","Zap+1","Dualcast","Ball Lightning","Sweeping Beam","Parasite","Coolheaded","Storm","Buffer","Conserve Battery","Storm+1"],"relics":["Cracked Core","NeowsBlessing","Bird Faced Urn","Blue Candle","Frozen Egg 2"],"potions_floor_usage":[7,12,12,14],"damage_taken":[{"damage":0,"enemies":"2 Louse","floor":1,"turns":1},{"damage":0,"enemies":"Cultist","floor":4,"turns":1},{"damage":0,"enemies":"Small Slimes","floor":5,"turns":1},{"damage":27,"enemies":"3 Sentries","floor":7,"turns":8},{"damage":15,"enemies":"Red Slaver","floor":11,"turns":4},{"damage":1,"enemies":"Lagavulin","floor":12,"turns":5},{"damage":15,"enemies":"Exordium Wildlife","floor":13,"turns":3},{"damage":10,"enemies":"3 Sentries","floor":14,"turns":2}],"seed_played":"8342295443047317236","potions_obtained":[{"floor":8,"key":"Dexterity Potion"},{"floor":8,"key":"FearPotion"},{"floor":13,"key":"GamblersBrew"}],"is_trial":false,"path_per_floor":["M","$","?","M","M","R","E","?","T","$","M","E","M","E"],"character_chosen":"DEFECT","items_purchased":["PowerPotion","Fire Potion"],"campfire_rested":0,"item_purchase_floors":[2,10],"current_hp_per_floor":[64,64,64,64,64,64,37,37,37,37,24,27,14,8],"gold":74,"neow_bonus":"THREE_ENEMY_KILL","is_prod":false,"is_daily":false,"chose_seed":false,"campfire_upgraded":1,"win_rate":0,"timestamp":1555155048,"path_taken":["M","$","?","M","?","R","E","?","T","$","?","E","M","E"],"build_version":"2019-01-23","purchased_purges":0,"victory":false,"max_hp_per_floor":[71,71,71,71,71,71,71,71,71,71,71,71,71,71],"card_choices":[{"not_picked":["Gash","Barrage"],"picked":"Ball Lightning","floor":1},{"not_picked":["Sweeping Beam","Ball Lightning"],"picked":"Coolheaded","floor":4},{"not_picked":["BootSequence","Go for the Eyes","Reprogram"],"picked":"SKIP","floor":5},{"not_picked":["Gash","Fusion"],"picked":"Storm","floor":7},{"not_picked":["Go for the Eyes","Storm"],"picked":"Buffer","floor":11},{"not_picked":["Blizzard","Steam"],"picked":"Conserve Battery","floor":12},{"not_picked":["Streamline","Cold Snap"],"picked":"Storm+1","floor":13}],"player_experience":3109489,"relics_obtained":[{"floor":7,"key":"Bird Faced Urn"},{"floor":9,"key":"Blue Candle"},{"floor":12,"key":"Frozen Egg 2"}],"event_choices":[{"damage_healed":0,"gold_gain":0,"player_choice":"2 cards matched","damage_taken":0,"max_hp_gain":0,"max_hp_loss":0,"event_name":"Match and Keep!","floor":3,"gold_loss":0,"cards_obtained":["Sweeping Beam","Parasite"]},{"damage_healed":0,"gold_gain":0,"player_choice":"Bought 3 Potions","damage_taken":0,"max_hp_gain":0,"max_hp_loss":0,"event_name":"The Woman in Blue","floor":8,"gold_loss":0}],"is_beta":false,"boss_relics":[],"items_purged_floors":[],"is_endless":false,"potions_floor_spawned":[11,13],"killed_by":"3 Sentries","ascension_level":20}