{"path_per_floor":["M","$","?","M","M","R","$","E","T","E","M","R","M","M","R","B",null,"M","$","?","?","M"],"character_chosen":"DEFECT","items_purchased":["Defragment","Lantern"],"gold_per_floor":[117,48,123,135,145,145,70,99,154,181,199,199,216,228,228,326,326,336,87,87,87,107,107],"floor_reached":23,"campfire_rested":1,"playtime":1930,"current_hp_per_floor":[75,75,64,64,58,58,58,32,32,11,3,25,25,24,24,6,75,75,75,59,59,61,0],"items_purged":["Strike_B","Strike_B"],"gold":107,"score":211,"play_id":"8d250213-b8f4-4f5d-85a0-d31f7a902fa1","local_time":"20180503135924","is_prod":false,"is_daily":false,"chose_seed":false,"is_ascension_mode":true,"campfire_upgraded":2,"timestamp":1525327164,"path_taken":["M","$","?","?","M","R","?","E","T","E","?","R","M","M","R","BOSS","M","$","?","?","M","E"],"build_version":"2018-05-01v2","seed_source_timestamp":532948552399979,"purchased_purges":2,"victory":false,"master_deck":["Strike_B","Strike_B","Defend_B","Defend_B","Defend_B","Zap","Dualcast","Sweeping Beam","Streamline","Defragment","Fusion+1","Blaster","Glacier","Ball Lightning","Hologram+1","Meteor Strike"],"max_hp_per_floor":[75,75,75,75,75,75,75,75,75,75,75,75,75,75,75,75,75,75,75,75,75,75,75],"relics":["Cracked Core","Blood Vial","Dream Catcher","Happy Flower","Sozu","Lantern","Nilry\u0027s Codex"],"card_choices":[{"not_picked":["Aggregate","Streamline"],"picked":"Sweeping Beam","floor":0},{"not_picked":["Go for the Eyes","Impulse"],"picked":"Streamline","floor":1},{"not_picked":["Turbo","Streamline"],"picked":"Fusion","floor":5},{"not_picked":["Turbo","Hologram"],"picked":"Blaster","floor":8},{"not_picked":["Sweeping Beam","Blizzard"],"picked":"Glacier","floor":11},{"not_picked":["Gash","Hologram"],"picked":"Ball Lightning","floor":12},{"not_picked":["Ball Lightning","Rebound"],"picked":"Hologram","floor":14},{"not_picked":["Nova","Biased Cognition"],"picked":"Meteor Strike","floor":16}],"player_experience":321394,"potions_floor_usage":[10,13,16,16,23],"damage_taken":[{"damage":0,"enemies":"2 Louse","floor":1,"turns":2},{"damage":0,"enemies":"Small Slimes","floor":4,"turns":2},{"damage":6,"enemies":"Cultist","floor":5,"turns":3},{"damage":26,"enemies":"Lagavulin","floor":8,"turns":6},{"damage":35,"enemies":"Gremlin Nob","floor":10,"turns":5},{"damage":10,"enemies":"Lots of Slimes","floor":11,"turns":3},{"damage":2,"enemies":"Exordium Thugs","floor":13,"turns":5},{"damage":3,"enemies":"2 Fungi Beasts","floor":14,"turns":3},{"damage":20,"enemies":"Hexaghost","floor":16,"turns":12},{"damage":0,"enemies":"Spheric Guardian","floor":18,"turns":3},{"damage":0,"enemies":"Shell Parasite","floor":22,"turns":8},{"damage":71,"enemies":"Gremlin Leader","floor":23,"turns":10}],"event_choices":[{"event_name":"World of Goop","player_choice":"Gather Gold","floor":3,"damage_taken":0},{"event_name":"Cursed Tome","player_choice":"Obtained Book","floor":20,"damage_taken":0},{"event_name":"Back to Basics","player_choice":"Elegance","floor":21,"damage_taken":0}],"boss_relics":[{"not_picked":["Runic Dome","Tiny House"],"picked":"Sozu"}],"potions_floor_spawned":[5,10,11,13,14],"seed_played":"-3961766035327777499","killed_by":"Gremlin Leader","ascension_level":1,"is_trial":false}