{"gold_per_floor":[109,127,138,148,248,248,283,283,310,336,336,351,369,369,369,466,466,483,483,57,74,74],"floor_reached":22,"playtime":1074,"items_purged":[],"score":255,"play_id":"5a5545ca-2631-4082-b77f-ba4a84d0408c","local_time":"20180714225006","is_ascension_mode":true,"campfire_choices":[{"floor":6,"key":"REST"},{"floor":8,"key":"REST"},{"floor":15,"key":"REST"}],"neow_cost":"NONE","seed_source_timestamp":785337501172092,"circlet_count":0,"master_deck":["Strike_B","Strike_B","Strike_B","Strike_B","Defend_B","Defend_B","Defend_B","Defend_B","Zap","Dualcast","All For One","Static Discharge","Capacitor","Redo","Creative AI","Seek","Storm","Buffer","Creative AI","Necronomicurse","Self Repair","Magnetism"],"relics":["Cracked Core","DataDisk","Ancient Tea Set","Dream Catcher","Pen Nib","Busted Crown","Necronomicon","Orichalcum"],"potions_floor_usage":[7,10,16,22],"damage_taken":[{"damage":7,"enemies":"Jaw Worm","floor":1,"turns":2},{"damage":1,"enemies":"Cultist","floor":2,"turns":3},{"damage":18,"enemies":"Small Slimes","floor":3,"turns":3},{"damage":9,"enemies":"2 Fungi Beasts","floor":4,"turns":3},{"damage":25,"enemies":"3 Sentries","floor":7,"turns":8},{"damage":25,"enemies":"Lagavulin","floor":10,"turns":6},{"damage":12,"enemies":"Looter","floor":12,"turns":3},{"damage":7,"enemies":"Large Slime","floor":13,"turns":5},{"damage":8,"enemies":"Slime Boss","floor":16,"turns":7},{"damage":22,"enemies":"Spheric Guardian","floor":18,"turns":3},{"damage":6,"enemies":"Chosen","floor":21,"turns":4},{"damage":36,"enemies":"Snake Plant","floor":22,"turns":2}],"seed_played":"-5660906384549545655","potions_obtained":[{"floor":1,"key":"PowerPotion"},{"floor":2,"key":"Strength Potion"},{"floor":7,"key":"PowerPotion"},{"floor":13,"key":"Regen Potion"},{"floor":18,"key":"LiquidBronze"}],"is_trial":false,"path_per_floor":["M","M","M","M","?","R","E","R","T","E","?","M","M","T","R","B",null,"M","?","$","M"],"character_chosen":"DEFECT","items_purchased":["Self Repair","Magnetism","Orichalcum"],"campfire_rested":3,"item_purchase_floors":[20,20,20],"current_hp_per_floor":[61,60,42,33,33,55,30,52,52,27,27,15,8,8,30,37,66,44,28,28,29,0],"gold":74,"neow_bonus":"ONE_RANDOM_RARE_CARD","is_prod":false,"is_daily":false,"chose_seed":false,"campfire_upgraded":0,"win_rate":0,"timestamp":1531597806,"path_taken":["M","M","M","M","?","R","E","R","T","E","?","M","M","?","R","BOSS","M","?","$","M","?"],"build_version":"2018-07-12","purchased_purges":0,"victory":false,"max_hp_per_floor":[75,75,75,75,75,75,75,75,75,75,75,75,75,75,75,75,75,75,75,75,75,75],"card_choices":[{"not_picked":["Aggregate","Stack"],"picked":"Static Discharge","floor":1},{"not_picked":["Steam","Lockon"],"picked":"Capacitor","floor":2},{"not_picked":["Turbo","Sweeping Beam"],"picked":"Redo","floor":3},{"not_picked":["Glacier","Stack"],"picked":"Creative AI","floor":4},{"not_picked":["Go for the Eyes","Streamline"],"picked":"Seek","floor":7},{"not_picked":["Gash","Streamline"],"picked":"Storm","floor":10},{"not_picked":["Barrage","Coolheaded","Rebound"],"picked":"SKIP","floor":12},{"not_picked":["Tempest","Rebound"],"picked":"Buffer","floor":13},{"not_picked":["Reboot","Buffer"],"picked":"Creative AI","floor":16},{"not_picked":["Streamline"],"picked":"SKIP","floor":18},{"not_picked":["Coolheaded"],"picked":"SKIP","floor":21}],"player_experience":577343,"relics_obtained":[{"floor":7,"key":"DataDisk"},{"floor":9,"key":"Ancient Tea Set"},{"floor":10,"key":"Dream Catcher"},{"floor":14,"key":"Pen Nib"},{"floor":19,"key":"Necronomicon"}],"event_choices":[{"event_name":"Golden Shrine","player_choice":"Pray","floor":5,"damage_taken":0},{"event_name":"Shining Light","player_choice":"Ignored","floor":11,"damage_taken":0},{"event_name":"Cursed Tome","player_choice":"Obtained Book","floor":19,"damage_taken":0}],"boss_relics":[{"not_picked":["Empty Cage","Calling Bell"],"picked":"Busted Crown"}],"items_purged_floors":[],"is_endless":false,"potions_floor_spawned":[1,2,7,13,18],"killed_by":"Snake Plant","ascension_level":6}