{"gold_per_floor":[113,113,113,113,113,153,153,167,222,222,247,267,310,334,334,463,463,478,502,449,449,464,464,176,214,244,244,262,305,326,347,347,347],"floor_reached":33,"playtime":1660,"items_purged":[],"score":362,"play_id":"40ac9869-9122-40db-a6a8-56d8b7e64e7a","local_time":"20181125213828","is_ascension_mode":true,"campfire_choices":[{"floor":7,"key":"REST"},{"floor":10,"key":"REST"},{"floor":15,"key":"REST"},{"floor":23,"key":"REST"},{"floor":32,"key":"REST"}],"neow_cost":"NONE","seed_source_timestamp":118003381973204,"circlet_count":0,"master_deck":["Strike_R","Strike_R","Strike_R","Strike_R","Strike_R","Defend_R","Defend_R","Defend_R","Defend_R","Bash+1","Infernal Blade+1","Warcry","Sentinel","Headbutt","Clash","Cleave","Fiend Fire","Pommel Strike","Havoc","Clash","Infernal Blade+1","Clash","Havoc","Thunderclap","Power Through","Armaments+1","Clash"],"relics":["Burning Blood","Golden Idol","Potion Belt","Oddly Smooth Stone","Bag of Preparation","Bronze Scales","White Beast Statue","MutagenicStrength","Gremlin Horn","The Courier","Tiny Chest","Juzu Bracelet","Strawberry"],"potions_floor_usage":[12,13,13,25,29,31],"damage_taken":[{"damage":2,"enemies":"2 Louse","floor":1,"turns":2},{"damage":52,"enemies":"Lagavulin","floor":6,"turns":7},{"damage":2,"enemies":"Small Slimes","floor":8,"turns":3},{"damage":1,"enemies":"Jaw Worm","floor":11,"turns":3},{"damage":4,"enemies":"Large Slime","floor":12,"turns":7},{"damage":6,"enemies":"Gremlin Nob","floor":13,"turns":3},{"damage":18,"enemies":"Exordium Thugs","floor":14,"turns":5},{"damage":41,"enemies":"Slime Boss","floor":16,"turns":12},{"damage":4,"enemies":"Chosen","floor":18,"turns":3},{"damage":5,"enemies":"3 Byrds","floor":19,"turns":3},{"damage":16,"enemies":"Cultist and Chosen","floor":22,"turns":5},{"damage":16,"enemies":"Gremlin Leader","floor":25,"turns":3},{"damage":15,"enemies":"Snecko","floor":28,"turns":3},{"damage":27,"enemies":"Book of Stabbing","floor":29,"turns":4},{"damage":0,"enemies":"Sentry and Sphere","floor":30,"turns":1},{"damage":15,"enemies":"Chosen and Byrds","floor":31,"turns":2},{"damage":131,"enemies":"Automaton","floor":33,"turns":12}],"seed_played":"2165959850641314159","potions_obtained":[{"floor":1,"key":"FearPotion"},{"floor":6,"key":"SpeedPotion"},{"floor":8,"key":"Regen Potion"},{"floor":18,"key":"SteroidPotion"},{"floor":19,"key":"SteroidPotion"},{"floor":22,"key":"SkillPotion"},{"floor":25,"key":"LiquidBronze"},{"floor":28,"key":"Ancient Potion"},{"floor":29,"key":"FairyPotion"},{"floor":30,"key":"GamblersBrew"},{"floor":31,"key":"SpeedPotion"}],"is_trial":false,"path_per_floor":["M","?","?","?","?","E","R","M","T","R","M","M","E","M","R","B",null,"M","M","$","?","M","R","$","E","T","?","M","E","M","M","R","B"],"character_chosen":"IRONCLAD","items_purchased":["Clash","Gremlin Horn","Clash"],"campfire_rested":5,"item_purchase_floors":[20,24,24],"current_hp_per_floor":[88,66,63,63,63,17,43,47,47,73,78,80,85,73,88,53,88,88,88,88,88,78,88,88,78,78,78,69,55,61,52,80,0],"gold":347,"neow_bonus":"TEN_PERCENT_HP_BONUS","is_prod":false,"is_daily":false,"chose_seed":false,"campfire_upgraded":0,"win_rate":0,"timestamp":1543174708,"path_taken":["M","?","?","?","?","E","R","?","T","R","M","M","E","M","R","BOSS","M","M","$","?","M","R","$","E","T","?","M","E","M","M","R","BOSS"],"build_version":"2018-11-15","purchased_purges":0,"victory":false,"max_hp_per_floor":[88,88,88,88,88,88,88,88,88,88,88,88,88,88,88,88,88,88,88,88,88,88,88,88,88,88,88,88,95,95,95,95,95],"card_choices":[{"not_picked":["Evolve","Carnage"],"picked":"Infernal Blade","floor":1},{"not_picked":["Second Wind","Offering"],"picked":"Warcry","floor":6},{"not_picked":["Shrug It Off","Heavy Blade"],"picked":"Sentinel","floor":8},{"not_picked":["Wild Strike","Sever Soul","Battle Trance"],"picked":"SKIP","floor":11},{"not_picked":["Cleave","Entrench"],"picked":"Headbutt","floor":12},{"not_picked":["Anger","Second Wind"],"picked":"Clash","floor":13},{"not_picked":["True Grit","Body Slam"],"picked":"Cleave","floor":14},{"not_picked":["Impervious","Juggernaut"],"picked":"Fiend Fire","floor":16},{"not_picked":["Clothesline","Warcry+1"],"picked":"Pommel Strike","floor":18},{"not_picked":["Entrench+1","Thunderclap"],"picked":"Havoc","floor":19},{"not_picked":["Second Wind","Body Slam"],"picked":"Infernal Blade+1","floor":22},{"not_picked":["Twin Strike","Reckless Charge+1"],"picked":"Havoc","floor":25},{"not_picked":["Reckless Charge","Carnage"],"picked":"Thunderclap","floor":28},{"not_picked":["Carnage","Body Slam"],"picked":"Power Through","floor":29},{"not_picked":["Power Through","Twin Strike"],"picked":"Armaments+1","floor":30},{"not_picked":["Bludgeon","Metallicize"],"picked":"Clash","floor":31}],"player_experience":795311,"relics_obtained":[{"floor":6,"key":"Oddly Smooth Stone"},{"floor":9,"key":"Bag of Preparation"},{"floor":13,"key":"Bronze Scales"},{"floor":25,"key":"The Courier"},{"floor":26,"key":"Tiny Chest"},{"floor":29,"key":"Strawberry"}],"event_choices":[{"damage_healed":0,"gold_gain":0,"player_choice":"Take Damage","damage_taken":22,"relics_obtained":["Golden Idol"],"max_hp_gain":0,"max_hp_loss":0,"event_name":"Golden Idol","floor":2,"gold_loss":0},{"damage_healed":0,"gold_gain":0,"player_choice":"Success","damage_taken":3,"relics_obtained":["Potion Belt"],"max_hp_gain":0,"max_hp_loss":0,"event_name":"Scrap Ooze","floor":3,"gold_loss":0},{"damage_healed":0,"gold_gain":0,"player_choice":"Grow","damage_taken":0,"max_hp_gain":0,"max_hp_loss":0,"event_name":"Living Wall","floor":4,"gold_loss":0,"cards_upgraded":["Infernal Blade"]},{"damage_healed":0,"gold_gain":0,"player_choice":"Upgraded","damage_taken":0,"max_hp_gain":0,"max_hp_loss":0,"event_name":"Upgrade Shrine","floor":5,"gold_loss":0,"cards_upgraded":["Bash"]},{"damage_healed":0,"gold_gain":0,"player_choice":"Inject Mutagens","damage_taken":0,"relics_obtained":["MutagenicStrength"],"max_hp_gain":0,"max_hp_loss":0,"event_name":"Drug Dealer","floor":21,"gold_loss":0},{"damage_healed":0,"gold_gain":0,"player_choice":"Gave Potion","damage_taken":0,"relics_obtained":["Juzu Bracelet"],"max_hp_gain":0,"max_hp_loss":0,"event_name":"WeMeetAgain","floor":27,"gold_loss":0}],"is_beta":false,"boss_relics":[{"not_picked":["Tiny House","Busted Crown"],"picked":"White Beast Statue"}],"items_purged_floors":[],"is_endless":false,"potions_floor_spawned":[1,6,8,18,19,22,25,28,29,30,31],"killed_by":"Automaton","ascension_level":1}