{"path_per_floor":["M","M","?","$","M","E","M","?","T","?","M","$","M","M","R","B",null,"M","$","?","M","?","R","?","M","T","?","M","R","M","$","R","B",null,"M","?","M","?","M","R","E","R","T","R","E","M","M","E","R"],"character_chosen":"IRONCLAD","items_purchased":["Clash","Flash of Steel","Bag of Marbles","Block Potion"],"gold_per_floor":[219,234,234,16,34,68,86,36,104,104,119,19,38,63,63,193,193,214,12,53,67,67,67,67,77,153,78,94,94,108,108,108,203,233,251,298,311,311,329,329,359,359,410,410,439,457,477,504,504,504],"floor_reached":50,"campfire_rested":6,"playtime":2630,"item_purchase_floors":[4,4,19,19],"current_hp_per_floor":[77,71,71,71,75,56,66,66,66,66,68,68,68,66,66,42,71,57,57,44,50,50,74,74,58,63,63,68,68,53,53,77,20,71,71,69,80,80,56,81,39,64,69,85,73,84,85,33,73,0],"items_purged":["Defend_R","Injury"],"gold":504,"score":798,"play_id":"f1dbe3e3-3cf5-4212-9245-044531ccaa63","local_time":"20180528215835","is_prod":false,"is_daily":false,"chose_seed":false,"is_ascension_mode":true,"campfire_upgraded":2,"win_rate":0,"timestamp":1527533915,"campfire_choices":[{"data":"Dual Wield","floor":15,"key":"SMITH"},{"floor":23,"key":"REST"},{"data":"Fire Breathing","floor":29,"key":"SMITH"},{"floor":32,"key":"REST"},{"floor":40,"key":"REST"},{"floor":42,"key":"REST"},{"floor":44,"key":"REST"},{"floor":49,"key":"REST"}],"path_taken":["M","?","?","$","M","E","?","?","T","?","M","?","M","M","R","BOSS","M","$","?","M","?","R","?","M","T","?","M","R","M","?","R","BOSS","M","?","M","?","?","R","E","R","T","R","E","M","M","E","R","BOSS"],"build_version":"2018-05-24","seed_source_timestamp":601956915115916,"purchased_purges":2,"victory":false,"master_deck":["Strike_R","Strike_R","Strike_R+1","Strike_R","Defend_R","Defend_R+1","Bash","Flex","Clash","Clash","Flash of Steel","Fire Breathing+1","Clash","Dual Wield+1","Dual Wield+1","Warcry+1","Finesse","Clash+1","Dual Wield+1","Clash"],"max_hp_per_floor":[80,80,80,80,80,80,80,80,80,80,80,80,80,80,80,80,80,80,80,80,80,80,80,80,80,80,80,80,80,80,80,80,80,85,85,85,85,85,85,85,85,85,85,85,85,85,85,85,85,85],"relics":["Burning Blood","Sundial","Paper Frog","Bloody Idol","Bag of Marbles","Red Mask","Question Card","Tiny House","Gambling Chip","Oddly Smooth Stone","War Paint","Dodecahedron","Regal Pillow"],"card_choices":[{"not_picked":["Thunderclap","Evolve"],"picked":"Flex","floor":1},{"not_picked":["Clothesline","Spot Weakness"],"picked":"Clash","floor":2},{"not_picked":["Twin Strike","Clothesline"],"picked":"Fire Breathing","floor":5},{"not_picked":["Clothesline","Wild Strike","Twin Strike"],"picked":"SKIP","floor":6},{"not_picked":["Iron Wave","Ghostly Armor"],"picked":"Clash","floor":7},{"not_picked":["Headbutt","Pommel Strike","Body Slam"],"picked":"SKIP","floor":11},{"not_picked":["Exhume","Perfected Strike"],"picked":"Dual Wield","floor":13},{"not_picked":["Burning Pact","Shrug It Off","Perfected Strike"],"picked":"SKIP","floor":14},{"not_picked":["Entrench","Metallicize","Body Slam"],"picked":"SKIP","floor":18},{"not_picked":["Metallicize","Cleave","Infernal Blade"],"picked":"SKIP","floor":21},{"not_picked":["Spot Weakness","Anger","Uppercut"],"picked":"SKIP","floor":25},{"not_picked":["Hemokinesis+1","Body Slam","Reckless Charge+1","True Grit"],"picked":"SKIP","floor":28},{"not_picked":["Intimidate","Wild Strike","Anger","Searing Blow"],"picked":"SKIP","floor":30},{"not_picked":["Shrug It Off+1","Iron Wave+1","Perfected Strike"],"picked":"Dual Wield","floor":35},{"not_picked":["Evolve","Sword Boomerang+1","Carnage+1"],"picked":"Warcry+1","floor":36},{"not_picked":["Twin Strike+1","Iron Wave","Thunderclap","Feel No Pain"],"picked":"SKIP","floor":37},{"not_picked":["Bandage Up","Purity","Jack Of All Trades"],"picked":"Finesse","floor":38},{"not_picked":["Cleave+1","Feed","Sword Boomerang","Shrug It Off+1"],"picked":"SKIP","floor":39},{"not_picked":["Entrench","Seeing Red+1","Ghostly Armor+1"],"picked":"Clash+1","floor":41},{"not_picked":["Infernal Blade+1","Sever Soul+1","Feel No Pain+1","Thunderclap"],"picked":"SKIP","floor":45},{"not_picked":["True Grit+1","Warcry+1","Sword Boomerang+1"],"picked":"Dual Wield+1","floor":46},{"not_picked":["Hemokinesis+1","Rupture","Heavy Blade+1"],"picked":"Clash","floor":47},{"not_picked":["Perfected Strike","Pommel Strike+1","Demon Form","True Grit+1"],"picked":"SKIP","floor":48}],"player_experience":438937,"potions_floor_usage":[7,16,20,20,21,30,35,35,37,39,50],"damage_taken":[{"damage":1,"enemies":"Cultist","floor":1,"turns":4},{"damage":12,"enemies":"Jaw Worm","floor":2,"turns":2},{"damage":2,"enemies":"2 Louse","floor":5,"turns":2},{"damage":25,"enemies":"Lagavulin","floor":6,"turns":5},{"damage":4,"enemies":"2 Fungi Beasts","floor":7,"turns":2},{"damage":4,"enemies":"Red Slaver","floor":11,"turns":2},{"damage":6,"enemies":"Looter","floor":13,"turns":2},{"damage":8,"enemies":"Blue Slaver","floor":14,"turns":2},{"damage":45,"enemies":"The Guardian","floor":16,"turns":7},{"damage":20,"enemies":"Chosen","floor":18,"turns":4},{"damage":19,"enemies":"Masked Bandits","floor":20,"turns":3},{"damage":0,"enemies":"Spheric Guardian","floor":21,"turns":1},{"damage":27,"enemies":"Snake Plant","floor":25,"turns":3},{"damage":6,"enemies":"3 Cultists","floor":28,"turns":3},{"damage":26,"enemies":"Centurion and Healer","floor":30,"turns":3},{"damage":68,"enemies":"Collector","floor":33,"turns":7},{"damage":11,"enemies":"3 Darklings","floor":35,"turns":3},{"damage":13,"enemies":"Mysterious Sphere","floor":36,"turns":8},{"damage":0,"enemies":"Orb Walker","floor":37,"turns":1},{"damage":35,"enemies":"3 Darklings","floor":39,"turns":6},{"damage":53,"enemies":"2 Orb Walkers","floor":41,"turns":4},{"damage":23,"enemies":"Giant Head","floor":45,"turns":5},{"damage":0,"enemies":"Sphere and 2 Shapes","floor":46,"turns":2},{"damage":10,"enemies":"Maw","floor":47,"turns":5},{"damage":63,"enemies":"2 Orb Walkers","floor":48,"turns":5},{"damage":90,"enemies":"Donu and Deca","floor":50,"turns":5}],"relics_obtained":[{"floor":6,"key":"Sundial"},{"floor":9,"key":"Paper Frog"},{"floor":20,"key":"Red Mask"},{"floor":26,"key":"Question Card"},{"floor":36,"key":"Gambling Chip"},{"floor":41,"key":"Oddly Smooth Stone"},{"floor":43,"key":"War Paint"},{"floor":45,"key":"Dodecahedron"},{"floor":48,"key":"Regal Pillow"}],"event_choices":[{"event_name":"Shining Light","player_choice":"Ignored","floor":3,"damage_taken":0},{"event_name":"The Cleric","player_choice":"Card Removal","floor":8,"damage_taken":0},{"event_name":"Golden Idol","player_choice":"Take Wound","floor":10,"damage_taken":0},{"event_name":"Masked Bandits","player_choice":"Fought over 12 gold","floor":20,"damage_taken":0},{"event_name":"Forgotten Altar","player_choice":"Gave Idol","floor":22,"damage_taken":0},{"event_name":"Drug Dealer","player_choice":"Ignored","floor":24,"damage_taken":0},{"event_name":"Beggar","player_choice":"Gave Gold","floor":27,"damage_taken":0},{"event_name":"Mysterious Sphere","player_choice":"Fight","floor":36,"damage_taken":0},{"event_name":"SensoryStone","player_choice":"Memory 1","floor":38,"damage_taken":0}],"boss_relics":[{"not_picked":["Cursed Key","Snecko Eye","Calling Bell"]},{"not_picked":["White Beast Statue","Astrolabe"],"picked":"Tiny House"}],"items_purged_floors":[4,12],"potions_floor_spawned":[6,7,13,20,28,33,36,37,46],"seed_played":"-4214086541122217840","killed_by":"Donu and Deca","ascension_level":8,"potions_obtained":[{"floor":6,"key":"BloodPotion"},{"floor":7,"key":"Ancient Potion"},{"floor":13,"key":"Regen Potion"},{"floor":20,"key":"Energy Potion"},{"floor":28,"key":"SkillPotion"},{"floor":33,"key":"SkillPotion"},{"floor":34,"key":"Swift Potion"},{"floor":36,"key":"Fire Potion"},{"floor":37,"key":"SkillPotion"},{"floor":46,"key":"FearPotion"}],"is_trial":false}