{"gold_per_floor":[111,36,56,73,91,91,124,124,124,151,151,93,93,113,113,186,186,201,201,101,120,120,135,135,135,188,219,233,233],"floor_reached":29,"playtime":712,"items_purged":["Regret","Parasite"],"score":556,"play_id":"2cf2b3fa-a2a2-47bc-bf92-205b482922ad","local_time":"20190330212626","is_ascension_mode":true,"campfire_choices":[{"data":"Loop","floor":6,"key":"SMITH"},{"data":"1","floor":11,"key":"LIFT"},{"data":"2","floor":13,"key":"LIFT"},{"data":"3","floor":15,"key":"LIFT"},{"data":"Consume","floor":25,"key":"SMITH"}],"neow_cost":"CURSE","seed_source_timestamp":123344664789900,"circlet_count":0,"master_deck":["AscendersBane","Strike_B","Strike_B","Defend_B","Defend_B","Defend_B","Defend_B","Zap","Dualcast","Doom and Gloom","Self Repair","Loop+1","Buffer","Reboot","Barrage","Creative AI","Coolheaded","Doom and Gloom","Loop","Consume+1","Writhe","Capacitor","Capacitor"],"relics":["Cracked Core","Du-Vu Doll","Mercury Hourglass","Gambling Chip","Girya","Snecko Eye","GremlinMask","The Courier","Happy Flower","Blood Vial"],"potions_floor_usage":[10,16,16,21],"damage_taken":[{"damage":1,"enemies":"Cultist","floor":1,"turns":3},{"damage":9,"enemies":"Jaw Worm","floor":3,"turns":4},{"damage":2,"enemies":"2 Louse","floor":4,"turns":2},{"damage":25,"enemies":"Red Slaver","floor":5,"turns":4},{"damage":30,"enemies":"Lagavulin","floor":7,"turns":5},{"damage":13,"enemies":"3 Sentries","floor":10,"turns":4},{"damage":10,"enemies":"Exordium Wildlife","floor":14,"turns":3},{"damage":10,"enemies":"Hexaghost","floor":16,"turns":6},{"damage":0,"enemies":"Chosen","floor":18,"turns":3},{"damage":2,"enemies":"3 Byrds","floor":21,"turns":4},{"damage":7,"enemies":"Snecko","floor":23,"turns":4},{"damage":0,"enemies":"Gremlin Leader","floor":27,"turns":3},{"damage":30,"enemies":"Centurion and Healer","floor":28,"turns":6},{"damage":44,"enemies":"Book of Stabbing","floor":29,"turns":4}],"seed_played":"3640138440765000507","potions_obtained":[{"floor":3,"key":"Block Potion"},{"floor":7,"key":"GamblersBrew"},{"floor":14,"key":"Energy Potion"},{"floor":18,"key":"EssenceOfSteel"},{"floor":27,"key":"Strength Potion"}],"is_trial":false,"path_per_floor":["M","$","M","M","M","R","E","?","T","E","R","$","R","M","R","B",null,"M","?","$","M","?","M","?","R","T","E","M","E"],"character_chosen":"DEFECT","items_purchased":["Barrage"],"campfire_rested":0,"item_purchase_floors":[12],"current_hp_per_floor":[63,63,54,52,34,34,11,28,28,15,15,15,15,12,12,9,56,56,56,56,61,61,61,61,61,61,68,45,3],"gold":233,"neow_bonus":"ONE_RARE_RELIC","is_prod":false,"is_daily":false,"chose_seed":false,"campfire_upgraded":2,"win_rate":0,"timestamp":1553948786,"path_taken":["M","?","M","M","M","R","E","?","T","E","R","$","R","M","R","BOSS","M","?","$","?","?","M","?","R","T","E","M","E"],"build_version":"2019-01-23","purchased_purges":2,"victory":false,"max_hp_per_floor":[71,71,71,71,71,71,71,71,71,71,71,71,71,71,71,71,71,71,71,68,68,68,68,68,68,68,68,68,68],"card_choices":[{"not_picked":["Compile Driver","Turbo","Hologram"],"picked":"SKIP","floor":1},{"not_picked":["Gash","Doom and Gloom","Redo"],"picked":"SKIP","floor":3},{"not_picked":["Gash","Redo"],"picked":"Doom and Gloom","floor":3},{"not_picked":["Turbo","Ball Lightning"],"picked":"Self Repair","floor":4},{"not_picked":["Turbo","Genetic Algorithm"],"picked":"Loop","floor":5},{"not_picked":["Sweeping Beam","Capacitor"],"picked":"Buffer","floor":7},{"not_picked":["Steam","Scrape"],"picked":"Reboot","floor":10},{"not_picked":["Turbo","Stack","Sweeping Beam"],"picked":"SKIP","floor":14},{"not_picked":["Core Surge","All For One"],"picked":"Creative AI","floor":16},{"not_picked":["Gash","Hologram"],"picked":"Coolheaded","floor":18},{"not_picked":["Lockon","Skim"],"picked":"Doom and Gloom","floor":21},{"not_picked":["Turbo","Steam+1","Go for the Eyes"],"picked":"SKIP","floor":23},{"not_picked":["Seek","Coolheaded"],"picked":"Capacitor","floor":27},{"not_picked":["Barrage","Sweeping Beam"],"picked":"Capacitor","floor":28}],"player_experience":2758753,"relics_obtained":[{"floor":7,"key":"Mercury Hourglass"},{"floor":9,"key":"Gambling Chip"},{"floor":10,"key":"Girya"},{"floor":26,"key":"Happy Flower"},{"floor":27,"key":"Blood Vial"}],"event_choices":[{"damage_healed":17,"gold_gain":0,"player_choice":"Healed and dodged fight","damage_taken":0,"max_hp_gain":0,"max_hp_loss":0,"event_name":"Mushrooms","floor":8,"gold_loss":0,"cards_obtained":["Parasite"]},{"damage_healed":0,"gold_gain":0,"player_choice":"Trade","damage_taken":0,"relics_obtained":["GremlinMask"],"max_hp_gain":0,"max_hp_loss":0,"event_name":"FaceTrader","floor":19,"gold_loss":0},{"damage_healed":0,"gold_gain":0,"cards_transformed":["Strike_B","Strike_B"],"player_choice":"Became Test Subject","damage_taken":0,"max_hp_gain":0,"max_hp_loss":0,"event_name":"Drug Dealer","floor":22,"gold_loss":0,"cards_obtained":["Loop","Consume"]},{"damage_healed":0,"gold_gain":0,"player_choice":"Opened","damage_taken":0,"relics_obtained":["The Courier"],"max_hp_gain":0,"max_hp_loss":0,"event_name":"The Mausoleum","floor":24,"gold_loss":0,"cards_obtained":["Writhe"]}],"is_beta":false,"boss_relics":[{"not_picked":["Black Star","White Beast Statue"],"picked":"Snecko Eye"}],"items_purged_floors":[2,20],"is_endless":false,"potions_floor_spawned":[3,7,14,18,27],"killed_by":"Book of Stabbing","ascension_level":20}