{"gold_per_floor":[116,133,149,161,174,174,174,208,231,231,32,47,21,21,21,117,117,138,138,108],"floor_reached":20,"playtime":1025,"items_purged":[],"score":296,"play_id":"febb695f-926f-4b83-bd1c-4d022bce045e","local_time":"20181029173531","is_ascension_mode":true,"campfire_choices":[{"floor":6,"key":"REST"},{"floor":15,"key":"REST"}],"neow_cost":"NONE","seed_source_timestamp":1700421979981,"circlet_count":0,"master_deck":["Strike_B","Strike_B","Strike_B","Strike_B","Defend_B","Defend_B","Defend_B","Defend_B","Zap","Dualcast","AscendersBane","Redo","Ball Lightning","Thunder Strike","Sweeping Beam","Steam","Cold Snap","Compile Driver","Fission","Ball Lightning"],"relics":["Cracked Core","Oddly Smooth Stone","CultistMask","Omamori","Bronze Scales","Regal Pillow","Golden Idol","Inserter"],"potions_floor_usage":[4,5,8,16,18,18],"damage_taken":[{"damage":0,"enemies":"2 Louse","floor":1,"turns":3},{"damage":0,"enemies":"Cultist","floor":2,"turns":3},{"damage":1,"enemies":"Jaw Worm","floor":3,"turns":3},{"damage":4,"enemies":"3 Louse","floor":4,"turns":3},{"damage":1,"enemies":"Looter","floor":5,"turns":2},{"damage":28,"enemies":"Lagavulin","floor":8,"turns":6},{"damage":0,"enemies":"Large Slime","floor":12,"turns":5},{"damage":43,"enemies":"The Guardian","floor":16,"turns":9},{"damage":4,"enemies":"3 Byrds","floor":18,"turns":3},{"damage":43,"enemies":"Colosseum Slavers","floor":19,"turns":5},{"damage":16,"enemies":"2 Thieves","floor":20,"turns":1}],"seed_played":"-8708000278107636681","potions_obtained":[{"floor":2,"key":"Swift Potion"},{"floor":4,"key":"SkillPotion"},{"floor":5,"key":"Energy Potion"},{"floor":8,"key":"Dexterity Potion"},{"floor":16,"key":"SpeedPotion"}],"is_trial":false,"path_per_floor":["M","M","M","M","M","R","?","E","T","?","$","M","$","?","R","B",null,"M","?"],"character_chosen":"DEFECT","items_purchased":["Regal Pillow","AttackPotion","Compile Driver"],"campfire_rested":2,"item_purchase_floors":[11,11,13],"current_hp_per_floor":[64,64,63,59,58,71,71,43,43,31,31,31,31,31,67,24,59,55,12,0],"gold":108,"neow_bonus":"RANDOM_COMMON_RELIC","is_prod":false,"is_daily":false,"chose_seed":false,"campfire_upgraded":0,"win_rate":0,"timestamp":1540827331,"path_taken":["M","M","M","M","M","R","?","E","T","?","$","M","$","?","R","BOSS","M","?","M"],"build_version":"2018-10-25v2","purchased_purges":0,"victory":false,"max_hp_per_floor":[71,71,71,71,71,71,71,71,71,71,71,71,71,71,71,71,71,71,71,71],"card_choices":[{"not_picked":["Hologram","Go for the Eyes"],"picked":"Redo","floor":1},{"not_picked":["Leap","Auto Shields"],"picked":"Ball Lightning","floor":2},{"not_picked":["Steam Power","Turbo","Go for the Eyes"],"picked":"SKIP","floor":3},{"not_picked":["Consume","Reprogram"],"picked":"Thunder Strike","floor":4},{"not_picked":["Beam Cell","Barrage"],"picked":"Sweeping Beam","floor":5},{"not_picked":["Consume","Double Energy"],"picked":"Steam","floor":8},{"not_picked":["Streamline","Coolheaded"],"picked":"Cold Snap","floor":12},{"not_picked":["Hyperbeam","Amplify"],"picked":"Fission","floor":16},{"not_picked":["Rebound","Conserve Battery"],"picked":"Ball Lightning","floor":18}],"player_experience":746639,"relics_obtained":[{"floor":8,"key":"Omamori"},{"floor":9,"key":"Bronze Scales"}],"event_choices":[{"damage_healed":0,"gold_gain":0,"player_choice":"Trade","damage_taken":0,"relics_obtained":["CultistMask"],"max_hp_gain":0,"max_hp_loss":0,"event_name":"FaceTrader","floor":7,"gold_loss":0},{"damage_healed":0,"gold_gain":0,"player_choice":"Fled","damage_taken":12,"max_hp_gain":0,"max_hp_loss":0,"event_name":"Scrap Ooze","floor":10,"gold_loss":0},{"damage_healed":0,"gold_gain":0,"player_choice":"Take Wound","damage_taken":0,"relics_obtained":["Golden Idol"],"max_hp_gain":0,"max_hp_loss":0,"event_name":"Golden Idol","floor":14,"gold_loss":0,"cards_obtained":["Injury"]},{"damage_healed":0,"gold_gain":0,"player_choice":"Fight","damage_taken":0,"max_hp_gain":0,"max_hp_loss":0,"event_name":"Colosseum","floor":19,"gold_loss":0},{"damage_healed":0,"gold_gain":0,"player_choice":"Fled From Nobs","damage_taken":0,"max_hp_gain":0,"max_hp_loss":0,"event_name":"Colosseum","floor":19,"gold_loss":0}],"is_beta":false,"boss_relics":[{"not_picked":["Pandora\u0027s Box","Empty Cage"],"picked":"Inserter"}],"items_purged_floors":[],"is_endless":false,"potions_floor_spawned":[2,4,5,8,16],"killed_by":"2 Thieves","ascension_level":14}