{"gold_per_floor":[13,13,24,24,42,42,61,61,113,141,159,173,191,67,67,165,165,177,191,191,69,93,93,109,109,187,207,207,219,231,241,241,241],"floor_reached":33,"playtime":2202,"items_purged":["Defend_R","Defend_R"],"score":291,"play_id":"e5baef78-d427-467b-88db-4bb0083da09e","local_time":"20190218225612","is_ascension_mode":true,"campfire_choices":[{"data":"Battle Trance","floor":6.0,"key":"SMITH"},{"floor":8.0,"key":"REST"},{"floor":15.0,"key":"REST"},{"data":"Perfected Strike","floor":23.0,"key":"SMITH"},{"data":"Perfected Strike","floor":25.0,"key":"SMITH"},{"data":"Perfected Strike","floor":28.0,"key":"SMITH"},{"floor":32.0,"key":"REST"}],"neow_cost":"NO_GOLD","seed_source_timestamp":0,"circlet_count":0,"master_deck":["Strike_R","Strike_R","Strike_R","Strike_R","Strike_R","Bash","Battle Trance+1","Perfected Strike+1","Flex","Perfected Strike+1","Perfected Strike+1","Offering","Spot Weakness","Flex","Flex+1","Pommel Strike","Dual Wield+1","Perfected Strike+1","Twin Strike"],"special_seed":0,"relics":["Burning Blood","Blood Vial","Boot","Orichalcum","Runic Pyramid","NlothsMask","Toxic Egg 2"],"potions_floor_usage":[33,33],"damage_taken":[{"damage":6.0,"enemies":"Cultist","floor":1.0,"turns":3.0},{"damage":5.0,"enemies":"Jaw Worm","floor":3.0,"turns":4.0},{"damage":0.0,"enemies":"2 Louse","floor":5.0,"turns":2.0},{"damage":26.0,"enemies":"Exordium Thugs","floor":7.0,"turns":4.0},{"damage":45.0,"enemies":"Gremlin Nob","floor":10.0,"turns":6.0},{"damage":0.0,"enemies":"Gremlin Gang","floor":11.0,"turns":3.0},{"damage":5.0,"enemies":"Large Slime","floor":12.0,"turns":4.0},{"damage":6.0,"enemies":"Exordium Thugs","floor":13.0,"turns":4.0},{"damage":29.0,"enemies":"Slime Boss","floor":16.0,"turns":11.0},{"damage":12.0,"enemies":"Shell Parasite","floor":18.0,"turns":2.0},{"damage":10.0,"enemies":"Chosen","floor":19.0,"turns":3.0},{"damage":9.0,"enemies":"Snecko","floor":24.0,"turns":3.0},{"damage":21.0,"enemies":"Snake Plant","floor":27.0,"turns":2.0},{"damage":6.0,"enemies":"Sentry and Sphere","floor":29.0,"turns":2.0},{"damage":15.0,"enemies":"Shelled Parasite and Fungi","floor":30.0,"turns":3.0},{"damage":21.0,"enemies":"Snake Plant","floor":31.0,"turns":2.0},{"damage":74,"enemies":"Champ","floor":33,"turns":5}],"seed_played":"-6540101855705533376","potions_obtained":[{"floor":1.0,"key":"Dexterity Potion"},{"floor":3.0,"key":"Swift Potion"},{"floor":4.0,"key":"EssenceOfSteel"},{"floor":10.0,"key":"Explosive Potion"},{"floor":13.0,"key":"Dexterity Potion"},{"floor":18.0,"key":"Strength Potion"},{"floor":24.0,"key":"Strength Potion"},{"floor":31.0,"key":"GamblersBrew"}],"is_trial":false,"path_per_floor":["M","?","M","?","M","R","M","R","T","E","M","M","M","$","R","B",null,"M","M","?","$","T","R","M","R","T","M","R","M","M","M","R","B"],"character_chosen":"IRONCLAD","items_purchased":["Perfected Strike","Flex"],"campfire_rested":3,"item_purchase_floors":[14,21],"current_hp_per_floor":[80,73,76,76,80,80,60,80,80,41,49,52,54,54,78,57,80,74,72,72,72,72,72,71,71,71,58,58,60,53,40,64,0],"gold":241,"neow_bonus":"REMOVE_TWO","is_prod":false,"is_daily":false,"chose_seed":false,"campfire_upgraded":4,"win_rate":0,"timestamp":1550498172,"path_taken":["M","?","M","?","M","R","M","R","T","E","M","?","M","$","R","BOSS","M","M","?","$","?","R","M","R","T","M","R","M","?","M","R","BOSS"],"build_version":"2019-01-23","purchased_purges":2,"victory":false,"max_hp_per_floor":[80,80,80,80,80,80,80,80,80,80,80,80,80,80,80,80,80,80,80,80,80,80,80,80,80,80,80,80,80,80,80,80,80],"card_choices":[{"not_picked":["Wild Strike","Havoc"],"picked":"Battle Trance","floor":1.0},{"not_picked":["Feel No Pain","Clash","Seeing Red"],"picked":"SKIP","floor":3.0},{"not_picked":["Anger","Cleave","Clothesline"],"picked":"SKIP","floor":5.0},{"not_picked":["Seeing Red","Havoc","Clash"],"picked":"SKIP","floor":7.0},{"not_picked":["Fiend Fire","Rage"],"picked":"Perfected Strike","floor":10.0},{"not_picked":["Clash","Searing Blow"],"picked":"Flex","floor":11.0},{"not_picked":["Entrench","Dropkick"],"picked":"Perfected Strike","floor":12.0},{"not_picked":["Blood for Blood","Body Slam","Havoc"],"picked":"SKIP","floor":13.0},{"not_picked":["Brutality","Exhume"],"picked":"Offering","floor":16.0},{"not_picked":["Battle Trance","Cleave"],"picked":"Spot Weakness","floor":18.0},{"not_picked":["Anger","Heavy Blade","True Grit"],"picked":"SKIP","floor":19.0},{"not_picked":["Heavy Blade","Iron Wave+1"],"picked":"Flex+1","floor":24.0},{"not_picked":["Demon Form","Sword Boomerang"],"picked":"Pommel Strike","floor":27.0},{"not_picked":["Twin Strike+1","Seeing Red+1"],"picked":"Dual Wield+1","floor":29.0},{"not_picked":["Iron Wave+1","Battle Trance+1"],"picked":"Perfected Strike+1","floor":30.0},{"not_picked":["Havoc+1","Rampage"],"picked":"Twin Strike","floor":31.0}],"player_experience":104988,"relics_obtained":[{"floor":9.0,"key":"Boot"},{"floor":10.0,"key":"Orichalcum"},{"floor":26.0,"key":"Toxic Egg 2"}],"event_choices":[{"damage_healed":0.0,"max_hp_gain":0.0,"max_hp_loss":0.0,"gold_gain":0.0,"event_name":"Scrap Ooze","player_choice":"Success","floor":2.0,"gold_loss":0.0,"damage_taken":7.0,"relics_obtained":["Blood Vial"]},{"damage_healed":0.0,"max_hp_gain":0.0,"max_hp_loss":0.0,"gold_gain":0.0,"event_name":"Lab","player_choice":"Got Potions","floor":4.0,"gold_loss":0.0,"damage_taken":0.0},{"damage_healed":0.0,"max_hp_gain":0.0,"max_hp_loss":0.0,"gold_gain":0.0,"event_name":"FaceTrader","player_choice":"Trade","floor":20.0,"gold_loss":0.0,"damage_taken":0.0,"relics_obtained":["NlothsMask"]}],"is_beta":false,"boss_relics":[{"not_picked":["Coffee Dripper","Cursed Key"],"picked":"Runic Pyramid"}],"items_purged_floors":[14,21],"is_endless":false,"potions_floor_spawned":[1,3,10,13,18,24,31],"killed_by":"Champ","ascension_level":1}