{"gold_per_floor":[117,117,43,62,82,110,124,124,174,174,194,206,206,166,166,264,314,331,346,361,70,82,82,82],"floor_reached":24,"playtime":1219,"items_purged":[],"score":310,"play_id":"0c0dc9cc-9114-44a1-9bbf-1aee184497b7","local_time":"20180902160724","is_ascension_mode":true,"campfire_choices":[{"floor":8,"key":"REST"},{"floor":10,"key":"REST"},{"floor":15,"key":"REST"},{"floor":23,"key":"REST"}],"neow_cost":"NONE","seed_source_timestamp":1547005884688465,"circlet_count":0,"master_deck":["Strike_B","Strike_B","Strike_B","Strike_B","Defend_B","Defend_B","Defend_B","Defend_B","Zap","Dualcast","AscendersBane","Loop","Amplify","Steam","Redo","Conserve Battery","Sunder+1","Heatsinks","White Noise","Seek","Rebound","Self Repair","Reboot","Self Repair","Ball Lightning"],"relics":["Cracked Core","NeowsBlessing","Bottled Lightning","Bronze Scales","Tiny House","Anchor"],"potions_floor_usage":[6,7,16,18,22,24],"damage_taken":[{"damage":0,"enemies":"Jaw Worm","floor":1,"turns":1},{"damage":0,"enemies":"Small Slimes","floor":4,"turns":1},{"damage":0,"enemies":"2 Louse","floor":5,"turns":1},{"damage":36,"enemies":"Gremlin Nob","floor":6,"turns":5},{"damage":4,"enemies":"Blue Slaver","floor":7,"turns":4},{"damage":31,"enemies":"Exordium Thugs","floor":11,"turns":4},{"damage":23,"enemies":"Gremlin Gang","floor":12,"turns":4},{"damage":52,"enemies":"Slime Boss","floor":16,"turns":11},{"damage":4,"enemies":"Spheric Guardian","floor":18,"turns":3},{"damage":41,"enemies":"2 Thieves","floor":19,"turns":5},{"damage":15,"enemies":"Cultist and Chosen","floor":20,"turns":6},{"damage":27,"enemies":"Snake Plant","floor":22,"turns":4},{"damage":49,"enemies":"Gremlin Leader","floor":24,"turns":7}],"seed_played":"322206795618253477","potions_obtained":[{"floor":1,"key":"Ancient Potion"},{"floor":4,"key":"Ancient Potion"},{"floor":6,"key":"FairyPotion"},{"floor":14,"key":"SkillPotion"},{"floor":17,"key":"Fruit Juice"},{"floor":22,"key":"Poison Potion"}],"is_trial":false,"path_per_floor":["M","?","$","M","M","E","M","R","T","R","M","M","?","?","R","B",null,"M","M","M","$","M","R"],"character_chosen":"DEFECT","items_purchased":["Amplify","Self Repair","Regen Potion","Anchor"],"campfire_rested":4,"item_purchase_floors":[3,21,21,21],"current_hp_per_floor":[68,68,68,68,68,32,28,50,50,72,41,18,18,18,40,7,63,64,30,22,22,14,39,0],"gold":82,"neow_bonus":"THREE_ENEMY_KILL","is_prod":false,"is_daily":false,"chose_seed":false,"campfire_upgraded":0,"win_rate":0,"timestamp":1535893644,"path_taken":["M","?","?","?","M","E","M","R","T","R","M","M","?","?","R","BOSS","M","M","M","$","M","R","E"],"build_version":"2018-08-30","purchased_purges":0,"victory":false,"max_hp_per_floor":[75,75,75,75,75,75,75,75,75,75,75,75,75,75,75,75,80,85,85,85,85,85,85,85],"card_choices":[{"not_picked":["Steam","Scrape"],"picked":"Loop","floor":1},{"not_picked":["Redo","Streamline"],"picked":"Steam","floor":4},{"not_picked":["Steam Power","Reprogram"],"picked":"Redo","floor":5},{"not_picked":["Stack","Redo"],"picked":"Conserve Battery","floor":6},{"not_picked":["Coolheaded","Gash"],"picked":"Sunder","floor":7},{"not_picked":["Coolheaded","Tempest"],"picked":"Heatsinks","floor":11},{"not_picked":["Turbo","Conserve Battery"],"picked":"White Noise","floor":12},{"not_picked":["Rainbow","Machine Learning"],"picked":"Seek","floor":16},{"not_picked":["Barrage","Go for the Eyes"],"picked":"Rebound","floor":17},{"not_picked":["Lockon","Steam"],"picked":"Self Repair","floor":18},{"not_picked":["Rebound","Go for the Eyes+1","Leap+1"],"picked":"SKIP","floor":19},{"not_picked":["Conserve Battery","Scrape"],"picked":"Reboot","floor":20},{"not_picked":["Undo","Rebound"],"picked":"Ball Lightning","floor":22}],"player_experience":669431,"relics_obtained":[{"floor":6,"key":"Bottled Lightning"},{"floor":9,"key":"Bronze Scales"}],"event_choices":[{"event_name":"Golden Wing","player_choice":"Ignored","floor":2,"damage_taken":0},{"event_name":"Liars Game","player_choice":"disagreed","floor":13,"damage_taken":0},{"event_name":"The Woman in Blue","player_choice":"Bought 3 Potions","floor":14,"damage_taken":0}],"is_beta":false,"boss_relics":[{"not_picked":["Snecko Eye","Cursed Key"],"picked":"Tiny House"}],"items_purged_floors":[],"is_endless":false,"potions_floor_spawned":[1,4,6,22],"killed_by":"Gremlin Leader","ascension_level":11}