{"gold_per_floor":[109,109,31,306,316,316,340,6,32,32,32,66,78,107,119,202,214,236,248,260,289,301],"floor_reached":22,"playtime":488,"items_purged":["Regret"],"score":410,"play_id":"b09b1772-7e63-476d-ab07-2c919900de5f","local_time":"20190424212036","is_ascension_mode":true,"campfire_choices":[{"data":"Bash","floor":6,"key":"SMITH"},{"data":"True Grit","floor":11,"key":"SMITH"},{"data":"Evolve","floor":13,"key":"SMITH"},{"data":"Perfected Strike","floor":15,"key":"SMITH"}],"neow_cost":"NONE","seed_source_timestamp":207061908236900,"circlet_count":0,"master_deck":["AscendersBane","Strike_R+1","Strike_R+1","Strike_R+1","Strike_R+1","Strike_R+1","Defend_R+1","Defend_R+1","Defend_R+1","Defend_R+1","Bash+1","True Grit+1","Evolve+1","Feel No Pain","Feel No Pain","Second Wind","Perfected Strike+1","Immolate","Pommel Strike"],"relics":["Burning Blood","NeowsBlessing","PreservedInsect","Chemical X","Oddly Smooth Stone","MawBank","Sozu"],"potions_floor_usage":[10,16,16],"damage_taken":[{"damage":0,"enemies":"Jaw Worm","floor":1,"turns":1},{"damage":0,"enemies":"Cultist","floor":5,"turns":1},{"damage":0,"enemies":"Lagavulin","floor":12,"turns":1},{"damage":2,"enemies":"2 Louse","floor":14,"turns":4},{"damage":72,"enemies":"Hexaghost","floor":16,"turns":11},{"damage":32,"enemies":"3 Byrds","floor":18,"turns":6},{"damage":23,"enemies":"2 Thieves","floor":21,"turns":3},{"damage":10,"enemies":"Masked Bandits","floor":22,"turns":3}],"seed_played":"-3939988486532658797","potions_obtained":[{"floor":5,"key":"EssenceOfSteel"},{"floor":10,"key":"Fruit Juice"},{"floor":10,"key":"EssenceOfSteel"}],"is_trial":false,"path_per_floor":["M","?","$","?","M","R","T","$","T","?","R","E","R","M","R","B",null,"M","?","?","M","?"],"character_chosen":"IRONCLAD","items_purchased":["Evolve","Chemical X","Feel No Pain"],"campfire_rested":0,"item_purchase_floors":[3,8,8],"current_hp_per_floor":[74,74,74,74,75,75,75,75,75,80,80,80,80,80,80,14,64,38,38,38,21,11],"gold":301,"neow_bonus":"THREE_ENEMY_KILL","is_prod":false,"is_daily":false,"chose_seed":false,"campfire_upgraded":4,"win_rate":0,"timestamp":1556108436,"path_taken":["M","?","?","?","?","R","?","$","T","?","R","E","R","?","R","BOSS","M","?","?","M","?"],"build_version":"2019-01-23","purchased_purges":1,"victory":false,"max_hp_per_floor":[75,75,75,75,75,75,75,75,75,80,80,80,80,80,80,80,80,80,80,80,80,80],"card_choices":[{"not_picked":["Sword Boomerang","Clothesline"],"picked":"True Grit","floor":1},{"not_picked":["Anger","Perfected Strike"],"picked":"Feel No Pain","floor":5},{"not_picked":["Body Slam","Pummel"],"picked":"Second Wind","floor":12},{"not_picked":["Brutality","Clash"],"picked":"Perfected Strike","floor":14},{"not_picked":["Reaper","Barricade"],"picked":"Immolate","floor":16},{"not_picked":["Twin Strike","Clothesline","Pommel Strike"],"picked":"SKIP","floor":18},{"not_picked":["Twin Strike","Clothesline"],"picked":"Pommel Strike","floor":18},{"not_picked":["Feel No Pain","Ghostly Armor","Power Through"],"picked":"SKIP","floor":21}],"player_experience":3354859,"relics_obtained":[{"floor":7,"key":"PreservedInsect"},{"floor":9,"key":"Oddly Smooth Stone"},{"floor":12,"key":"MawBank"}],"event_choices":[{"damage_healed":0,"gold_gain":0,"player_choice":"0 cards matched","damage_taken":0,"max_hp_gain":0,"max_hp_loss":0,"event_name":"Match and Keep!","floor":2,"gold_loss":0,"cards_obtained":[]},{"damage_healed":0,"gold_gain":275,"player_choice":"Desecrate","damage_taken":0,"max_hp_gain":0,"max_hp_loss":0,"event_name":"Golden Shrine","floor":4,"gold_loss":0,"cards_obtained":["Regret"]},{"damage_healed":0,"gold_gain":0,"player_choice":"Got Potions","damage_taken":0,"max_hp_gain":0,"max_hp_loss":0,"event_name":"Lab","floor":10,"gold_loss":0},{"damage_healed":0,"gold_gain":0,"player_choice":"Simplicity","damage_taken":0,"max_hp_gain":0,"max_hp_loss":0,"event_name":"Back to Basics","floor":19,"gold_loss":0,"cards_upgraded":["Strike_R","Strike_R","Strike_R","Strike_R","Strike_R","Defend_R","Defend_R","Defend_R","Defend_R"]},{"damage_healed":0,"gold_gain":0,"player_choice":"Ignored","damage_taken":0,"max_hp_gain":0,"max_hp_loss":0,"event_name":"The Mausoleum","floor":20,"gold_loss":0},{"damage_healed":0,"gold_gain":0,"player_choice":"Fought Bandits","damage_taken":0,"max_hp_gain":0,"max_hp_loss":0,"event_name":"Masked Bandits","floor":22,"gold_loss":0}],"is_beta":false,"boss_relics":[{"not_picked":["Coffee Dripper","Eternal Feather"],"picked":"Sozu"}],"items_purged_floors":[8],"is_endless":false,"potions_floor_spawned":[5,12,18,21],"killed_by":"Masked Bandits","ascension_level":20}