{"gold_per_floor":[113,188,188,188,73,73,109,109,132,132,156,191,191,116,116,205,205,226,226,68,93,8,8,28,72,72,72,103,53,76,76,76,174,174,199,199,25,49,382,415,434,453,453,463,463,493,493,23,23,23,23,23,23,23,54,54],"floor_reached":57,"playtime":3009,"items_purged":["Defend_B","Defend_B","Defend_B"],"score":2929,"play_id":"078a8232-8418-4776-bd9b-f1385bcb84b1","local_time":"20190226174216","is_ascension_mode":true,"campfire_choices":[{"data":"Streamline","floor":6.0,"key":"SMITH"},{"data":"Defragment","floor":8.0,"key":"SMITH"},{"data":"Loop","floor":10.0,"key":"SMITH"},{"floor":15.0,"key":"REST"},{"floor":23.0,"key":"REST"},{"data":"Chill","floor":27.0,"key":"SMITH"},{"floor":32.0,"key":"REST"},{"floor":47.0,"key":"RECALL"},{"data":"Consume","floor":49.0,"key":"SMITH"},{"floor":53.0,"key":"REST"}],"neow_cost":"NONE","seed_source_timestamp":29833307248100,"circlet_count":0,"master_deck":["AscendersBane","Strike_B+1","Strike_B+1","Defend_B","Zap","Dualcast","Loop+1","Glacier","Streamline+1","Defragment+1","Cold Snap","Amplify+1","Biased Cognition+1","Cold Snap","Turbo","Chill+1","Gash","Conserve Battery","Doom and Gloom","Core Surge","White Noise+1","Defragment+1","Consume+1","Core Surge","Gash+1","Gash"],"special_seed":0,"relics":["FrozenCore","NeowsBlessing","Dodecahedron","Emotion Chip","Centennial Puzzle","Frozen Egg 2","Runic Pyramid","Art of War","Ancient Tea Set","Turnip","Pantograph","Bag of Marbles","Bird Faced Urn","Girya","Calipers"],"potions_floor_usage":[56,56],"damage_taken":[{"damage":0.0,"enemies":"Small Slimes","floor":1.0,"turns":1.0},{"damage":0.0,"enemies":"Gremlin Nob","floor":7.0,"turns":1.0},{"damage":0.0,"enemies":"Jaw Worm","floor":11.0,"turns":1.0},{"damage":5.0,"enemies":"Lagavulin","floor":12.0,"turns":7.0},{"damage":0.0,"enemies":"Slime Boss","floor":16.0,"turns":6.0},{"damage":27.0,"enemies":"2 Thieves","floor":18.0,"turns":3.0},{"damage":0.0,"enemies":"Spheric Guardian","floor":21.0,"turns":5.0},{"damage":0.0,"enemies":"Cultist and Chosen","floor":24.0,"turns":10.0},{"damage":0.0,"enemies":"Book of Stabbing","floor":25.0,"turns":5.0},{"damage":20.0,"enemies":"Gremlin Leader","floor":28.0,"turns":8.0},{"damage":5.0,"enemies":"Snecko","floor":30.0,"turns":8.0},{"damage":37.0,"enemies":"Automaton","floor":33.0,"turns":13.0},{"damage":14.0,"enemies":"3 Shapes","floor":35.0,"turns":5.0},{"damage":2.0,"enemies":"Orb Walker","floor":38.0,"turns":5.0},{"damage":7.0,"enemies":"Nemesis","floor":40.0,"turns":11.0},{"damage":0.0,"enemies":"Sphere and 2 Shapes","floor":41.0,"turns":7.0},{"damage":0.0,"enemies":"Maw","floor":42.0,"turns":10.0},{"damage":11.0,"enemies":"Jaw Worm Horde","floor":44.0,"turns":8.0},{"damage":5.0,"enemies":"Reptomancer","floor":46.0,"turns":8.0},{"damage":51.0,"enemies":"Awakened One","floor":50.0,"turns":18.0},{"damage":37.0,"enemies":"Time Eater","floor":51.0,"turns":18.0},{"damage":4.0,"enemies":"Shield and Spear","floor":55.0,"turns":9.0},{"damage":38,"enemies":"The Heart","floor":56,"turns":16}],"seed_played":"5537568736964298327","potions_obtained":[{"floor":1.0,"key":"SteroidPotion"},{"floor":11.0,"key":"PowerPotion"},{"floor":21.0,"key":"Dexterity Potion"},{"floor":24.0,"key":"Dexterity Potion"},{"floor":35.0,"key":"SkillPotion"},{"floor":38.0,"key":"Energy Potion"},{"floor":46.0,"key":"Ancient Potion"},{"floor":55,"key":"Ancient Potion"}],"is_trial":false,"path_per_floor":["M","?","?","?","$","R","E","R","T","R","M","E","?","$","R","B",null,"M","?","$","M","$","R","M","E","T","R","E","?","M","?","R","B",null,"M","?","$","M","?","E","M","M","T","M","?","E","R","$","R","B","B",null,"R","$","E","B",null],"character_chosen":"DEFECT","items_purchased":["Glacier","Streamline","Art of War","Chill","Defragment+1","Calipers"],"campfire_rested":4,"item_purchase_floors":[5,5,20,22,37,48],"current_hp_per_floor":[64,53,35,35,35,35,35,35,35,35,35,30,11,11,30,30,56,29,29,29,29,29,48,48,48,48,48,28,28,23,23,42,27,55,41,41,41,39,39,32,44,56,56,57,57,64,64,64,64,29,35,57,64,64,64,40],"gold":54,"neow_bonus":"THREE_ENEMY_KILL","is_prod":false,"is_daily":false,"chose_seed":false,"campfire_upgraded":5,"win_rate":0,"timestamp":1551170536,"path_taken":["M","?","?","?","?","R","E","R","T","R","?","E","?","$","R","BOSS","M","?","$","M","?","R","M","E","T","R","E","?","?","?","R","BOSS","M","?","?","M","?","E","M","?","T","M","?","E","R","$","R","BOSS","BOSS","R","$","E","BOSS"],"build_version":"2019-01-23","purchased_purges":3,"victory":true,"max_hp_per_floor":[71,71,71,64,64,64,64,64,64,64,64,64,64,64,64,64,64,64,64,64,64,64,64,64,64,64,64,64,64,64,64,64,64,64,64,64,64,64,64,64,64,64,64,64,64,64,64,64,64,64,64,64,64,64,64,64],"card_choices":[{"not_picked":["Rip and Tear","Blizzard"],"picked":"Loop","floor":1.0},{"not_picked":["Darkness","Fusion"],"picked":"Defragment","floor":7.0},{"not_picked":["Go for the Eyes","Aggregate"],"picked":"Cold Snap","floor":11.0},{"not_picked":["Sweeping Beam","Ball Lightning"],"picked":"Amplify","floor":12.0},{"not_picked":["Meteor Strike","Fission"],"picked":"Biased Cognition+1","floor":16.0},{"not_picked":["Redo","Steam"],"picked":"Cold Snap","floor":18.0},{"not_picked":["Double Energy","Blizzard"],"picked":"Turbo","floor":21.0},{"not_picked":["Gash","Undo"],"picked":"Conserve Battery","floor":24.0},{"not_picked":["Doom and Gloom","Force Field"],"picked":"Gash","floor":25.0},{"not_picked":["Hello World+1","Go for the Eyes","Melter"],"picked":"SKIP","floor":30.0},{"not_picked":["Creative AI+1","Reboot"],"picked":"Core Surge","floor":33.0},{"not_picked":["Ball Lightning+1","Redo"],"picked":"White Noise+1","floor":35.0},{"not_picked":["Leap","Cold Snap","Stack+1"],"picked":"SKIP","floor":38.0},{"not_picked":["Cold Snap","Auto Shields"],"picked":"Consume","floor":40.0},{"not_picked":["Compile Driver","Turbo","Redo"],"picked":"SKIP","floor":41.0},{"not_picked":["Conserve Battery","Leap+1","Cold Snap+1"],"picked":"SKIP","floor":42.0},{"not_picked":["Conserve Battery","Leap+1","Cold Snap+1"],"picked":"SKIP","floor":42.0},{"not_picked":["Hologram","Beam Cell","Compile Driver"],"picked":"SKIP","floor":44.0},{"not_picked":["Multi-Cast","Stack"],"picked":"Gash+1","floor":46.0},{"not_picked":["Streamline+1","Beam Cell"],"picked":"Gash","floor":55}],"player_experience":1843560,"relics_obtained":[{"floor":7.0,"key":"Emotion Chip"},{"floor":9.0,"key":"Centennial Puzzle"},{"floor":12.0,"key":"Frozen Egg 2"},{"floor":25.0,"key":"Ancient Tea Set"},{"floor":26.0,"key":"Turnip"},{"floor":28.0,"key":"Pantograph"},{"floor":40.0,"key":"Bird Faced Urn"},{"floor":46.0,"key":"Girya"}],"event_choices":[{"damage_healed":0.0,"max_hp_gain":0.0,"max_hp_loss":0.0,"gold_gain":75.0,"event_name":"World of Goop","player_choice":"Gather Gold","floor":2.0,"gold_loss":0.0,"damage_taken":11.0},{"damage_healed":0.0,"max_hp_gain":0.0,"max_hp_loss":0.0,"gold_gain":0.0,"event_name":"Scrap Ooze","player_choice":"Success","floor":3.0,"gold_loss":0.0,"damage_taken":18.0,"relics_obtained":["Dodecahedron"]},{"damage_healed":0.0,"max_hp_gain":0.0,"max_hp_loss":7.0,"gold_gain":0.0,"event_name":"Golden Idol","player_choice":"Lose Max HP","floor":4.0,"gold_loss":0.0,"damage_taken":0.0,"relics_obtained":["Golden Idol"]},{"damage_healed":0.0,"max_hp_gain":0.0,"max_hp_loss":0.0,"gold_gain":0.0,"event_name":"Shining Light","player_choice":"Entered Light","floor":13.0,"gold_loss":0.0,"damage_taken":19.0,"cards_upgraded":["Strike_B","Strike_B"]},{"damage_healed":0.0,"max_hp_gain":0.0,"max_hp_loss":0.0,"gold_gain":0.0,"event_name":"Upgrade Shrine","player_choice":"Upgraded","floor":19.0,"gold_loss":0.0,"damage_taken":0.0,"cards_upgraded":["Amplify"]},{"damage_healed":0.0,"max_hp_gain":0.0,"max_hp_loss":0.0,"gold_gain":0.0,"event_name":"The Joust","player_choice":"Bet on Murderer","floor":29.0,"gold_loss":50.0,"damage_taken":0.0},{"damage_healed":0.0,"max_hp_gain":0.0,"max_hp_loss":0.0,"gold_gain":0.0,"cards_transformed":["Strike_B","Strike_B"],"event_name":"Drug Dealer","player_choice":"Became Test Subject","floor":31.0,"gold_loss":0.0,"damage_taken":0.0,"cards_obtained":["Conserve Battery","Doom and Gloom"]},{"cards_removed":["Conserve Battery"],"damage_healed":0.0,"max_hp_gain":0.0,"max_hp_loss":0.0,"gold_gain":0.0,"event_name":"WeMeetAgain","player_choice":"Gave Card","floor":36.0,"gold_loss":0.0,"damage_taken":0.0,"relics_obtained":["Bag of Marbles"]},{"damage_healed":0.0,"max_hp_gain":0.0,"max_hp_loss":0.0,"gold_gain":333.0,"event_name":"The Moai Head","player_choice":"Gave Idol","floor":39.0,"relics_lost":["Golden Idol"],"gold_loss":0.0,"damage_taken":0.0},{"damage_healed":0.0,"max_hp_gain":0.0,"max_hp_loss":0.0,"gold_gain":0.0,"event_name":"Duplicator","player_choice":"Copied","floor":45.0,"gold_loss":0.0,"damage_taken":0.0,"cards_obtained":["Core Surge"]}],"is_beta":false,"boss_relics":[{"not_picked":["Snecko Eye","Eternal Feather"],"picked":"Runic Pyramid"},{"not_picked":["Pandora\u0027s Box","Lizard Tail"],"picked":"FrozenCore"}],"items_purged_floors":[14,37,48],"is_endless":false,"potions_floor_spawned":[1,11,12,21,24,35,38,46,55],"ascension_level":20}