{"gold_per_floor":[115,31,31,46,6,6,64,94,119,119,119,119,80,91,91,162,162,179,69,87,10,23,23,23,23,97,113,113,148,148,163,163,239,239,255,255,98,109,109,109,135,146,192,192,192,192,2,0,0,0],"floor_reached":50,"playtime":2109,"items_purged":[],"score":1062,"play_id":"6be5648a-67da-4ef6-b17c-17888c2629f5","local_time":"20190425204007","is_ascension_mode":true,"campfire_choices":[{"floor":6.0,"key":"REST"},{"data":"Storm","floor":12.0,"key":"SMITH"},{"data":"Storm","floor":15.0,"key":"SMITH"},{"floor":25.0,"key":"REST"},{"floor":28.0,"key":"REST"},{"data":"Defragment","floor":30.0,"key":"SMITH"},{"floor":32.0,"key":"REST"},{"data":"Static Discharge","floor":40.0,"key":"SMITH"},{"data":"Defragment","floor":44.0,"key":"SMITH"},{"floor":46.0,"key":"REST"},{"data":"Buffer","floor":49.0,"key":"SMITH"}],"neow_cost":"NONE","seed_source_timestamp":1216193518462275,"circlet_count":0,"master_deck":["AscendersBane","Strike_B","Strike_B","Strike_B","Strike_B+1","Defend_B","Defend_B","Defend_B","Zap","Dualcast","Melter+1","Defragment+1","Storm+1","Self Repair","BootSequence","Hello World+1","Storm+1","Force Field","Echo Form","Conserve Battery","Capacitor","Defragment+1","Conserve Battery","Shame","Echo Form","Conserve Battery","Chill","Amplify+1","Force Field+1","Static Discharge+1","Chill","Fusion+1","Defragment+1","Static Discharge","Buffer+1","Ball Lightning"],"special_seed":0,"relics":["Cracked Core","FossilizedHelix","Ancient Tea Set","PreservedInsect","Nuclear Battery","Juzu Bracelet","Ornamental Fan","Question Card","Mango","Lizard Tail","Gremlin Horn","Whetstone","Red Mask"],"potions_floor_usage":[50],"damage_taken":[{"damage":14.0,"enemies":"Small Slimes","floor":1.0,"turns":4.0},{"damage":0.0,"enemies":"2 Louse","floor":4.0,"turns":3.0},{"damage":14.0,"enemies":"Lagavulin Event","floor":7.0,"turns":5.0},{"damage":28.0,"enemies":"Gremlin Nob","floor":8.0,"turns":4.0},{"damage":0.0,"enemies":"Jaw Worm","floor":14.0,"turns":3.0},{"damage":0.0,"enemies":"Slime Boss","floor":16.0,"turns":5.0},{"damage":1.0,"enemies":"3 Byrds","floor":18.0,"turns":2.0},{"damage":0.0,"enemies":"Spheric Guardian","floor":20.0,"turns":2.0},{"damage":24.0,"enemies":"Snake Plant","floor":22.0,"turns":3.0},{"damage":30.0,"enemies":"Cultist and Chosen","floor":27.0,"turns":5.0},{"damage":16.0,"enemies":"Book of Stabbing","floor":29.0,"turns":3.0},{"damage":5.0,"enemies":"Centurion and Healer","floor":31.0,"turns":4.0},{"damage":58.0,"enemies":"Automaton","floor":33.0,"turns":7.0},{"damage":0.0,"enemies":"Orb Walker","floor":35.0,"turns":3.0},{"damage":0.0,"enemies":"3 Shapes","floor":38.0,"turns":4.0},{"damage":13.0,"enemies":"Reptomancer","floor":41.0,"turns":6.0},{"damage":32.0,"enemies":"Jaw Worm Horde","floor":42.0,"turns":4.0},{"damage":186,"enemies":"Awakened One","floor":50,"turns":7}],"seed_played":"4973832439354422480","potions_obtained":[{"floor":1.0,"key":"LiquidBronze"},{"floor":4.0,"key":"Explosive Potion"},{"floor":31.0,"key":"Strength Potion"},{"floor":33.0,"key":"PowerPotion"},{"floor":35.0,"key":"Explosive Potion"}],"is_trial":false,"path_per_floor":["M","$","?","M","$","R","?","E","T","?","?","R","$","M","R","B",null,"M","?","M","$","M","?","T","R","T","M","R","E","R","M","R","B",null,"M","?","$","M","?","R","E","M","T","R","?","R","$","?","R","B"],"character_chosen":"DEFECT","items_purchased":["Defragment","Self Repair","Storm","Defragment","Static Discharge","Chill","Buffer","Ball Lightning"],"campfire_rested":5,"item_purchase_floors":[2,5,13,21,37,37,47,47],"current_hp_per_floor":[57,57,57,57,57,78,71,50,50,69,69,69,69,76,76,78,78,77,75,75,75,51,51,51,73,73,43,65,70,70,65,89,38,76,83,83,83,89,89,89,89,71,71,71,71,89,89,89,89,0],"gold":0,"neow_bonus":"TEN_PERCENT_HP_BONUS","is_prod":false,"is_daily":false,"chose_seed":false,"campfire_upgraded":6,"win_rate":0,"timestamp":1556214007,"path_taken":["M","$","?","M","$","R","?","E","T","?","?","R","?","?","R","BOSS","M","?","?","$","M","?","?","R","T","M","R","E","R","M","R","BOSS","M","?","$","M","?","R","E","M","T","R","?","R","$","?","R","BOSS"],"build_version":"2019-01-23","purchased_purges":0,"victory":false,"max_hp_per_floor":[78,78,78,78,78,78,78,78,78,78,78,78,78,78,78,78,78,78,75,75,75,75,75,75,75,75,75,75,89,89,89,89,89,89,89,89,89,89,89,89,89,89,89,89,89,89,89,89,89,89],"card_choices":[{"not_picked":["Turbo","Skim"],"picked":"Melter","floor":1.0},{"not_picked":["Go for the Eyes","Steam"],"picked":"Storm","floor":4.0},{"not_picked":["Aggregate","Turbo"],"picked":"BootSequence","floor":7.0},{"not_picked":["Core Surge","Compile Driver"],"picked":"Hello World","floor":8.0},{"not_picked":["Streamline","Steam"],"picked":"Force Field","floor":14.0},{"not_picked":["Core Surge","Meteor Strike"],"picked":"Echo Form","floor":16.0},{"not_picked":["Blizzard","Sweeping Beam"],"picked":"Conserve Battery","floor":18.0},{"not_picked":["Sweeping Beam","Leap"],"picked":"Capacitor","floor":20.0},{"not_picked":["Skim","Sweeping Beam"],"picked":"Conserve Battery","floor":22.0},{"not_picked":["Rip and Tear","FTL+1","Chaos"],"picked":"Echo Form","floor":27.0},{"not_picked":["Tempest","Rebound","Beam Cell+1"],"picked":"Conserve Battery","floor":29.0},{"not_picked":["Fusion","Compile Driver","Gash"],"picked":"Chill","floor":31.0},{"not_picked":["Multi-Cast","Rainbow","All For One"],"picked":"Amplify","floor":33.0},{"not_picked":["Compile Driver","Skim","Gash+1"],"picked":"Force Field+1","floor":35.0},{"not_picked":["Skim","Gash+1","Leap"],"picked":"Fusion+1","floor":38.0},{"not_picked":["Tempest","Heatsinks","BootSequence+1"],"picked":"Defragment","floor":41.0},{"not_picked":["Rip and Tear+1","Cold Snap","Coolheaded+1"],"picked":"Static Discharge","floor":42.0}],"player_experience":1237188,"relics_obtained":[{"floor":8.0,"key":"Ancient Tea Set"},{"floor":9.0,"key":"PreservedInsect"},{"floor":24.0,"key":"Ornamental Fan"},{"floor":26.0,"key":"Question Card"},{"floor":29.0,"key":"Mango"},{"floor":41.0,"key":"Gremlin Horn"},{"floor":43.0,"key":"Whetstone"}],"event_choices":[{"damage_healed":0.0,"max_hp_gain":0.0,"max_hp_loss":0.0,"gold_gain":0.0,"event_name":"Living Wall","player_choice":"Grow","floor":3.0,"gold_loss":0.0,"damage_taken":0.0,"cards_upgraded":["Defragment"]},{"damage_healed":0.0,"max_hp_gain":0.0,"max_hp_loss":0.0,"gold_gain":30.0,"event_name":"Dead Adventurer","player_choice":"Searched \u00273\u0027 times","floor":7.0,"gold_loss":0.0,"damage_taken":0.0,"relics_obtained":["FossilizedHelix"]},{"damage_healed":19.0,"max_hp_gain":0.0,"max_hp_loss":0.0,"gold_gain":0.0,"event_name":"Mushrooms","player_choice":"Healed and dodged fight","floor":10.0,"gold_loss":0.0,"damage_taken":0.0,"cards_obtained":["Parasite"]},{"damage_healed":0.0,"max_hp_gain":0.0,"max_hp_loss":0.0,"gold_gain":0.0,"event_name":"Shining Light","player_choice":"Ignored","floor":11.0,"gold_loss":0.0,"damage_taken":0.0},{"cards_removed":["Parasite"],"damage_healed":0.0,"max_hp_gain":0.0,"max_hp_loss":0.0,"gold_gain":0.0,"event_name":"Designer","player_choice":"Upgrade and Remove","floor":19.0,"gold_loss":110.0,"damage_taken":0.0,"cards_upgraded":["Hello World"]},{"damage_healed":0.0,"max_hp_gain":0.0,"max_hp_loss":0.0,"gold_gain":0.0,"event_name":"Addict","player_choice":"Stole Relic","floor":23.0,"gold_loss":0.0,"damage_taken":0.0,"relics_obtained":["Juzu Bracelet"],"cards_obtained":["Shame"]},{"damage_healed":0.0,"max_hp_gain":0.0,"max_hp_loss":0.0,"gold_gain":0.0,"event_name":"Upgrade Shrine","player_choice":"Upgraded","floor":36.0,"gold_loss":0.0,"damage_taken":0.0,"cards_upgraded":["Amplify"]},{"cards_removed":["Defend_B"],"damage_healed":0.0,"max_hp_gain":0.0,"max_hp_loss":0.0,"gold_gain":0.0,"event_name":"Falling","player_choice":"Removed Skill","floor":39.0,"gold_loss":0.0,"damage_taken":0.0},{"damage_healed":0.0,"max_hp_gain":0.0,"max_hp_loss":0.0,"gold_gain":0.0,"event_name":"Mysterious Sphere","player_choice":"Ignored","floor":45.0,"gold_loss":0.0,"damage_taken":0.0},{"damage_healed":0.0,"max_hp_gain":0.0,"max_hp_loss":0.0,"gold_gain":0.0,"event_name":"Tomb of Lord Red Mask","player_choice":"Paid","floor":48.0,"gold_loss":2.0,"damage_taken":0.0,"relics_obtained":["Red Mask"]}],"is_beta":false,"boss_relics":[{"not_picked":["Empty Cage","Velvet Choker"],"picked":"Nuclear Battery"},{"not_picked":["Sozu","Pandora\u0027s Box"],"picked":"Lizard Tail"}],"items_purged_floors":[],"is_endless":false,"potions_floor_spawned":[1,4,7,16,31,33,35],"killed_by":"Awakened One","ascension_level":19}