{"gold_per_floor":[361,13,29,29,42,42,77,77,101,101,30,50,128,203,203,307,307,318,59,59,77,96,96],"floor_reached":23,"playtime":1338,"items_purged":["Parasite"],"score":246,"play_id":"2af49384-29c3-420a-bcda-c40022bd9d5a","local_time":"20180714173212","is_ascension_mode":true,"campfire_choices":[{"data":"Sunder","floor":6,"key":"SMITH"},{"data":"White Noise","floor":8,"key":"SMITH"},{"floor":10,"key":"REST"},{"floor":15,"key":"REST"}],"neow_cost":"CURSE","seed_source_timestamp":766000259194080,"circlet_count":0,"master_deck":["Strike_B","Strike_B","Strike_B","Strike_B","Defend_B","Defend_B","Defend_B","Defend_B","Zap","Dualcast","Sunder+1","Gash","Scrape","Streamline","White Noise+1","Self Repair","Echo Form","Capacitor","Magnetism","Self Repair","Echo Form"],"relics":["Cracked Core","Regal Pillow","Bag of Preparation","Anchor","White Beast Statue"],"potions_floor_usage":[16,16,21,22,23,23],"damage_taken":[{"damage":1,"enemies":"2 Louse","floor":1,"turns":3},{"damage":7,"enemies":"Jaw Worm","floor":3,"turns":2},{"damage":0,"enemies":"Small Slimes","floor":5,"turns":2},{"damage":8,"enemies":"3 Sentries","floor":7,"turns":5},{"damage":0,"enemies":"2 Fungi Beasts","floor":12,"turns":3},{"damage":52,"enemies":"Hexaghost","floor":16,"turns":7},{"damage":11,"enemies":"Spheric Guardian","floor":18,"turns":3},{"damage":5,"enemies":"Chosen","floor":21,"turns":4},{"damage":62,"enemies":"Snecko","floor":22,"turns":7},{"damage":46,"enemies":"Gremlin Leader","floor":23,"turns":9}],"seed_played":"5202979093790990376","potions_obtained":[{"floor":1,"key":"Energy Potion"},{"floor":3,"key":"LiquidBronze"},{"floor":16,"key":"Swift Potion"},{"floor":18,"key":"Strength Potion"},{"floor":21,"key":"Ancient Potion"},{"floor":22,"key":"Weak Potion"}],"is_trial":false,"path_per_floor":["M","$","M","?","M","R","E","R","T","R","$","M","?","?","R","B",null,"M","$","?","M","M"],"character_chosen":"DEFECT","items_purchased":["Gash","Scrape","Regal Pillow","Self Repair","Magnetism","Self Repair"],"campfire_rested":2,"item_purchase_floors":[2,2,2,11,19,19],"current_hp_per_floor":[67,67,60,65,65,65,57,57,57,77,77,77,77,66,77,32,66,69,69,69,71,30,0],"gold":96,"neow_bonus":"TWO_FIFTY_GOLD","is_prod":false,"is_daily":false,"chose_seed":false,"campfire_upgraded":2,"win_rate":0,"timestamp":1531578732,"path_taken":["M","$","M","?","M","R","E","R","T","R","$","M","?","?","R","BOSS","M","$","?","M","M","E"],"build_version":"2018-07-12","purchased_purges":1,"victory":false,"max_hp_per_floor":[75,72,72,77,77,77,77,77,77,77,77,77,77,77,77,77,77,77,77,77,77,77,77],"card_choices":[{"not_picked":["Darkness","Barrage"],"picked":"Sunder","floor":1},{"not_picked":["Reprogram","Coolheaded"],"picked":"Streamline","floor":3},{"not_picked":["Defragment","Turbo","Consume"],"picked":"SKIP","floor":5},{"not_picked":["Storm","Rip and Tear"],"picked":"White Noise","floor":7},{"not_picked":["Recycle","Static Discharge","Compile Driver"],"picked":"SKIP","floor":12},{"not_picked":["Amplify","Machine Learning"],"picked":"Echo Form","floor":16},{"not_picked":["Stack","Streamline"],"picked":"Capacitor","floor":18},{"not_picked":["Barrage","Gash+1","Compile Driver"],"picked":"SKIP","floor":21},{"not_picked":["Rebound","Sweeping Beam+1"],"picked":"Echo Form","floor":22}],"player_experience":565521,"relics_obtained":[{"floor":7,"key":"Bag of Preparation"},{"floor":9,"key":"Anchor"}],"event_choices":[{"event_name":"Big Fish","player_choice":"Donut","floor":4,"damage_taken":0},{"event_name":"Golden Wing","player_choice":"Gained Gold","floor":13,"damage_taken":0},{"event_name":"World of Goop","player_choice":"Gather Gold","floor":14,"damage_taken":0},{"event_name":"Ghosts","player_choice":"Ignored","floor":20,"damage_taken":0}],"boss_relics":[{"not_picked":["Empty Cage","Runic Pyramid"],"picked":"White Beast Statue"}],"items_purged_floors":[2],"is_endless":false,"potions_floor_spawned":[1,3,16,18,21,22],"killed_by":"Gremlin Leader","ascension_level":6}