{"gold_per_floor":[109,109,109,122,122,154,173,173,196,213,243,243,275,289,289,367,367,385,404,329,347,97,97,97],"floor_reached":24,"playtime":610,"items_purged":["Strike_B"],"score":482,"play_id":"a3d61a74-ec21-4c94-b7a5-15585b25fe95","local_time":"20190210145516","is_ascension_mode":true,"campfire_choices":[{"data":"Zap","floor":8,"key":"SMITH"},{"data":"Loop","floor":12,"key":"SMITH"},{"data":"Rip and Tear","floor":15,"key":"SMITH"},{"floor":23,"key":"REST"}],"neow_cost":"NONE","seed_source_timestamp":420083113776600,"circlet_count":0,"master_deck":["AscendersBane","Strike_B","Strike_B","Defend_B","Defend_B","Defend_B","Zap+1","Dualcast","Rip and Tear+1","Leap","Cold Snap","Loop+1","FTL+1","Sweeping Beam+1","Seek","Heatsinks+1","Barrage+1","Consume","Chill","Self Repair"],"relics":["Cracked Core","NeowsBlessing","Potion Belt","Strawberry","Anchor","Mummified Hand","Molten Egg 2","Cursed Key"],"potions_floor_usage":[11,16,16,21,24,24],"damage_taken":[{"damage":0,"enemies":"Jaw Worm","floor":1,"turns":1},{"damage":0,"enemies":"Small Slimes","floor":4,"turns":1},{"damage":0,"enemies":"3 Sentries","floor":6,"turns":1},{"damage":0,"enemies":"2 Louse","floor":7,"turns":2},{"damage":1,"enemies":"Looter","floor":10,"turns":2},{"damage":8,"enemies":"Gremlin Nob","floor":11,"turns":3},{"damage":21,"enemies":"3 Sentries","floor":13,"turns":6},{"damage":11,"enemies":"2 Fungi Beasts","floor":14,"turns":3},{"damage":5,"enemies":"Slime Boss","floor":16,"turns":5},{"damage":20,"enemies":"Spheric Guardian","floor":18,"turns":4},{"damage":20,"enemies":"2 Thieves","floor":19,"turns":3},{"damage":12,"enemies":"3 Cultists","floor":21,"turns":4},{"damage":50,"enemies":"Book of Stabbing","floor":24,"turns":5}],"seed_played":"4439553256067889141","potions_obtained":[{"floor":1,"key":"Poison Potion"},{"floor":7,"key":"Dexterity Potion"},{"floor":13,"key":"Poison Potion"},{"floor":14,"key":"Fire Potion"},{"floor":19,"key":"Regen Potion"}],"is_trial":false,"path_per_floor":["M","?","?","M","$","E","M","R","T","M","E","R","E","M","R","B",null,"M","M","?","M","$","R","E"],"character_chosen":"DEFECT","items_purchased":["Chill","Self Repair","Explosive Potion"],"campfire_rested":1,"item_purchase_floors":[22,22,22],"current_hp_per_floor":[64,64,59,59,59,66,66,66,66,65,57,57,36,25,25,20,64,44,24,24,21,21,44,0],"gold":97,"neow_bonus":"THREE_ENEMY_KILL","is_prod":false,"is_daily":false,"chose_seed":false,"campfire_upgraded":3,"win_rate":0,"timestamp":1549778116,"path_taken":["M","?","?","M","?","E","M","R","T","M","E","R","E","M","R","BOSS","M","M","?","M","$","R","E"],"build_version":"2019-01-23","purchased_purges":1,"victory":false,"max_hp_per_floor":[71,71,71,71,71,78,78,78,78,78,78,78,78,78,78,78,78,78,78,78,78,78,78,78],"card_choices":[{"not_picked":["Auto Shields","Compile Driver","Skim"],"picked":"SKIP","floor":1},{"not_picked":["Conserve Battery","Lockon"],"picked":"Leap","floor":4},{"not_picked":["Steam","Beam Cell","Hologram"],"picked":"SKIP","floor":6},{"not_picked":["Chaos","BootSequence"],"picked":"Cold Snap","floor":7},{"not_picked":["Coolheaded","Double Energy"],"picked":"Loop","floor":10},{"not_picked":["Redo","Thunder Strike","Rebound"],"picked":"SKIP","floor":11},{"not_picked":["Stack","Redo"],"picked":"FTL","floor":13},{"not_picked":["Barrage+1","Hologram"],"picked":"Sweeping Beam+1","floor":14},{"not_picked":["Reboot","Machine Learning"],"picked":"Seek","floor":16},{"not_picked":["Sweeping Beam+1","Stack"],"picked":"Heatsinks+1","floor":18},{"not_picked":["Steam","Conserve Battery"],"picked":"Barrage+1","floor":19},{"not_picked":["Beam Cell+1","Gash+1"],"picked":"Consume","floor":21}],"player_experience":1493226,"relics_obtained":[{"floor":6,"key":"Strawberry"},{"floor":9,"key":"Anchor"},{"floor":11,"key":"Mummified Hand"},{"floor":13,"key":"Molten Egg 2"}],"event_choices":[{"damage_healed":0,"gold_gain":0,"cards_transformed":["Defend_B"],"player_choice":"Change","damage_taken":0,"max_hp_gain":0,"max_hp_loss":0,"event_name":"Living Wall","floor":2,"gold_loss":0,"cards_obtained":["Rip and Tear"]},{"damage_healed":0,"gold_gain":0,"player_choice":"Success","damage_taken":5,"relics_obtained":["Potion Belt"],"max_hp_gain":0,"max_hp_loss":0,"event_name":"Scrap Ooze","floor":3,"gold_loss":0},{"cards_removed":["Strike_B"],"damage_healed":0,"gold_gain":0,"player_choice":"Gave Gold","damage_taken":0,"max_hp_gain":0,"max_hp_loss":0,"event_name":"Beggar","floor":20,"gold_loss":75}],"is_beta":false,"boss_relics":[{"not_picked":["Nuclear Battery","Lizard Tail"],"picked":"Cursed Key"}],"items_purged_floors":[22],"is_endless":false,"potions_floor_spawned":[1,7,13,14,19],"killed_by":"Book of Stabbing","ascension_level":20}