{"path_per_floor":["M","M","M","?","M","R","M","R","T","M","E","M","M","M","R","B",null,"M","M","M","$","?","R","E","M","T","M","$","M","M","M","R","B",null,"M","?","M","M","?","R","$","E","T","R","M","R","M","M","R","B"],"character_chosen":"IRONCLAD","items_purchased":["Ice Cream","Energy Potion"],"gold_per_floor":[116,133,145,145,155,155,166,166,166,185,218,234,253,272,272,375,375,395,409,422,45,45,45,77,97,97,107,7,23,33,49,49,152,152,168,168,186,204,204,204,30,58,83,83,97,97,116,133,133,133],"floor_reached":51,"campfire_rested":1,"playtime":8091,"current_hp_per_floor":[60,52,58,58,37,37,32,32,32,38,26,31,37,43,43,18,94,93,94,94,94,94,94,81,83,83,89,89,94,94,94,94,40,94,84,84,75,61,61,61,61,43,43,43,49,49,48,49,77,41],"items_purged":["Strike_R","Strike_R","Juggernaut"],"gold":133,"play_id":"ad54f047-8894-4d58-80fc-2e690ab328f1","is_prod":false,"is_daily":false,"is_ascension_mode":false,"campfire_upgraded":8,"path_taken":["M","M","M","?","M","R","M","R","T","M","E","M","M","M","R","BOSS","M","M","M","$","?","R","E","M","T","M","?","M","M","M","R","BOSS","M","?","M","?","?","R","?","E","T","R","M","R","M","M","R","BOSS"],"build_version":"2018-02-01-PROD3","purchased_purges":3,"victory":true,"master_deck":["Defend_R+1","Defend_R+1","Defend_R+1","Defend_R+1","Heavy Blade+1","Flex+1","Battle Trance","Armaments+1","Shrug It Off","Uppercut+1","Headbutt","Shrug It Off","Barricade","Heavy Blade+1","Pummel","Thunderclap","Seeing Red+1","Warcry+1","Spot Weakness+1","Pummel","Headbutt","Uppercut+1","Limit Break+1","Warcry+1","Iron Wave+1","Battle Trance+1","Metallicize+1","Inflame+1"],"max_hp_per_floor":[94,94,94,94,94,94,94,94,94,94,94,94,94,94,94,94,94,94,94,94,94,94,94,94,94,94,94,94,94,94,94,94,94,94,94,94,94,94,94,94,94,94,94,94,94,94,94,94,94,94],"relics":["Burning Blood","Mango","Thread and Needle","Omamori","Cursed Key","Ice Cream","Toxic Egg 2","Astrolabe","Torii","Anchor"],"card_choices":[{"not_picked":["Rage","Fire Breathing"],"picked":"Heavy Blade"},{"not_picked":["Havoc","Pommel Strike"],"picked":"Flex"},{"not_picked":["Pummel","Cleave"],"picked":"Battle Trance"},{"not_picked":["Body Slam","Havoc"],"picked":"Armaments"},{"not_picked":["Anger","Flex"],"picked":"Shrug It Off"},{"not_picked":["Bloodletting","Perfected Strike"],"picked":"Uppercut"},{"not_picked":["Sword Boomerang","True Grit"],"picked":"Headbutt"},{"not_picked":["Pommel Strike","True Grit"],"picked":"Shrug It Off"},{"not_picked":["Reaper","Bludgeon"],"picked":"Barricade"},{"not_picked":["True Grit","Headbutt"],"picked":"Heavy Blade"},{"not_picked":["Iron Wave","Body Slam"],"picked":"Pummel"},{"not_picked":["Clothesline","Dual Wield"],"picked":"Thunderclap"},{"not_picked":["Rampage","Feel No Pain"],"picked":"Seeing Red"},{"not_picked":["Sentinel","Heavy Blade"],"picked":"Warcry"},{"not_picked":["Double Tap","Flex"],"picked":"Spot Weakness"},{"not_picked":["Feel No Pain","Anger"],"picked":"Pummel"},{"not_picked":["Pummel","Heavy Blade"],"picked":"Headbutt"},{"not_picked":["Clash","Power Through"],"picked":"Uppercut"},{"not_picked":["Reaper","Immolate"],"picked":"Limit Break"},{"not_picked":["Wild Strike","Armaments"],"picked":"Battle Trance"},{"not_picked":["Havoc","Pummel"],"picked":"Metallicize"},{"not_picked":["Flex","Pummel"],"picked":"Inflame"}],"player_experience":110291,"potions_floor_usage":[5,7,16,18,27,29,30,33,37,47,48],"damage_taken":[{"damage":0,"enemies":"Small Slimes","floor":1,"turns":3},{"damage":14,"enemies":"Jaw Worm","floor":2,"turns":5},{"damage":0,"enemies":"Cultist","floor":3,"turns":2},{"damage":27,"enemies":"Exordium Thugs","floor":5,"turns":7},{"damage":11,"enemies":"3 Louse","floor":7,"turns":3},{"damage":0,"enemies":"2 Fungi Beasts","floor":10,"turns":5},{"damage":18,"enemies":"Lagavulin","floor":11,"turns":10},{"damage":1,"enemies":"Exordium Thugs","floor":12,"turns":4},{"damage":0,"enemies":"Large Slime","floor":13,"turns":5},{"damage":0,"enemies":"Red Slaver","floor":14,"turns":2},{"damage":31,"enemies":"Slime Boss","floor":16,"turns":14},{"damage":7,"enemies":"2 Thieves","floor":18,"turns":4},{"damage":0,"enemies":"3 Byrds","floor":19,"turns":6},{"damage":0,"enemies":"Snecko","floor":20,"turns":4},{"damage":19,"enemies":"Book of Stabbing","floor":24,"turns":7},{"damage":4,"enemies":"Chosen and Byrds","floor":25,"turns":8},{"damage":0,"enemies":"Centurion and Healer","floor":27,"turns":8},{"damage":0,"enemies":"Snake Plant","floor":29,"turns":2},{"damage":0,"enemies":"3 Cultists","floor":30,"turns":5},{"damage":5,"enemies":"Cultist and Chosen","floor":31,"turns":6},{"damage":60,"enemies":"Collector","floor":33,"turns":9},{"damage":16,"enemies":"3 Shapes","floor":35,"turns":4},{"damage":15,"enemies":"3 Darklings","floor":37,"turns":6},{"damage":20,"enemies":"Sphere and 2 Shapes","floor":38,"turns":7},{"damage":24,"enemies":"Nemesis","floor":42,"turns":7},{"damage":0,"enemies":"Maw","floor":45,"turns":8},{"damage":7,"enemies":"3 Darklings","floor":47,"turns":7},{"damage":5,"enemies":"4 Shapes","floor":48,"turns":7},{"damage":42,"enemies":"Time Eater","floor":50,"turns":7}],"event_choices":[{"event_name":"Liars Game","player_choice":"disagreed","floor":4,"damage_taken":0},{"event_name":"Back to Basics","player_choice":"Simplicity","floor":22,"damage_taken":0},{"event_name":"Purifier","player_choice":"One Purge","floor":36,"damage_taken":0},{"event_name":"Tomb of Lord Red Mask","player_choice":"Ignored","floor":39,"damage_taken":0}],"boss_relics":[{"not_picked":["Lizard Tail","Runic Dome"],"picked":"Cursed Key"},{"not_picked":["Calling Bell","Runic Pyramid"],"picked":"Astrolabe"}],"potions_floor_spawned":[1,5,13,16,20,24,25,29,35,42],"seed_played":"-7888599236627827278","ascension_level":0,"is_trial":false}