{"gold_per_floor":[113,188,338,338,356,44,74,74,159,159,172,203,213,243,243,243],"floor_reached":16,"playtime":582,"items_purged":[],"score":259,"play_id":"72047b19-19b9-4416-92f4-cd9176601540","local_time":"20190421124001","is_ascension_mode":true,"campfire_choices":[{"data":"White Noise","floor":8,"key":"SMITH"},{"data":"Zap","floor":10,"key":"SMITH"},{"floor":15,"key":"REST"}],"neow_cost":"NONE","seed_source_timestamp":846453096229876,"circlet_count":0,"master_deck":["AscendersBane","Strike_B","Strike_B","Strike_B","Strike_B","Defend_B","Defend_B","Defend_B","Defend_B","Zap+1","Dualcast","Cold Snap","Doubt","White Noise+1","Self Repair","Machine Learning","Leap","Redo","Streamline"],"relics":["Cracked Core","NeowsBlessing","Symbiotic Virus","Blue Candle","Tiny Chest","PreservedInsect"],"potions_floor_usage":[16],"damage_taken":[{"damage":0,"enemies":"Small Slimes","floor":1,"turns":1},{"damage":0,"enemies":"2 Louse","floor":5,"turns":1},{"damage":0,"enemies":"Gremlin Nob","floor":7,"turns":1},{"damage":0,"enemies":"Cultist","floor":11,"turns":3},{"damage":36,"enemies":"3 Sentries","floor":12,"turns":8},{"damage":16,"enemies":"Large Slime","floor":13,"turns":4},{"damage":55,"enemies":"Hexaghost","floor":16,"turns":9}],"seed_played":"-4492927704378118767","potions_obtained":[{"floor":7,"key":"FearPotion"},{"floor":12,"key":"Swift Potion"},{"floor":13,"key":"AttackPotion"}],"is_trial":false,"path_per_floor":["M","?","?","?","M","$","E","R","T","R","M","E","M","?","R","B"],"character_chosen":"DEFECT","items_purchased":["Symbiotic Virus","Self Repair"],"campfire_rested":1,"item_purchase_floors":[6,6],"current_hp_per_floor":[64,53,53,53,53,53,60,60,60,60,67,38,29,29,50,0],"gold":243,"neow_bonus":"THREE_ENEMY_KILL","is_prod":false,"is_daily":false,"chose_seed":false,"campfire_upgraded":2,"win_rate":0,"timestamp":1555839601,"path_taken":["M","?","?","?","M","$","E","R","T","R","M","E","M","?","R","BOSS"],"build_version":"2019-01-23","purchased_purges":0,"victory":false,"max_hp_per_floor":[71,71,71,71,71,71,71,71,71,71,71,71,71,71,71,71],"card_choices":[{"not_picked":["Redo","Rip and Tear"],"picked":"Cold Snap","floor":1},{"not_picked":["Ball Lightning","Steam"],"picked":"White Noise","floor":5},{"not_picked":["Compile Driver","Leap"],"picked":"Machine Learning","floor":7},{"not_picked":["Steam Power","Hologram"],"picked":"Leap","floor":11},{"not_picked":["Machine Learning","FTL"],"picked":"Redo","floor":12},{"not_picked":["Redo","Hologram"],"picked":"Streamline","floor":13}],"player_experience":1224936,"relics_obtained":[{"floor":7,"key":"Blue Candle"},{"floor":9,"key":"Tiny Chest"},{"floor":12,"key":"PreservedInsect"}],"event_choices":[{"damage_healed":0,"gold_gain":75,"player_choice":"Gather Gold","damage_taken":11,"max_hp_gain":0,"max_hp_loss":0,"event_name":"World of Goop","floor":2,"gold_loss":0},{"damage_healed":0,"gold_gain":150,"player_choice":"AGREE","damage_taken":0,"max_hp_gain":0,"max_hp_loss":0,"event_name":"Liars Game","floor":3,"gold_loss":0,"cards_obtained":["Doubt"]},{"damage_healed":0,"gold_gain":0,"player_choice":"Ignored","damage_taken":0,"max_hp_gain":0,"max_hp_loss":0,"event_name":"Shining Light","floor":4,"gold_loss":0},{"damage_healed":0,"gold_gain":30,"player_choice":"Searched \u00271\u0027 times","damage_taken":0,"max_hp_gain":0,"max_hp_loss":0,"event_name":"Dead Adventurer","floor":14,"gold_loss":0}],"is_beta":false,"boss_relics":[],"items_purged_floors":[],"is_endless":false,"potions_floor_spawned":[7,12,13],"killed_by":"Hexaghost","ascension_level":19}