{"gold_per_floor":[114,57,57,67,86,113,133,133,183,193,193,204,204,231,231,308,308,318,318,187,187,200,232,232,245,245,245,276,191,191,216,216,295,295,305,305,305,322,58,58,92,92,116,216,263,263,298,308,308,308,308,308,308,183,215,215],"floor_reached":57,"playtime":3443,"items_purged":["Storm","Defend_B","Zap+1"],"score":2898,"play_id":"1d85d51b-e42b-4ea9-ac65-993738306338","local_time":"20190225172803","is_ascension_mode":true,"campfire_choices":[{"data":"Defragment","floor":8,"key":"SMITH"},{"data":"Buffer","floor":15,"key":"SMITH"},{"data":"Defragment","floor":24,"key":"SMITH"},{"data":"Beam Cell","floor":27,"key":"SMITH"},{"data":"Zap","floor":30,"key":"SMITH"},{"data":"Loop","floor":32,"key":"SMITH"},{"floor":40,"key":"REST"},{"floor":42,"key":"RECALL"},{"floor":49,"key":"REST"},{"floor":53,"key":"REST"}],"neow_cost":"NONE","seed_source_timestamp":449222677131100,"circlet_count":0,"master_deck":["AscendersBane","Defend_B","Dualcast","Beam Cell+1","Defragment+1","Glacier","Defragment+1","Core Surge","Cold Snap","Buffer+1","Conserve Battery+1","Bite","Bite","Bite","Bite","Cold Snap","Leap+1","Loop+1","Echo Form","Loop","Echo Form","Coolheaded","Defragment","Glacier","Coolheaded","Darkness+1","Coolheaded"],"relics":["Cracked Core","NeowsBlessing","Darkstone Periapt","Juzu Bracelet","Blue Candle","Pen Nib","Sozu","Dream Catcher","Letter Opener","Bottled Flame","DataDisk","Singing Bowl","Fusion Hammer","Bronze Scales","Strawberry","Emotion Chip","Du-Vu Doll","Bird Faced Urn","Happy Flower"],"potions_floor_usage":[6,7,14,56,56],"damage_taken":[{"damage":0,"enemies":"Jaw Worm","floor":1,"turns":1},{"damage":0,"enemies":"Cultist","floor":4,"turns":1},{"damage":0,"enemies":"2 Louse","floor":5,"turns":1},{"damage":11,"enemies":"Lagavulin","floor":6,"turns":6},{"damage":31,"enemies":"Gremlin Gang","floor":7,"turns":5},{"damage":0,"enemies":"Large Slime","floor":10,"turns":6},{"damage":0,"enemies":"Blue Slaver","floor":12,"turns":4},{"damage":15,"enemies":"3 Sentries","floor":14,"turns":10},{"damage":0,"enemies":"Slime Boss","floor":16,"turns":16},{"damage":0,"enemies":"Chosen","floor":18,"turns":5},{"damage":12,"enemies":"3 Byrds","floor":22,"turns":6},{"damage":45,"enemies":"Slavers","floor":23,"turns":8},{"damage":0,"enemies":"Sentry and Sphere","floor":25,"turns":14},{"damage":17,"enemies":"Book of Stabbing","floor":28,"turns":8},{"damage":26,"enemies":"Slavers","floor":31,"turns":12},{"damage":13,"enemies":"Champ","floor":33,"turns":19},{"damage":47,"enemies":"3 Darklings","floor":35,"turns":18},{"damage":17,"enemies":"Orb Walker","floor":38,"turns":3},{"damage":0,"enemies":"Giant Head","floor":41,"turns":10},{"damage":6,"enemies":"Mind Bloom Boss Battle","floor":44,"turns":7},{"damage":27,"enemies":"2 Orb Walkers","floor":45,"turns":9},{"damage":8,"enemies":"Nemesis","floor":47,"turns":11},{"damage":19,"enemies":"4 Shapes","floor":48,"turns":6},{"damage":34,"enemies":"Donu and Deca","floor":50,"turns":14},{"damage":59,"enemies":"Awakened One","floor":51,"turns":26},{"damage":46,"enemies":"Shield and Spear","floor":55,"turns":15},{"damage":38,"enemies":"The Heart","floor":56,"turns":12}],"seed_played":"-6220605437707245061","potions_obtained":[{"floor":4,"key":"FocusPotion"},{"floor":6,"key":"Poison Potion"},{"floor":10,"key":"FocusPotion"},{"floor":14,"key":"Ancient Potion"}],"is_trial":false,"path_per_floor":["M","$","?","M","M","E","M","R","T","M","T","M","?","E","R","B",null,"M","?","$","?","M","E","R","M","T","R","E","?","R","E","R","B",null,"M","?","?","M","$","R","E","R","T","?","?","?","E","M","R","B","B",null,"R","$","E","B",null],"character_chosen":"DEFECT","items_purchased":["AttackPotion","Cold Snap","Bronze Scales"],"campfire_rested":3,"item_purchase_floors":[2,20,39],"current_hp_per_floor":[64,64,64,64,64,53,22,22,22,22,22,22,22,7,7,7,55,55,49,49,49,49,18,18,49,49,49,42,42,42,30,30,49,49,51,51,51,36,36,53,60,60,60,60,51,51,59,59,59,59,59,59,59,59,59,59],"gold":215,"neow_bonus":"THREE_ENEMY_KILL","is_prod":false,"is_daily":false,"chose_seed":false,"campfire_upgraded":6,"win_rate":0,"timestamp":1551083283,"path_taken":["M","$","?","M","?","E","M","R","T","M","?","M","?","E","R","BOSS","M","?","$","?","M","E","R","M","T","R","E","?","R","E","R","BOSS","M","?","?","M","$","R","E","R","T","?","?","?","E","M","R","BOSS","BOSS","R","$","E","BOSS"],"build_version":"2019-01-23","purchased_purges":3,"victory":true,"max_hp_per_floor":[71,71,71,71,71,71,71,71,71,71,71,71,71,71,71,71,71,71,49,49,49,49,49,49,49,49,49,49,49,49,49,49,49,49,51,51,51,51,51,53,60,60,60,60,62,59,59,59,59,59,59,59,59,59,59,59],"card_choices":[{"not_picked":["Go for the Eyes","Double Energy"],"picked":"Beam Cell","floor":1},{"not_picked":["Conserve Battery","Genetic Algorithm"],"picked":"Defragment","floor":4},{"not_picked":["Coolheaded","Steam"],"picked":"Glacier","floor":5},{"not_picked":["Cold Snap","Rip and Tear"],"picked":"Defragment","floor":6},{"not_picked":["Undo","FTL"],"picked":"Core Surge","floor":7},{"not_picked":["Stack","Beam Cell"],"picked":"Cold Snap","floor":10},{"not_picked":["Hello World","Force Field","Beam Cell"],"picked":"SKIP","floor":12},{"not_picked":["Genetic Algorithm","Turbo"],"picked":"Buffer","floor":14},{"not_picked":["Thunder Strike","Meteor Strike"],"picked":"Core Surge","floor":16},{"not_picked":["Skim","Redo"],"picked":"Conserve Battery+1","floor":18},{"not_picked":["Gash","Conserve Battery","Steam Power"],"picked":"SKIP","floor":22},{"not_picked":["Stack","Steam+1"],"picked":"Leap+1","floor":23},{"not_picked":["Turbo","Ball Lightning","Cold Snap"],"picked":"SKIP","floor":25},{"not_picked":["Doom and Gloom","Tempest","Meteor Strike"],"picked":"SKIP","floor":28},{"not_picked":["Recycle","Lockon"],"picked":"Loop","floor":31},{"not_picked":["Amplify","Core Surge"],"picked":"Echo Form","floor":33},{"not_picked":["Darkness","Leap+1","Rip and Tear"],"picked":"Singing Bowl","floor":35},{"not_picked":["Hologram","Glacier+1"],"picked":"Loop","floor":38},{"not_picked":["Stack","Streamline","Go for the Eyes+1"],"picked":"Singing Bowl","floor":40},{"not_picked":["Darkness","Buffer"],"picked":"Echo Form","floor":41},{"not_picked":["Hologram+1","Conserve Battery+1"],"picked":"Coolheaded","floor":44},{"not_picked":["Turbo+1","Stack+1","Barrage+1"],"picked":"Singing Bowl","floor":45},{"not_picked":["Rip and Tear","Fission"],"picked":"Defragment","floor":47},{"not_picked":["Streamline","Ball Lightning"],"picked":"Glacier","floor":48},{"not_picked":["Sweeping Beam","Turbo"],"picked":"Coolheaded","floor":49},{"not_picked":["Stack","Compile Driver"],"picked":"Darkness+1","floor":53},{"not_picked":["All For One","Sweeping Beam"],"picked":"Coolheaded","floor":55}],"player_experience":1821600,"relics_obtained":[{"floor":6,"key":"Darkstone Periapt"},{"floor":9,"key":"Juzu Bracelet"},{"floor":11,"key":"Blue Candle"},{"floor":14,"key":"Pen Nib"},{"floor":23,"key":"Dream Catcher"},{"floor":26,"key":"Letter Opener"},{"floor":28,"key":"Bottled Flame"},{"floor":31,"key":"Singing Bowl"},{"floor":41,"key":"Strawberry"},{"floor":44,"key":"Emotion Chip"},{"floor":45,"key":"Du-Vu Doll"},{"floor":47,"key":"Bird Faced Urn"},{"floor":55,"key":"Happy Flower"}],"event_choices":[{"cards_removed":["Defend_B"],"damage_healed":0,"gold_gain":0,"player_choice":"Purged","damage_taken":0,"max_hp_gain":0,"max_hp_loss":0,"event_name":"Purifier","floor":3,"gold_loss":0},{"damage_healed":0,"gold_gain":0,"cards_transformed":["Defend_B"],"player_choice":"Transformed","damage_taken":0,"max_hp_gain":0,"max_hp_loss":0,"event_name":"Transmorgrifier","floor":13,"gold_loss":0,"cards_obtained":["Storm"]},{"damage_healed":0,"gold_gain":0,"player_choice":"Became a vampire","damage_taken":0,"max_hp_gain":0,"max_hp_loss":22,"event_name":"Vampires","floor":19,"gold_loss":0,"cards_obtained":["Bite","Bite","Bite","Bite","Bite"]},{"cards_removed":["Bite"],"damage_healed":0,"gold_gain":0,"player_choice":"Elegance","damage_taken":0,"max_hp_gain":0,"max_hp_loss":0,"event_name":"Back to Basics","floor":21,"gold_loss":0},{"damage_healed":0,"gold_gain":0,"player_choice":"Obtained Relic","damage_taken":0,"relics_obtained":["DataDisk"],"max_hp_gain":0,"max_hp_loss":0,"event_name":"Addict","floor":29,"gold_loss":85},{"damage_healed":0,"gold_gain":0,"player_choice":"Ignored","damage_taken":0,"max_hp_gain":0,"max_hp_loss":0,"event_name":"Tomb of Lord Red Mask","floor":36,"gold_loss":0},{"cards_removed":["Core Surge"],"damage_healed":0,"gold_gain":0,"player_choice":"Removed Attack","damage_taken":0,"max_hp_gain":0,"max_hp_loss":0,"event_name":"Falling","floor":37,"gold_loss":0},{"damage_healed":0,"gold_gain":0,"player_choice":"Fight","damage_taken":0,"max_hp_gain":0,"max_hp_loss":0,"event_name":"MindBloom","floor":44,"gold_loss":0},{"damage_healed":0,"gold_gain":0,"player_choice":"Fight","damage_taken":0,"max_hp_gain":0,"max_hp_loss":0,"event_name":"Mysterious Sphere","floor":45,"gold_loss":0},{"damage_healed":0,"gold_gain":0,"player_choice":"Max HP","damage_taken":0,"max_hp_gain":0,"max_hp_loss":3,"event_name":"Winding Halls","floor":46,"gold_loss":0}],"is_beta":false,"boss_relics":[{"not_picked":["Cursed Key","Orrery"],"picked":"Sozu"},{"not_picked":["Runic Pyramid","Busted Crown"],"picked":"Fusion Hammer"}],"items_purged_floors":[20,39,54],"is_endless":false,"potions_floor_spawned":[4,5,6,10,14,28,31,35,38,45,48,55],"ascension_level":20}