{"gold_per_floor":[112,68,87,102,119,119,149,149,174,174,249,265,295,295,295,373,373,392,0,15,15,29,29,46,46],"floor_reached":25,"playtime":718,"items_purged":[],"score":526,"play_id":"8d75e310-4e0e-4383-8f7d-e96ea5e5b24f","local_time":"20190319215545","is_ascension_mode":true,"campfire_choices":[{"data":"Chaos","floor":6,"key":"SMITH"},{"data":"Barrage","floor":8,"key":"SMITH"},{"floor":10,"key":"REST"},{"floor":15,"key":"REST"},{"floor":23,"key":"REST"}],"neow_cost":"NONE","seed_source_timestamp":11580698342800,"circlet_count":0,"master_deck":["AscendersBane","Strike_B","Strike_B","Strike_B","Strike_B","Defend_B","Defend_B","Defend_B","Defend_B","Zap","Dualcast","Cold Snap","Chaos+1","Coolheaded","White Noise","Barrage+1","Rip and Tear","Electrodynamics","Cold Snap"],"relics":["Cracked Core","Bag of Preparation","Bronze Scales","PreservedInsect","DataDisk","Inserter","Happy Flower","Centennial Puzzle"],"potions_floor_usage":[13,13,16,20,24,25],"damage_taken":[{"damage":3,"enemies":"2 Louse","floor":1,"turns":3},{"damage":7,"enemies":"Small Slimes","floor":3,"turns":3},{"damage":5,"enemies":"Jaw Worm","floor":4,"turns":4},{"damage":11,"enemies":"2 Fungi Beasts","floor":5,"turns":5},{"damage":18,"enemies":"3 Sentries","floor":7,"turns":8},{"damage":11,"enemies":"Large Slime","floor":12,"turns":5},{"damage":5,"enemies":"Lagavulin","floor":13,"turns":4},{"damage":0,"enemies":"Slime Boss","floor":16,"turns":4},{"damage":22,"enemies":"Shell Parasite","floor":18,"turns":6},{"damage":27,"enemies":"2 Thieves","floor":20,"turns":3},{"damage":9,"enemies":"Sentry and Sphere","floor":22,"turns":5},{"damage":8,"enemies":"Snake Plant","floor":24,"turns":4},{"damage":19,"enemies":"Book of Stabbing","floor":25,"turns":3}],"seed_played":"132307881448512101","potions_obtained":[{"floor":3,"key":"Dexterity Potion"},{"floor":4,"key":"SteroidPotion"},{"floor":7,"key":"Weak Potion"},{"floor":13,"key":"AttackPotion"},{"floor":18,"key":"Poison Potion"},{"floor":20,"key":"AttackPotion"},{"floor":22,"key":"SpeedPotion"}],"is_trial":false,"path_per_floor":["M","$","M","M","M","R","E","R","T","R","?","M","E","?","R","B",null,"M","$","M","?","M","R","M","E"],"character_chosen":"DEFECT","items_purchased":["Chaos","Happy Flower","Centennial Puzzle","Cold Snap"],"campfire_rested":3,"item_purchase_floors":[2,19,19,19],"current_hp_per_floor":[61,61,54,49,38,38,20,20,20,41,30,19,14,14,35,35,62,40,40,13,13,4,25,17,0],"gold":46,"neow_bonus":"RANDOM_COMMON_RELIC","is_prod":false,"is_daily":false,"chose_seed":false,"campfire_upgraded":2,"win_rate":0,"timestamp":1553000145,"path_taken":["M","$","M","M","M","R","E","R","T","R","?","M","E","?","R","BOSS","M","$","M","?","M","R","M","E"],"build_version":"2019-01-23","purchased_purges":0,"victory":false,"max_hp_per_floor":[71,71,71,71,71,71,71,71,71,71,71,71,71,71,71,71,71,71,71,71,71,71,71,71,71],"card_choices":[{"not_picked":["Steam","Darkness"],"picked":"Cold Snap","floor":1},{"not_picked":["Hologram","Rebound"],"picked":"Coolheaded","floor":3},{"not_picked":["Genetic Algorithm","Cold Snap"],"picked":"White Noise","floor":4},{"not_picked":["Leap","Go for the Eyes","Storm"],"picked":"SKIP","floor":5},{"not_picked":["Sweeping Beam","Reinforced Body"],"picked":"Barrage","floor":7},{"not_picked":["Redo","Leap"],"picked":"Rip and Tear","floor":12},{"not_picked":["Go for the Eyes","Amplify","Streamline"],"picked":"SKIP","floor":13},{"not_picked":["Echo Form","Thunder Strike"],"picked":"Electrodynamics","floor":16},{"not_picked":["Rebound","Conserve Battery","Storm"],"picked":"SKIP","floor":18},{"not_picked":["Steam Power","Beam Cell","Stack"],"picked":"SKIP","floor":20},{"not_picked":["Barrage","Melter","Streamline"],"picked":"SKIP","floor":22},{"not_picked":["Leap","Recycle","Chaos"],"picked":"SKIP","floor":24}],"player_experience":2386987,"relics_obtained":[{"floor":7,"key":"Bronze Scales"},{"floor":9,"key":"PreservedInsect"},{"floor":13,"key":"DataDisk"}],"event_choices":[{"damage_healed":0,"gold_gain":75,"player_choice":"Gather Gold","damage_taken":11,"max_hp_gain":0,"max_hp_loss":0,"event_name":"World of Goop","floor":11,"gold_loss":0},{"damage_healed":0,"gold_gain":0,"player_choice":"Ignored","damage_taken":0,"max_hp_gain":0,"max_hp_loss":0,"event_name":"Liars Game","floor":14,"gold_loss":0},{"damage_healed":0,"gold_gain":0,"player_choice":"Ignored","damage_taken":0,"max_hp_gain":0,"max_hp_loss":0,"event_name":"Beggar","floor":21,"gold_loss":0}],"is_beta":false,"boss_relics":[{"not_picked":["Tiny House","Coffee Dripper"],"picked":"Inserter"}],"items_purged_floors":[],"is_endless":false,"potions_floor_spawned":[3,4,7,12,13,18,20,22],"killed_by":"Book of Stabbing","ascension_level":20}