{"gold_per_floor":[110,126,126,51,51,80,80,94,146,146],"floor_reached":10,"playtime":155,"items_purged":["Strike_R"],"score":182,"play_id":"66f84aa5-251e-4f82-97d8-967b79d61b63","local_time":"20190319193900","is_ascension_mode":true,"campfire_choices":[{"data":"Bash","floor":7,"key":"SMITH"}],"neow_cost":"NONE","seed_source_timestamp":3938833218700,"circlet_count":0,"master_deck":["AscendersBane","Strike_R","Strike_R","Strike_R","Defend_R","Defend_R","Defend_R","Defend_R","Bash+1","True Grit","Impervious"],"relics":["Burning Blood","NeowsBlessing","Ancient Tea Set","Juzu Bracelet"],"potions_floor_usage":[],"damage_taken":[{"damage":0,"enemies":"2 Louse","floor":1,"turns":1},{"damage":0,"enemies":"Small Slimes","floor":2,"turns":1},{"damage":0,"enemies":"Lagavulin","floor":6,"turns":1},{"damage":9,"enemies":"Jaw Worm","floor":8,"turns":5},{"damage":50,"enemies":"3 Sentries","floor":10,"turns":8}],"seed_played":"1406291030589211708","potions_obtained":[{"floor":1,"key":"Weak Potion"},{"floor":6,"key":"SpeedPotion"}],"is_trial":false,"path_per_floor":["M","M","?","$","?","E","R","M","T","E"],"character_chosen":"IRONCLAD","items_purchased":[],"campfire_rested":0,"item_purchase_floors":[],"current_hp_per_floor":[74,75,75,75,68,74,74,71,71,21],"gold":146,"neow_bonus":"THREE_ENEMY_KILL","is_prod":false,"is_daily":false,"chose_seed":false,"campfire_upgraded":1,"win_rate":0,"timestamp":1552991940,"path_taken":["M","M","?","$","?","E","R","M","T","E"],"build_version":"2019-01-23","purchased_purges":1,"victory":false,"max_hp_per_floor":[75,75,75,75,75,75,75,75,75,75],"card_choices":[{"not_picked":["Pummel","Warcry"],"picked":"True Grit","floor":1},{"not_picked":["Armaments","Headbutt","Havoc"],"picked":"SKIP","floor":2},{"not_picked":["Cleave","Sword Boomerang","Heavy Blade"],"picked":"SKIP","floor":6},{"not_picked":["Rupture","Infernal Blade"],"picked":"Impervious","floor":8}],"player_experience":2379988,"relics_obtained":[{"floor":6,"key":"Ancient Tea Set"},{"floor":9,"key":"Juzu Bracelet"}],"event_choices":[{"damage_healed":0,"gold_gain":0,"player_choice":"Leave","damage_taken":0,"max_hp_gain":0,"max_hp_loss":0,"event_name":"The Cleric","floor":3,"gold_loss":0},{"cards_removed":["Strike_R"],"damage_healed":0,"gold_gain":0,"player_choice":"Card Removal","damage_taken":7,"max_hp_gain":0,"max_hp_loss":0,"event_name":"Golden Wing","floor":5,"gold_loss":0}],"is_beta":false,"boss_relics":[],"items_purged_floors":[4],"is_endless":false,"potions_floor_spawned":[1,6],"killed_by":"3 Sentries","ascension_level":20}