{"gold_per_floor":[119,119,119,139,64,95,95,128,205,205,219,238,249,260,260,333,333,353,353,33,32,32,32,65,65],"floor_reached":25,"playtime":721,"items_purged":[],"score":612,"play_id":"0ad6baab-099e-45b7-a8c2-37ea727574bd","local_time":"20190228195802","is_ascension_mode":true,"campfire_choices":[{"data":"Creative AI","floor":7,"key":"SMITH"},{"data":"Zap","floor":10,"key":"SMITH"},{"floor":15,"key":"REST"},{"floor":23,"key":"REST"}],"neow_cost":"NONE","seed_source_timestamp":213494355129900,"circlet_count":0,"master_deck":["AscendersBane","Strike_B","Strike_B","Strike_B","Defend_B","Defend_B","Defend_B","Zap+1","Dualcast","Gash","Creative AI+1","White Noise","Cold Snap","Coolheaded","Self Repair","Blizzard","Electrodynamics","Loop","Undo","Biased Cognition","Melter"],"relics":["Cracked Core","NeowsBlessing","Anchor","Question Card","Kunai","Cursed Key","FossilizedHelix","Dream Catcher"],"potions_floor_usage":[16,18,24],"damage_taken":[{"damage":0,"enemies":"Small Slimes","floor":1,"turns":1},{"damage":0,"enemies":"2 Louse","floor":4,"turns":1},{"damage":0,"enemies":"Gremlin Nob","floor":6,"turns":1},{"damage":39,"enemies":"3 Sentries","floor":8,"turns":7},{"damage":0,"enemies":"Jaw Worm","floor":11,"turns":4},{"damage":14,"enemies":"Large Slime","floor":12,"turns":5},{"damage":5,"enemies":"3 Louse","floor":13,"turns":2},{"damage":3,"enemies":"Looter","floor":14,"turns":3},{"damage":0,"enemies":"Slime Boss","floor":16,"turns":10},{"damage":27,"enemies":"Chosen","floor":18,"turns":6},{"damage":15,"enemies":"2 Thieves","floor":21,"turns":4},{"damage":24,"enemies":"Slavers","floor":24,"turns":3},{"damage":21,"enemies":"Cultist and Chosen","floor":25,"turns":4}],"seed_played":"6012848426235984673","potions_obtained":[{"floor":6,"key":"EssenceOfSteel"},{"floor":8,"key":"SpeedPotion"},{"floor":11,"key":"Block Potion"},{"floor":14,"key":"GamblersBrew"},{"floor":21,"key":"GamblersBrew"},{"floor":24,"key":"FocusPotion"}],"is_trial":false,"path_per_floor":["M","?","?","M","?","E","R","E","T","R","M","M","M","M","R","B",null,"M","?","$","M","?","R","E","M"],"character_chosen":"DEFECT","items_purchased":["FossilizedHelix"],"campfire_rested":2,"item_purchase_floors":[20],"current_hp_per_floor":[64,64,69,69,69,69,69,30,30,30,30,23,18,22,44,51,70,50,28,28,20,20,44,27,6],"gold":65,"neow_bonus":"THREE_ENEMY_KILL","is_prod":false,"is_daily":false,"chose_seed":false,"campfire_upgraded":2,"win_rate":0,"timestamp":1551351482,"path_taken":["M","?","?","M","?","E","R","E","T","R","M","M","M","?","R","BOSS","M","?","$","M","?","R","E","M"],"build_version":"2019-01-23","purchased_purges":0,"victory":false,"max_hp_per_floor":[71,71,76,76,76,76,76,76,76,76,76,76,76,76,76,76,76,76,81,81,81,81,81,81,81],"card_choices":[{"not_picked":["Storm","Beam Cell"],"picked":"Gash","floor":1},{"not_picked":["Redo","Barrage"],"picked":"White Noise","floor":4},{"not_picked":["Creative AI","Steam Power"],"picked":"Cold Snap","floor":6},{"not_picked":["Beam Cell","Hello World"],"picked":"Coolheaded","floor":8},{"not_picked":["Sweeping Beam","Stack","Hologram"],"picked":"Self Repair","floor":11},{"not_picked":["Hologram","Go for the Eyes","Rebound","Aggregate"],"picked":"SKIP","floor":12},{"not_picked":["Chaos","Aggregate","Conserve Battery","Rip and Tear"],"picked":"SKIP","floor":13},{"not_picked":["Meteor Strike","Force Field","Redo"],"picked":"Blizzard","floor":14},{"not_picked":["Core Surge","Seek","Meteor Strike"],"picked":"Electrodynamics","floor":16},{"not_picked":["Coolheaded","Rebound","Steam"],"picked":"Loop","floor":18},{"not_picked":["Ball Lightning","Barrage","Leap"],"picked":"Undo","floor":21},{"not_picked":["Lockon","Steam+1","Hologram"],"picked":"Melter","floor":24}],"player_experience":1901345,"relics_obtained":[{"floor":6,"key":"Anchor"},{"floor":8,"key":"Question Card"},{"floor":9,"key":"Kunai"},{"floor":24,"key":"Dream Catcher"}],"event_choices":[{"damage_healed":0,"gold_gain":0,"cards_transformed":["Defend_B"],"player_choice":"Change","damage_taken":0,"max_hp_gain":0,"max_hp_loss":0,"event_name":"Living Wall","floor":2,"gold_loss":0,"cards_obtained":["Creative AI"]},{"damage_healed":0,"gold_gain":0,"player_choice":"Donut","damage_taken":0,"max_hp_gain":5,"max_hp_loss":0,"event_name":"Big Fish","floor":3,"gold_loss":0},{"cards_removed":["Strike_B"],"damage_healed":0,"gold_gain":0,"player_choice":"Card Removal","damage_taken":0,"max_hp_gain":0,"max_hp_loss":0,"event_name":"The Cleric","floor":5,"gold_loss":75},{"damage_healed":0,"gold_gain":0,"player_choice":"Shed Blood","damage_taken":27,"max_hp_gain":5,"max_hp_loss":0,"event_name":"Forgotten Altar","floor":19,"gold_loss":0},{"damage_healed":0,"gold_gain":0,"player_choice":"Read","damage_taken":0,"max_hp_gain":0,"max_hp_loss":0,"event_name":"The Library","floor":22,"gold_loss":0,"cards_obtained":["Biased Cognition"]}],"is_beta":false,"boss_relics":[{"not_picked":["Runic Pyramid","Ectoplasm"],"picked":"Cursed Key"}],"items_purged_floors":[],"is_endless":false,"potions_floor_spawned":[6,8,11,14,21,24],"killed_by":"Cultist and Chosen","ascension_level":20}