{"gold_per_floor":[113,132,132,132,132,132,159,159,210,222,384,85,95,114,114,191,191,209,209,54,69,19,19,34,60,60,60,76,88,108,15,15,92,92,112,112,112,112,128,128,0,18,18,48,59,84,84,118,118,118,118,118,118,34,65,65],"floor_reached":57,"playtime":3364,"items_purged":["Doubt","Writhe"],"score":2966,"play_id":"becb6780-a354-4009-a043-22f139b30e80","local_time":"20190301162211","is_ascension_mode":true,"campfire_choices":[{"data":"Consume","floor":6.0,"key":"SMITH"},{"data":"Self Repair","floor":8.0,"key":"SMITH"},{"data":"Defragment","floor":15.0,"key":"SMITH"},{"data":"Dualcast","floor":23.0,"key":"SMITH"},{"floor":27.0,"key":"REST"},{"floor":32.0,"key":"REST"},{"floor":40.0,"key":"REST"},{"floor":47.0,"key":"RECALL"},{"data":"Defragment","floor":49.0,"key":"SMITH"},{"data":"Capacitor","floor":53.0,"key":"SMITH"}],"neow_cost":"NONE","seed_source_timestamp":14252315081900,"circlet_count":0,"master_deck":["AscendersBane","Zap","Dualcast+1","Consume+1","Self Repair+1","Recycle+1","Chaos+1","Turbo+1","Defragment+1","Multi-Cast+1","Reinforced Body+1","Hologram+1","Gash+1","Hologram+1","Chill+1","White Noise+1","Skim+1","Gash","Double Energy+1","Chaos+1","Defragment+1","Conserve Battery+1","All For One","Capacitor+1","Echo Form","Multi-Cast+1","Fission+1","Reinforced Body+1","Aggregate+1","All For One","Consume+1","Bandage Up+1","Discovery+1","Capacitor","Hologram+1","Glacier+1","Coolheaded+1","Multi-Cast+1","Hologram+1"],"special_seed":0,"relics":["Cracked Core","NeowsBlessing","Ice Cream","Toxic Egg 2","MawBank","Bag of Preparation","Inserter","Prayer Wheel","Vajra","Mummified Hand","Pandora\u0027s Box","Red Mask","Regal Pillow","Gambling Chip","Ancient Tea Set","Blue Candle"],"potions_floor_usage":[56,56],"damage_taken":[{"damage":0.0,"enemies":"Small Slimes","floor":1.0,"turns":1.0},{"damage":0.0,"enemies":"Jaw Worm","floor":2.0,"turns":1.0},{"damage":0.0,"enemies":"Lagavulin","floor":7.0,"turns":1.0},{"damage":2.0,"enemies":"2 Louse","floor":13.0,"turns":4.0},{"damage":6.0,"enemies":"Looter","floor":14.0,"turns":2.0},{"damage":49.0,"enemies":"The Guardian","floor":16.0,"turns":10.0},{"damage":12.0,"enemies":"Chosen","floor":18.0,"turns":3.0},{"damage":9.0,"enemies":"2 Thieves","floor":21.0,"turns":4.0},{"damage":8.0,"enemies":"Snake Plant","floor":24.0,"turns":6.0},{"damage":51.0,"enemies":"Gremlin Leader","floor":25.0,"turns":8.0},{"damage":16.0,"enemies":"Shelled Parasite and Fungi","floor":28.0,"turns":6.0},{"damage":2.0,"enemies":"Snecko","floor":29.0,"turns":4.0},{"damage":14.0,"enemies":"Cultist and Chosen","floor":30.0,"turns":4.0},{"damage":25.0,"enemies":"Champ","floor":33.0,"turns":7.0},{"damage":34.0,"enemies":"3 Darklings","floor":35.0,"turns":6.0},{"damage":3.0,"enemies":"Orb Walker","floor":39.0,"turns":3.0},{"damage":0.0,"enemies":"4 Shapes","floor":42.0,"turns":4.0},{"damage":0.0,"enemies":"Reptomancer","floor":44.0,"turns":6.0},{"damage":0.0,"enemies":"Sphere and 2 Shapes","floor":45.0,"turns":2.0},{"damage":0.0,"enemies":"Giant Head","floor":46.0,"turns":5.0},{"damage":21.0,"enemies":"Nemesis","floor":48.0,"turns":11.0},{"damage":27.0,"enemies":"Time Eater","floor":50.0,"turns":4.0},{"damage":3.0,"enemies":"Donu and Deca","floor":51.0,"turns":9.0},{"damage":0,"enemies":"Shield and Spear","floor":55,"turns":5},{"damage":53,"enemies":"The Heart","floor":56,"turns":10}],"seed_played":"-786795324409120655","potions_obtained":[{"floor":7.0,"key":"LiquidBronze"},{"floor":13.0,"key":"Energy Potion"},{"floor":28.0,"key":"Weak Potion"},{"floor":29.0,"key":"LiquidBronze"},{"floor":35.0,"key":"SkillPotion"},{"floor":44.0,"key":"Poison Potion"}],"is_trial":false,"path_per_floor":["M","M","?","?","?","R","E","R","T","$","?","$","M","M","R","B",null,"M","?","$","M","?","R","M","E","T","R","M","M","M","$","R","B",null,"M","?","?","?","M","R","?","M","T","E","M","E","R","E","R","B","B",null,"R","$","E","B",null],"character_chosen":"DEFECT","items_purchased":["Bag of Preparation","Chaos+1","Hologram+1","Defragment","Conserve Battery+1","PowerPotion","Hologram+1"],"campfire_rested":3,"item_purchase_floors":[12,12,20,31,31,54,54],"current_hp_per_floor":[64,64,46,25,48,48,55,55,55,55,55,55,63,67,67,28,60,58,58,58,59,59,59,61,20,20,41,35,43,39,39,60,45,65,41,41,31,31,38,59,59,71,71,71,71,71,71,70,70,54,71,71,71,71,71,34],"gold":65,"neow_bonus":"THREE_ENEMY_KILL","is_prod":false,"is_daily":false,"chose_seed":false,"campfire_upgraded":6,"win_rate":0,"timestamp":1551424931,"path_taken":["M","M","?","?","?","R","E","R","T","?","?","$","?","M","R","BOSS","M","?","$","M","?","R","M","E","T","R","?","M","M","?","R","BOSS","M","?","?","?","M","R","?","?","T","E","M","E","R","E","R","BOSS","BOSS","R","$","E","BOSS"],"build_version":"2019-01-23","purchased_purges":2,"victory":true,"max_hp_per_floor":[71,71,71,71,71,71,71,71,71,71,71,71,71,71,71,71,71,71,71,71,71,71,71,71,71,71,71,71,71,71,71,71,71,71,71,71,71,71,71,71,71,71,71,71,71,71,71,71,71,71,71,71,71,71,71,71],"card_choices":[{"not_picked":["Cold Snap","Steam"],"picked":"Consume","floor":1.0},{"not_picked":["Static Discharge","Hologram"],"picked":"Self Repair","floor":2.0},{"not_picked":["Darkness","Leap"],"picked":"Recycle","floor":7.0},{"not_picked":["Sweeping Beam","Genetic Algorithm+1"],"picked":"Turbo+1","floor":13.0},{"not_picked":["Conserve Battery+1","Coolheaded+1"],"picked":"Defragment","floor":14.0},{"not_picked":["Core Surge","Rainbow+1"],"picked":"Multi-Cast+1","floor":16.0},{"not_picked":["Ball Lightning+1","Gash"],"picked":"Reinforced Body+1","floor":18.0},{"not_picked":["Go for the Eyes","Steam Power+1","Beam Cell"],"picked":"SKIP","floor":21.0},{"not_picked":["Gash+1","Melter","Beam Cell"],"picked":"SKIP","floor":21.0},{"not_picked":["Melter","Beam Cell"],"picked":"Gash+1","floor":21.0},{"not_picked":["Go for the Eyes","Steam Power+1","Beam Cell"],"picked":"SKIP","floor":21.0},{"not_picked":["Turbo+1","Sweeping Beam+1"],"picked":"Hologram+1","floor":24.0},{"not_picked":["Hologram+1","Sweeping Beam"],"picked":"Chill+1","floor":24.0},{"not_picked":["Leap+1","Biased Cognition"],"picked":"White Noise+1","floor":25.0},{"not_picked":["Compile Driver","Beam Cell"],"picked":"Skim+1","floor":28.0},{"not_picked":["Doom and Gloom","Stack+1","Rip and Tear"],"picked":"SKIP","floor":28.0},{"not_picked":["Steam+1","Hologram+1"],"picked":"Gash","floor":29.0},{"not_picked":["Sweeping Beam","Steam Power+1","Rebound"],"picked":"SKIP","floor":29.0},{"not_picked":["Sweeping Beam","Steam Power+1","Rebound"],"picked":"SKIP","floor":29.0},{"not_picked":["Rebound","Compile Driver"],"picked":"Double Energy+1","floor":30.0},{"not_picked":["Barrage","Rip and Tear+1"],"picked":"Chaos+1","floor":30.0},{"not_picked":["Machine Learning","Core Surge"],"picked":"All For One","floor":33.0},{"not_picked":["Compile Driver","Hologram+1"],"picked":"Consume+1","floor":35.0},{"not_picked":["Hello World","Doom and Gloom+1","Beam Cell"],"picked":"SKIP","floor":35.0},{"not_picked":["Good Instincts+1","Mayhem"],"picked":"Bandage Up+1","floor":37.0},{"not_picked":["Metamorphosis+1","Trip+1"],"picked":"Discovery+1","floor":37.0},{"not_picked":["Hologram+1","Beam Cell"],"picked":"Capacitor","floor":39.0},{"not_picked":["Compile Driver","Melter+1","Barrage"],"picked":"SKIP","floor":39.0},{"not_picked":["Compile Driver","Melter+1","Barrage"],"picked":"SKIP","floor":39.0},{"not_picked":["Redo+1","Barrage"],"picked":"Hologram+1","floor":42.0},{"not_picked":["Compile Driver+1","Turbo+1","Meteor Strike"],"picked":"SKIP","floor":42.0},{"not_picked":["Streamline","Ball Lightning","Beam Cell"],"picked":"SKIP","floor":44.0},{"not_picked":["Stack+1","Tempest+1"],"picked":"Glacier+1","floor":45.0},{"not_picked":["Hologram+1","Glacier+1"],"picked":"Coolheaded+1","floor":45.0},{"not_picked":["Conserve Battery+1","Barrage+1","Storm"],"picked":"SKIP","floor":46.0},{"not_picked":["Ball Lightning","Steam+1"],"picked":"Multi-Cast+1","floor":48.0},{"not_picked":["Stack+1","Hello World+1","Hyperbeam"],"picked":"SKIP","floor":55}],"player_experience":1919441,"relics_obtained":[{"floor":7.0,"key":"Toxic Egg 2"},{"floor":9.0,"key":"MawBank"},{"floor":25.0,"key":"Vajra"},{"floor":26.0,"key":"Mummified Hand"},{"floor":44.0,"key":"Regal Pillow"},{"floor":46.0,"key":"Gambling Chip"},{"floor":48.0,"key":"Ancient Tea Set"},{"floor":55,"key":"Blue Candle"}],"event_choices":[{"damage_healed":0.0,"max_hp_gain":0.0,"max_hp_loss":0.0,"gold_gain":0.0,"event_name":"Scrap Ooze","player_choice":"Success","floor":3.0,"gold_loss":0.0,"damage_taken":18.0,"relics_obtained":["Ice Cream"]},{"damage_healed":0.0,"max_hp_gain":0.0,"max_hp_loss":0.0,"gold_gain":0.0,"event_name":"Shining Light","player_choice":"Entered Light","floor":4.0,"gold_loss":0.0,"damage_taken":21.0,"cards_upgraded":["Defend_B","Strike_B"]},{"damage_healed":23.0,"max_hp_gain":0.0,"max_hp_loss":0.0,"gold_gain":0.0,"event_name":"Big Fish","player_choice":"Banana","floor":5.0,"gold_loss":0.0,"damage_taken":0.0},{"damage_healed":0.0,"max_hp_gain":0.0,"max_hp_loss":0.0,"gold_gain":150.0,"event_name":"Liars Game","player_choice":"AGREE","floor":11.0,"gold_loss":0.0,"damage_taken":0.0,"cards_obtained":["Doubt"]},{"damage_healed":0.0,"max_hp_gain":0.0,"max_hp_loss":0.0,"gold_gain":0.0,"event_name":"The Mausoleum","player_choice":"Opened","floor":19.0,"gold_loss":0.0,"damage_taken":0.0,"relics_obtained":["Prayer Wheel"],"cards_obtained":["Writhe"]},{"damage_healed":0.0,"max_hp_gain":0.0,"max_hp_loss":0.0,"gold_gain":0.0,"event_name":"The Joust","player_choice":"Bet on Murderer","floor":22.0,"gold_loss":50.0,"damage_taken":0.0},{"cards_removed":["Hello World"],"damage_healed":0.0,"max_hp_gain":0.0,"max_hp_loss":0.0,"gold_gain":0.0,"event_name":"Falling","player_choice":"Removed Power","floor":36.0,"gold_loss":0.0,"damage_taken":0.0},{"damage_healed":0.0,"max_hp_gain":0.0,"max_hp_loss":0.0,"gold_gain":0.0,"event_name":"SensoryStone","player_choice":"Memory 3","floor":37.0,"gold_loss":0.0,"damage_taken":10.0},{"damage_healed":0.0,"max_hp_gain":0.0,"max_hp_loss":0.0,"gold_gain":0.0,"event_name":"Mysterious Sphere","player_choice":"Ignored","floor":38.0,"gold_loss":0.0,"damage_taken":0.0},{"damage_healed":0.0,"max_hp_gain":0.0,"max_hp_loss":0.0,"gold_gain":0.0,"event_name":"Tomb of Lord Red Mask","player_choice":"Paid","floor":41.0,"gold_loss":128.0,"damage_taken":0.0,"relics_obtained":["Red Mask"]}],"is_beta":false,"boss_relics":[{"not_picked":["Runic Dome","Runic Pyramid"],"picked":"Inserter"},{"not_picked":["Coffee Dripper","Empty Cage"],"picked":"Pandora\u0027s Box"}],"items_purged_floors":[12,20],"is_endless":false,"potions_floor_spawned":[7,13,24,28,29,33,35,44],"ascension_level":20}