{"gold_per_floor":[360,16,16,16,34,34,51,51,51,81,81,102,130,149,149,247,247,247,247,21,21,21,21,21,21,21,21,21,21,21,21,21,21,21,21,21,21,21,21,21],"floor_reached":40,"playtime":2346,"items_purged":[],"score":615,"play_id":"06244167-40b2-4dbe-a66d-1b9800d03870","local_time":"20180714232941","is_ascension_mode":true,"campfire_choices":[{"floor":6.0,"key":"REST"},{"data":"Hello World","floor":8.0,"key":"SMITH"},{"data":"Buffer","floor":11.0,"key":"SMITH"},{"floor":15.0,"key":"REST"},{"floor":23.0,"key":"REST"},{"floor":25.0,"key":"REST"},{"floor":32.0,"key":"REST"}],"neow_cost":"CURSE","seed_source_timestamp":786423232041005,"circlet_count":0,"master_deck":["Strike_B","Strike_B","Strike_B","Defend_B","Defend_B","Defend_B","Defend_B","Zap","Dualcast","Redo","Hello World+1","Buffer+1","Steam","Hello World","Static Discharge","BootSequence","Electrodynamics","Heatsinks","Storm+1","Chill","Reboot","Writhe","Reboot","Conserve Battery+1","Force Field+1","Hello World"],"special_seed":0,"relics":["Cracked Core","Incense Burner","Torii","Odd Mushroom","Art of War","Ectoplasm","Nloth\u0027s Gift","Orichalcum","SsserpentHead","Blood Vial","Bronze Scales","Emotion Chip","Peace Pipe","Blue Candle","Inserter"],"potions_floor_usage":[33,36,39],"damage_taken":[{"damage":12.0,"enemies":"Jaw Worm","floor":1.0,"turns":3.0},{"damage":0.0,"enemies":"Cultist","floor":5.0,"turns":3.0},{"damage":10.0,"enemies":"Small Slimes","floor":7.0,"turns":3.0},{"damage":5.0,"enemies":"3 Sentries","floor":10.0,"turns":6.0},{"damage":2.0,"floor":12.0,"turns":5.0},{"damage":0.0,"enemies":"Gremlin Nob","floor":13.0,"turns":5.0},{"damage":0.0,"enemies":"2 Fungi Beasts","floor":14.0,"turns":4.0},{"damage":40.0,"enemies":"The Guardian","floor":16.0,"turns":12.0},{"damage":13.0,"enemies":"Spheric Guardian","floor":18.0,"turns":4.0},{"damage":30.0,"enemies":"Book of Stabbing","floor":24.0,"turns":6.0},{"damage":22.0,"enemies":"Slavers","floor":27.0,"turns":3.0},{"damage":12.0,"enemies":"Gremlin Leader","floor":29.0,"turns":5.0},{"damage":1.0,"enemies":"Shell Parasite","floor":31.0,"turns":3.0},{"damage":2,"enemies":"Automaton","floor":33,"turns":8},{"damage":49,"enemies":"3 Darklings","floor":35,"turns":5},{"damage":11,"enemies":"Flame Bruiser 1 Orb","floor":36,"turns":5},{"damage":15,"enemies":"Transient","floor":39,"turns":5},{"damage":6,"enemies":"Giant Head","floor":40,"turns":2}],"seed_played":"-1382867415250754619","potions_obtained":[{"floor":1.0,"key":"Dexterity Potion"},{"floor":10.0,"key":"SkillPotion"},{"floor":12.0,"key":"Strength Potion"},{"floor":29.0,"key":"Block Potion"},{"floor":31.0,"key":"Dexterity Potion"},{"floor":33,"key":"FearPotion"},{"floor":35,"key":"Explosive Potion"}],"is_trial":false,"path_per_floor":["M","$","?","?","M","R","M","R","T","E","R","?","E","M","R","B",null,"M","?","$","?","?","R","E","R","T","E","$","E","?","M","R","B",null,"M","M","$","?","M"],"character_chosen":"DEFECT","items_purchased":["Hello World","Incense Burner","Heatsinks","Orichalcum"],"campfire_rested":5,"item_purchase_floors":[2,2,20,20],"current_hp_per_floor":[56,56,56,56,56,75,65,65,65,60,60,58,58,58,75,35,65,52,52,52,52,52,74,44,66,66,46,46,36,36,37,59,59,71,24,15,15,15,2,0],"gold":21,"neow_bonus":"TWO_FIFTY_GOLD","is_prod":false,"is_daily":false,"chose_seed":false,"campfire_upgraded":2,"win_rate":0,"timestamp":1531600181,"path_taken":["M","$","?","?","M","R","?","R","T","E","R","?","E","M","R","BOSS","M","?","$","?","?","R","E","R","T","E","$","E","?","M","R","BOSS","M","M","?","?","M","E"],"build_version":"2018-07-12","purchased_purges":0,"victory":false,"max_hp_per_floor":[75,75,75,75,75,75,75,75,75,75,75,75,75,75,75,75,75,75,75,75,75,75,75,75,75,75,75,75,75,75,75,75,75,75,75,75,75,75,75,75],"card_choices":[{"not_picked":["Barrage","Leap"],"picked":"Redo","floor":1.0},{"not_picked":["Conserve Battery","Rip and Tear"],"picked":"Buffer","floor":5.0},{"not_picked":["Streamline","Coolheaded"],"picked":"Steam","floor":7.0},{"not_picked":["Go for the Eyes","Hologram","Gash"],"picked":"SKIP","floor":10.0},{"not_picked":["Skim","Hologram"],"picked":"Hello World","floor":12.0},{"not_picked":["Rip and Tear","Sweeping Beam"],"picked":"Static Discharge","floor":13.0},{"not_picked":["Steam Power","Redo"],"picked":"BootSequence","floor":14.0},{"not_picked":["Rainbow","All For One"],"picked":"Electrodynamics","floor":16.0},{"not_picked":["Skim","Rip and Tear","FTL"],"picked":"SKIP","floor":18.0},{"not_picked":["Amplify","Scrape+1"],"picked":"Storm+1","floor":24.0},{"not_picked":["Reboot","Conserve Battery"],"picked":"Chill","floor":27.0},{"not_picked":["Fission","Gash"],"picked":"Reboot","floor":29.0},{"not_picked":["Hologram","Beam Cell+1","Cold Snap"],"picked":"SKIP","floor":31.0},{"not_picked":["Core Surge","Multi-Cast"],"picked":"Reboot","floor":33},{"not_picked":["Go for the Eyes","Redo"],"picked":"Conserve Battery+1","floor":35},{"not_picked":["Barrage","Hologram"],"picked":"Force Field+1","floor":36},{"not_picked":["Stack+1","Compile Driver"],"picked":"Hello World","floor":39}],"player_experience":578417,"relics_obtained":[{"floor":9.0,"key":"Gambling Chip"},{"floor":10.0,"key":"Torii"},{"floor":12.0,"key":"Odd Mushroom"},{"floor":13.0,"key":"Art of War"},{"floor":24.0,"key":"Blood Vial"},{"floor":26.0,"key":"Bronze Scales"},{"floor":27.0,"key":"Emotion Chip"},{"floor":29.0,"key":"Peace Pipe"}],"event_choices":[{"event_name":"Golden Wing","player_choice":"Ignored","floor":3.0,"damage_taken":0.0},{"event_name":"Purifier","player_choice":"One Purge","floor":4.0,"damage_taken":0.0},{"event_name":"Mushrooms","player_choice":"Fought Mushrooms","floor":12.0,"damage_taken":0.0},{"event_name":"N\u0027loth","player_choice":"Traded a Gambling Chip","floor":19.0,"damage_taken":0.0},{"event_name":"Purifier","player_choice":"Skipped","floor":21.0,"damage_taken":0.0},{"event_name":"FaceTrader","player_choice":"Trade","floor":22.0,"damage_taken":0.0},{"event_name":"The Mausoleum","player_choice":"Yes","floor":30.0,"damage_taken":0.0},{"event_name":"Falling","player_choice":"Removed Attack","floor":38,"damage_taken":0}],"boss_relics":[{"not_picked":["Velvet Choker","FrozenCore"],"picked":"Ectoplasm"},{"not_picked":["Nuclear Battery","Lizard Tail"],"picked":"Inserter"}],"items_purged_floors":[],"is_endless":false,"potions_floor_spawned":[1,10,12,13,29,31,33,35],"killed_by":"Giant Head","ascension_level":6}