{"gold_per_floor":[112,112,122,422,15,28,40,40,40,71,71],"floor_reached":11,"playtime":239,"items_purged":["Regret"],"score":146,"play_id":"f35796e8-5cc8-4967-94ca-fa70ce198fb4","local_time":"20190330194949","is_ascension_mode":true,"campfire_choices":[{"floor":8,"key":"DIG"}],"neow_cost":"NONE","seed_source_timestamp":118021586215400,"circlet_count":0,"master_deck":["AscendersBane","Strike_R","Strike_R","Strike_R","Strike_R","Strike_R","Defend_R","Defend_R","Defend_R","Defend_R","Bash","Battle Trance","Inflame","Body Slam","Entrench","True Grit"],"relics":["Burning Blood","NeowsBlessing","Shovel","Old Coin","Medical Kit","Magic Flower","Pear","Self Forming Clay"],"potions_floor_usage":[7],"damage_taken":[{"damage":0,"enemies":"Jaw Worm","floor":1,"turns":1},{"damage":0,"enemies":"2 Louse","floor":3,"turns":1},{"damage":0,"enemies":"Cultist","floor":6,"turns":1},{"damage":23,"enemies":"Large Slime","floor":7,"turns":5},{"damage":50,"enemies":"3 Sentries","floor":10,"turns":12},{"damage":0,"enemies":"Gremlin Gang","floor":11,"turns":1}],"seed_played":"6162196459386557674","potions_obtained":[{"floor":3,"key":"SkillPotion"}],"is_trial":false,"path_per_floor":["M","?","M","?","$","M","M","R","T","E","M"],"character_chosen":"IRONCLAD","items_purchased":["Medical Kit","Battle Trance","Inflame"],"campfire_rested":0,"item_purchase_floors":[5,5,5],"current_hp_per_floor":[74,74,75,75,75,75,58,58,68,27,27],"gold":71,"neow_bonus":"THREE_ENEMY_KILL","is_prod":false,"is_daily":false,"chose_seed":false,"campfire_upgraded":0,"win_rate":0,"timestamp":1553942989,"path_taken":["M","?","M","?","$","?","M","R","T","E","M"],"build_version":"2019-01-23","purchased_purges":1,"victory":false,"max_hp_per_floor":[75,75,75,75,75,75,75,75,85,85,85],"card_choices":[{"not_picked":["Clash","Heavy Blade","Burning Pact"],"picked":"SKIP","floor":1},{"not_picked":["Thunderclap","Dual Wield"],"picked":"Seeing Red","floor":3},{"not_picked":["Twin Strike","Rupture"],"picked":"Body Slam","floor":6},{"not_picked":["Dark Embrace","Cleave"],"picked":"Entrench","floor":7},{"not_picked":["Shrug It Off","Flex"],"picked":"True Grit","floor":10}],"player_experience":2754117,"relics_obtained":[{"floor":8,"key":"Magic Flower"},{"floor":9,"key":"Pear"},{"floor":10,"key":"Self Forming Clay"}],"event_choices":[{"damage_healed":0,"gold_gain":0,"player_choice":"Box","damage_taken":0,"relics_obtained":["Shovel"],"max_hp_gain":0,"max_hp_loss":0,"event_name":"Big Fish","floor":2,"gold_loss":0,"cards_obtained":["Regret"]},{"cards_removed":["Seeing Red"],"damage_healed":0,"gold_gain":0,"player_choice":"Gave Card","damage_taken":0,"relics_obtained":["Old Coin"],"max_hp_gain":0,"max_hp_loss":0,"event_name":"WeMeetAgain","floor":4,"gold_loss":0}],"is_beta":false,"boss_relics":[],"items_purged_floors":[5],"is_endless":false,"potions_floor_spawned":[3],"killed_by":"Gremlin Gang","ascension_level":20}