{"gold_per_floor":[111,36,56,73,91,91,124,124,124,151,151,51,51,71,71,144,144,159,159,159,178,193,213,213,224,224,224,224,253,253,27,27,104,104,124,144,144,144,164,198,209,229,229,274,152,179,179,190,190,190,190,190,190,52,87,87],"floor_reached":57,"playtime":3655,"items_purged":["Regret","Parasite","Writhe"],"score":3084,"play_id":"99961228-a41d-4047-b46a-3913aba3711e","local_time":"20190406131235","is_ascension_mode":true,"campfire_choices":[{"data":"Bash","floor":6.0,"key":"SMITH"},{"data":"Entrench","floor":11.0,"key":"SMITH"},{"data":"Barricade","floor":13.0,"key":"SMITH"},{"data":"True Grit","floor":15.0,"key":"SMITH"},{"data":"Shrug It Off","floor":24.0,"key":"SMITH"},{"data":"Immolate","floor":28.0,"key":"SMITH"},{"data":"Strike_R","floor":32.0,"key":"PURGE"},{"floor":47.0,"key":"RECALL"},{"data":"Defend_R","floor":49.0,"key":"PURGE"},{"data":"Defend_R","floor":53,"key":"PURGE"}],"neow_cost":"CURSE","seed_source_timestamp":0,"circlet_count":0,"master_deck":["AscendersBane","Strike_R+1","Defend_R","Defend_R","Bash+1","Entrench+1","Ghostly Armor","Shrug It Off+1","Barricade+1","True Grit+1","Offering","Evolve","Immolate+1","Reaper","Feed","Entrench+1","Discovery","PanicButton","Armaments+1","Offering","True Grit+1","Feel No Pain","Headbutt","Inflame"],"special_seed":0,"relics":["Burning Blood","Pocketwatch","Mercury Hourglass","Charon\u0027s Ashes","FossilizedHelix","Black Star","Peace Pipe","The Courier","Happy Flower","Pear","Omamori","Fusion Hammer","Singing Bowl","Blood Vial","Unceasing Top","Meat on the Bone","Art of War","Dead Branch","Torii"],"potions_floor_usage":[56],"damage_taken":[{"damage":12.0,"enemies":"Cultist","floor":1.0,"turns":3.0},{"damage":12.0,"enemies":"Jaw Worm","floor":3.0,"turns":3.0},{"damage":2.0,"enemies":"2 Louse","floor":4.0,"turns":3.0},{"damage":13.0,"enemies":"Red Slaver","floor":5.0,"turns":3.0},{"damage":45.0,"enemies":"Lagavulin","floor":7.0,"turns":7.0},{"damage":5.0,"enemies":"3 Sentries","floor":10.0,"turns":5.0},{"damage":8.0,"enemies":"Exordium Wildlife","floor":14.0,"turns":7.0},{"damage":0.0,"enemies":"Hexaghost","floor":16.0,"turns":18.0},{"damage":0.0,"enemies":"Chosen","floor":18.0,"turns":6.0},{"damage":0.0,"enemies":"3 Byrds","floor":21.0,"turns":6.0},{"damage":30.0,"enemies":"Snecko","floor":22.0,"turns":9.0},{"damage":16.0,"enemies":"Centurion and Healer","floor":23.0,"turns":13.0},{"damage":12.0,"enemies":"Shelled Parasite and Fungi","floor":25.0,"turns":10.0},{"damage":29.0,"enemies":"Gremlin Leader","floor":29.0,"turns":10.0},{"damage":19.0,"enemies":"Automaton","floor":33.0,"turns":21.0},{"damage":0.0,"enemies":"3 Shapes","floor":35.0,"turns":2.0},{"damage":0.0,"enemies":"Orb Walker","floor":36.0,"turns":7.0},{"damage":36.0,"enemies":"Transient","floor":39.0,"turns":6.0},{"damage":14.0,"enemies":"Reptomancer","floor":40.0,"turns":12.0},{"damage":0.0,"enemies":"4 Shapes","floor":41.0,"turns":5.0},{"damage":0.0,"enemies":"Maw","floor":42.0,"turns":12.0},{"damage":37.0,"enemies":"2 Orb Walkers","floor":44.0,"turns":7.0},{"damage":17.0,"enemies":"Nemesis","floor":46.0,"turns":11.0},{"damage":6.0,"enemies":"Jaw Worm Horde","floor":48.0,"turns":3.0},{"damage":12.0,"enemies":"Donu and Deca","floor":50.0,"turns":20.0},{"damage":6,"enemies":"Awakened One","floor":51,"turns":27},{"damage":35,"enemies":"Shield and Spear","floor":55,"turns":17},{"damage":46,"enemies":"The Heart","floor":56,"turns":7}],"seed_played":"3640138440765000507","potions_obtained":[{"floor":3.0,"key":"Block Potion"},{"floor":7.0,"key":"GamblersBrew"},{"floor":14.0,"key":"Energy Potion"},{"floor":18.0,"key":"EssenceOfSteel"},{"floor":23.0,"key":"Strength Potion"},{"floor":29.0,"key":"LiquidBronze"},{"floor":36.0,"key":"Energy Potion"},{"floor":48.0,"key":"SpeedPotion"}],"is_trial":false,"path_per_floor":["M","$","M","M","M","R","E","?","T","E","R","$","R","M","R","B",null,"M","?","$","M","M","M","R","M","T","?","R","E","?","$","R","B",null,"M","M","?","?","M","E","M","M","T","?","$","E","R","M","R","B","B",null,"R","$","E","B",null],"character_chosen":"IRONCLAD","items_purchased":["Omamori","Offering","Feel No Pain","Headbutt","Inflame"],"campfire_rested":0,"item_purchase_floors":[31,45,54,54,54],"current_hp_per_floor":[62,62,56,60,53,53,14,32,32,33,33,33,33,31,31,37,63,69,69,69,72,48,38,38,32,32,32,32,27,37,37,37,30,69,78,85,75,75,51,59,84,97,97,73,73,75,75,91,91,107,118,118,118,118,101,70],"gold":87,"neow_bonus":"ONE_RARE_RELIC","is_prod":false,"is_daily":false,"chose_seed":true,"campfire_upgraded":6,"win_rate":0,"timestamp":1554523955,"path_taken":["M","?","M","M","M","R","E","?","T","E","R","$","R","M","R","BOSS","M","?","$","?","M","M","R","M","T","?","R","E","?","?","R","BOSS","M","?","?","?","M","E","M","?","T","?","?","E","R","M","R","BOSS","BOSS","R","$","E","BOSS"],"build_version":"2019-01-23","purchased_purges":3,"victory":true,"max_hp_per_floor":[75,75,75,75,75,75,75,75,75,75,75,72,72,72,72,72,72,72,72,72,72,72,72,72,72,72,72,72,72,82,82,82,82,82,85,85,85,85,85,87,92,97,97,100,100,104,104,110,110,114,118,118,118,118,124,124],"card_choices":[{"not_picked":["Perfected Strike","Wild Strike","Heavy Blade"],"picked":"SKIP","floor":1.0},{"not_picked":["Wild Strike","Warcry","Berserk"],"picked":"SKIP","floor":3.0},{"not_picked":["Cleave","Anger"],"picked":"Entrench","floor":4.0},{"not_picked":["Wild Strike","Battle Trance"],"picked":"Ghostly Armor","floor":5.0},{"not_picked":["Sword Boomerang","Anger"],"picked":"Shrug It Off","floor":7.0},{"not_picked":["Cleave","Bloodletting"],"picked":"Barricade","floor":10.0},{"not_picked":["Flex","Anger"],"picked":"True Grit","floor":14.0},{"not_picked":["Feed","Immolate"],"picked":"Offering","floor":16.0},{"not_picked":["Clash","Clothesline","Cleave"],"picked":"SKIP","floor":18.0},{"not_picked":["Rupture","Dropkick"],"picked":"Evolve","floor":21.0},{"not_picked":["Pommel Strike","Sword Boomerang+1","Warcry"],"picked":"SKIP","floor":22.0},{"not_picked":["Berserk","Ghostly Armor","Flex"],"picked":"SKIP","floor":23.0},{"not_picked":["Ghostly Armor","Cleave","Havoc"],"picked":"SKIP","floor":25.0},{"not_picked":["Limit Break","Flex","Iron Wave"],"picked":"SKIP","floor":29.0},{"not_picked":["Exhume","Bludgeon"],"picked":"Feed","floor":33.0},{"not_picked":["Uppercut","True Grit"],"picked":"Entrench+1","floor":35.0},{"not_picked":["Spot Weakness","Whirlwind","Blood for Blood+1"],"picked":"SKIP","floor":36.0},{"not_picked":["PanicButton","Flash of Steel"],"picked":"Discovery","floor":37.0},{"not_picked":["Blind","Dramatic Entrance"],"picked":"PanicButton","floor":37.0},{"not_picked":["Ghostly Armor","Rupture","Sword Boomerang"],"picked":"SKIP","floor":39.0},{"not_picked":["Warcry","Combust","Battle Trance"],"picked":"Singing Bowl","floor":40.0},{"not_picked":["Searing Blow","Clothesline","Power Through"],"picked":"Singing Bowl","floor":41.0},{"not_picked":["Havoc","Headbutt+1","Sword Boomerang"],"picked":"Singing Bowl","floor":42.0},{"not_picked":["Sever Soul","Dual Wield"],"picked":"Armaments+1","floor":44.0},{"not_picked":["Brutality","Rampage"],"picked":"True Grit+1","floor":46.0},{"not_picked":["Reckless Charge","Twin Strike","Sentinel+1"],"picked":"Singing Bowl","floor":48.0},{"not_picked":["Anger+1","Combust+1","Battle Trance"],"picked":"Singing Bowl","floor":55}],"player_experience":2904842,"relics_obtained":[{"floor":7.0,"key":"Mercury Hourglass"},{"floor":9.0,"key":"Charon\u0027s Ashes"},{"floor":10.0,"key":"FossilizedHelix"},{"floor":26.0,"key":"Peace Pipe"},{"floor":29.0,"key":"The Courier"},{"floor":29.0,"key":"Happy Flower"},{"floor":40.0,"key":"Singing Bowl"},{"floor":40.0,"key":"Blood Vial"},{"floor":44.0,"key":"Unceasing Top"},{"floor":46.0,"key":"Meat on the Bone"},{"floor":46.0,"key":"Art of War"},{"floor":55,"key":"Dead Branch"},{"floor":55,"key":"Torii"}],"event_choices":[{"damage_healed":18.0,"max_hp_gain":0.0,"max_hp_loss":0.0,"gold_gain":0.0,"event_name":"Mushrooms","player_choice":"Healed and dodged fight","floor":8.0,"gold_loss":0.0,"damage_taken":0.0,"cards_obtained":["Parasite"]},{"damage_healed":0.0,"max_hp_gain":0.0,"max_hp_loss":0.0,"gold_gain":0.0,"event_name":"Upgrade Shrine","player_choice":"Upgraded","floor":19.0,"gold_loss":0.0,"damage_taken":0.0,"cards_upgraded":["Strike_R"]},{"damage_healed":0.0,"max_hp_gain":0.0,"max_hp_loss":0.0,"gold_gain":0.0,"cards_transformed":["Strike_R","Strike_R"],"event_name":"Drug Dealer","player_choice":"Became Test Subject","floor":27.0,"gold_loss":0.0,"damage_taken":0.0,"cards_obtained":["Immolate","Reaper"]},{"damage_healed":0.0,"max_hp_gain":0.0,"max_hp_loss":0.0,"gold_gain":0.0,"event_name":"The Mausoleum","player_choice":"Opened","floor":30.0,"gold_loss":0.0,"damage_taken":0.0,"relics_obtained":["Pear"],"cards_obtained":["Writhe"]},{"damage_healed":0.0,"max_hp_gain":0.0,"max_hp_loss":0.0,"gold_gain":0.0,"event_name":"SensoryStone","player_choice":"Memory 3","floor":37.0,"gold_loss":0.0,"damage_taken":10.0},{"cards_removed":["Strike_R"],"damage_healed":0.0,"max_hp_gain":0.0,"max_hp_loss":0.0,"gold_gain":0.0,"event_name":"Falling","player_choice":"Removed Attack","floor":38.0,"gold_loss":0.0,"damage_taken":0.0},{"damage_healed":0.0,"max_hp_gain":0.0,"max_hp_loss":0.0,"gold_gain":0.0,"event_name":"Mysterious Sphere","player_choice":"Fight","floor":44.0,"gold_loss":0.0,"damage_taken":0.0}],"is_beta":false,"boss_relics":[{"not_picked":["White Beast Statue","Snecko Eye"],"picked":"Black Star"},{"not_picked":["Calling Bell","Lizard Tail"],"picked":"Fusion Hammer"}],"items_purged_floors":[2,12,31],"is_endless":false,"potions_floor_spawned":[3,7,14,18,23,29,36,39,41,48],"ascension_level":20}