{"gold_per_floor":[118,63,22,33,33,65,95,95,95,2,2,31,31,49,49,125,125,140,140,29,39,39,39,50,50,77,17,17,17],"floor_reached":29,"playtime":1858,"items_purged":["Decay"],"score":491,"play_id":"5b1fbfa9-eafd-429e-93c3-d2fc5d26a005","local_time":"20190420115520","is_ascension_mode":true,"campfire_choices":[{"data":"Hello World","floor":8,"key":"SMITH"},{"data":"Hello World","floor":15,"key":"SMITH"},{"floor":23,"key":"REST"}],"neow_cost":"NONE","seed_source_timestamp":756096816500408,"circlet_count":0,"master_deck":["AscendersBane","Strike_B+1","Strike_B+1","Strike_B+1","Strike_B+1","Defend_B+1","Defend_B+1","Defend_B+1","Zap","Dualcast","Cold Snap","Hello World+1","Heatsinks","Capacitor","Hello World+1","Sunder","Electrodynamics","Self Repair","Ball Lightning","Barrage","Seek"],"relics":["Cracked Core","NeowsBlessing","PreservedInsect","The Courier","Juzu Bracelet","Eternal Feather","Centennial Puzzle","Nloth\u0027s Gift"],"potions_floor_usage":[12,21,21,24],"damage_taken":[{"damage":0,"enemies":"Small Slimes","floor":1,"turns":1},{"damage":0,"enemies":"Cultist","floor":4,"turns":1},{"damage":0,"enemies":"3 Sentries","floor":6,"turns":1},{"damage":9,"enemies":"Lagavulin","floor":12,"turns":7},{"damage":7,"enemies":"Jaw Worm","floor":14,"turns":3},{"damage":26,"enemies":"Slime Boss","floor":16,"turns":10},{"damage":14,"enemies":"Chosen","floor":18,"turns":5},{"damage":23,"enemies":"2 Thieves","floor":21,"turns":4},{"damage":63,"enemies":"Chosen and Byrds","floor":24,"turns":8},{"damage":33,"enemies":"Cultist and Chosen","floor":29,"turns":5}],"seed_played":"1219799949680277553","potions_obtained":[{"floor":6,"key":"Block Potion"},{"floor":12,"key":"Fire Potion"},{"floor":18,"key":"SkillPotion"},{"floor":21,"key":"Block Potion"}],"is_trial":false,"path_per_floor":["M","?","$","M","?","E","?","R","T","$","?","E","?","M","R","B",null,"M","?","$","M","?","R","M","?","T","$","?","M"],"character_chosen":"DEFECT","items_purchased":["Hello World","Capacitor","Hello World","Self Repair","Ball Lightning"],"campfire_rested":1,"item_purchase_floors":[3,10,10,20,20],"current_hp_per_floor":[64,64,64,64,69,69,69,69,69,69,69,60,76,69,69,43,68,54,54,54,31,31,65,9,9,9,9,9,0],"gold":17,"neow_bonus":"THREE_ENEMY_KILL","is_prod":false,"is_daily":false,"chose_seed":false,"campfire_upgraded":2,"win_rate":0,"timestamp":1555750520,"path_taken":["M","?","$","?","?","E","?","R","T","$","?","E","?","M","R","BOSS","M","?","$","M","?","R","M","?","T","?","?","M"],"build_version":"2019-01-23","purchased_purges":1,"victory":false,"max_hp_per_floor":[71,71,71,71,76,76,76,76,76,76,76,76,76,76,76,76,76,76,76,76,76,76,76,76,76,76,76,76,76],"card_choices":[{"not_picked":["Gash","Sweeping Beam"],"picked":"Cold Snap","floor":1},{"not_picked":["Stack","Tempest"],"picked":"Heatsinks","floor":4},{"not_picked":["Turbo","Reinforced Body","Stack"],"picked":"SKIP","floor":6},{"not_picked":["Steam","Auto Shields"],"picked":"Sunder","floor":12},{"not_picked":["Skim","Doom and Gloom","Blizzard"],"picked":"SKIP","floor":14},{"not_picked":["Buffer","Amplify"],"picked":"Electrodynamics","floor":16},{"not_picked":["Sweeping Beam","Lockon","Stack"],"picked":"SKIP","floor":18},{"not_picked":["Turbo","Stack"],"picked":"Barrage","floor":21},{"not_picked":["Genetic Algorithm","Sweeping Beam"],"picked":"Seek","floor":24}],"player_experience":1217997,"relics_obtained":[{"floor":6,"key":"Blue Candle"},{"floor":9,"key":"The Courier"},{"floor":12,"key":"Juzu Bracelet"},{"floor":26,"key":"Centennial Puzzle"}],"event_choices":[{"damage_healed":0,"gold_gain":0,"player_choice":"Paid Gold","damage_taken":0,"relics_obtained":["PreservedInsect"],"max_hp_gain":0,"max_hp_loss":0,"event_name":"WeMeetAgain","floor":2,"gold_loss":55},{"damage_healed":0,"gold_gain":0,"player_choice":"Donut","damage_taken":0,"max_hp_gain":5,"max_hp_loss":0,"event_name":"Big Fish","floor":5,"gold_loss":0},{"damage_healed":0,"gold_gain":30,"player_choice":"Searched \u00272\u0027 times","damage_taken":0,"max_hp_gain":0,"max_hp_loss":0,"event_name":"Dead Adventurer","floor":7,"gold_loss":0},{"damage_healed":0,"gold_gain":0,"cards_transformed":["Defend_B"],"player_choice":"Transformed","damage_taken":0,"max_hp_gain":0,"max_hp_loss":0,"event_name":"Transmorgrifier","floor":11,"gold_loss":0,"cards_obtained":["Heatsinks"]},{"cards_removed":["Heatsinks"],"damage_healed":16,"gold_gain":0,"player_choice":"Offered Uncommon","damage_taken":0,"max_hp_gain":0,"max_hp_loss":0,"event_name":"Bonfire Elementals","floor":13,"gold_loss":0},{"damage_healed":0,"gold_gain":0,"player_choice":"Ignored","damage_taken":0,"max_hp_gain":0,"max_hp_loss":0,"event_name":"Ghosts","floor":19,"gold_loss":0},{"damage_healed":0,"gold_gain":0,"player_choice":"Smashed Altar","damage_taken":0,"max_hp_gain":0,"max_hp_loss":0,"event_name":"Forgotten Altar","floor":22,"gold_loss":0,"cards_obtained":["Decay"]},{"damage_healed":0,"gold_gain":0,"player_choice":"Simplicity","damage_taken":0,"max_hp_gain":0,"max_hp_loss":0,"event_name":"Back to Basics","floor":25,"gold_loss":0,"cards_upgraded":["Strike_B","Strike_B","Strike_B","Strike_B","Defend_B","Defend_B","Defend_B"]},{"damage_healed":0,"gold_gain":0,"player_choice":"Traded Relic","damage_taken":0,"relics_obtained":["Nloth\u0027s Gift"],"max_hp_gain":0,"max_hp_loss":0,"event_name":"N\u0027loth","floor":28,"relics_lost":["Blue Candle"],"gold_loss":0}],"is_beta":false,"boss_relics":[{"not_picked":["Pandora\u0027s Box","Snecko Eye"],"picked":"Eternal Feather"}],"items_purged_floors":[27],"is_endless":false,"potions_floor_spawned":[6,12,18,21],"killed_by":"Cultist and Chosen","ascension_level":19}