{"gold_per_floor":[13,32,132,143,154,180,180,214,294,294,325,107,126,195,195,270,270,289,300,42,55,75,75,174,174,197,223,223,223,240,255,255,328,328,346,366,412,412,424,424,459,459,528,543,543,557,8,25,25,25],"floor_reached":50,"playtime":4082,"items_purged":[],"score":981,"play_id":"5580dce1-0dd2-461a-add6-65d5586d9742","local_time":"20180924191259","is_ascension_mode":true,"campfire_choices":[{"floor":7,"key":"REST"},{"floor":10,"key":"REST"},{"floor":15,"key":"REST"},{"data":"Loop","floor":23,"key":"SMITH"},{"data":"Fission","floor":25,"key":"SMITH"},{"data":"Biased Cognition","floor":29,"key":"SMITH"},{"data":"Redo","floor":32,"key":"SMITH"},{"floor":40,"key":"REST"},{"floor":45,"key":"REST"},{"data":"Sunder","floor":49,"key":"SMITH"}],"neow_cost":"NO_GOLD","seed_source_timestamp":863172280265926,"circlet_count":0,"master_deck":["Strike_B+1","Strike_B","Strike_B","Strike_B","Defend_B","Defend_B","Defend_B","Defend_B","Zap","Dualcast","AscendersBane","Fission+1","Gash","Conserve Battery","Ball Lightning+1","Ball Lightning","Loop+1","Biased Cognition+1","Doom and Gloom","Heatsinks+1","Cold Snap","Melter","Self Repair+1","Electrodynamics+1","Steam","Gash","Storm+1","Panache+1","BootSequence+1","Defragment+1","Coolheaded+1","Redo+1","Biased Cognition+1","Aggregate+1","Loop+1","Force Field+1","Biased Cognition+1","FTL","Glacier","FTL+1","Defragment+1","Defragment+1","Sunder+1","Double Energy+1"],"relics":["Cracked Core","Whetstone","Incense Burner","Frozen Egg 2","Regal Pillow","Eternal Feather","Happy Flower","StoneCalendar","Nuclear Battery","Pocketwatch","Symbiotic Virus","Dream Catcher","Bottled Flame","Centennial Puzzle","OrangePellets"],"potions_floor_usage":[6,8,16,16,21,22,33,33,37,41,46,48,50],"damage_taken":[{"damage":1,"enemies":"2 Louse","floor":1,"turns":2},{"damage":1,"enemies":"Cultist","floor":2,"turns":4},{"damage":0,"enemies":"Small Slimes","floor":4,"turns":3},{"damage":23,"enemies":"Gremlin Gang","floor":5,"turns":4},{"damage":23,"enemies":"Lagavulin","floor":6,"turns":5},{"damage":16,"enemies":"Gremlin Nob","floor":8,"turns":3},{"damage":20,"enemies":"Lagavulin","floor":11,"turns":5},{"damage":0,"enemies":"Exordium Wildlife","floor":13,"turns":3},{"damage":0,"enemies":"Slime Boss","floor":16,"turns":4},{"damage":20,"enemies":"3 Byrds","floor":18,"turns":5},{"damage":14,"enemies":"Chosen","floor":19,"turns":4},{"damage":11,"enemies":"Snake Plant","floor":21,"turns":3},{"damage":0,"enemies":"Sentry and Sphere","floor":22,"turns":2},{"damage":28,"enemies":"Slavers","floor":27,"turns":3},{"damage":6,"enemies":"Shelled Parasite and Fungi","floor":30,"turns":4},{"damage":0,"enemies":"3 Cultists","floor":31,"turns":3},{"damage":5,"enemies":"Champ","floor":33,"turns":6},{"damage":0,"enemies":"3 Shapes","floor":35,"turns":3},{"damage":30,"enemies":"3 Darklings","floor":36,"turns":3},{"damage":26,"enemies":"Mysterious Sphere","floor":37,"turns":4},{"damage":4,"enemies":"Maw","floor":39,"turns":5},{"damage":40,"enemies":"Giant Head","floor":41,"turns":6},{"damage":0,"enemies":"Sphere and 2 Shapes","floor":44,"turns":4},{"damage":8,"enemies":"4 Shapes","floor":46,"turns":2},{"damage":0,"enemies":"Reptomancer","floor":48,"turns":2},{"damage":87,"enemies":"Awakened One","floor":50,"turns":6}],"seed_played":"6766544806682317874","potions_obtained":[{"floor":4,"key":"FocusPotion"},{"floor":5,"key":"LiquidBronze"},{"floor":6,"key":"Poison Potion"},{"floor":13,"key":"PowerPotion"},{"floor":16,"key":"SteroidPotion"},{"floor":19,"key":"Regen Potion"},{"floor":27,"key":"Ancient Potion"},{"floor":30,"key":"Dexterity Potion"},{"floor":31,"key":"SkillPotion"},{"floor":35,"key":"FearPotion"},{"floor":36,"key":"SpeedPotion"},{"floor":39,"key":"SkillPotion"},{"floor":44,"key":"FocusPotion"}],"is_trial":false,"path_per_floor":["M","M","?","M","M","E","R","E","T","R","E","$","M","?","R","B",null,"M","M","$","M","M","R","?","R","T","E","?","R","M","M","R","B",null,"M","M","?","?","M","R","E","?","T","M","R","M","$","M","R"],"character_chosen":"DEFECT","items_purchased":["Heatsinks+1","SkillPotion","Cold Snap","Melter","Storm+1","Panache+1","SkillPotion","Defragment+1","Weak Potion","Swift Potion","Centennial Puzzle","OrangePellets","Sunder"],"campfire_rested":5,"item_purchase_floors":[12,12,12,12,20,20,20,47,47,47,47,47,47],"current_hp_per_floor":[67,66,66,66,43,20,42,26,26,48,28,28,28,28,65,75,75,65,61,61,60,65,75,75,75,75,57,75,75,69,69,75,75,75,75,45,29,29,35,75,45,45,45,45,75,67,67,67,75,0],"gold":25,"neow_bonus":"THREE_RARE_CARDS","is_prod":false,"is_daily":false,"chose_seed":false,"campfire_upgraded":5,"win_rate":0,"timestamp":1537805579,"path_taken":["M","M","?","M","?","E","R","E","T","R","E","$","M","?","R","BOSS","M","M","$","M","M","R","?","R","T","E","?","R","M","?","R","BOSS","M","M","?","?","?","R","E","?","T","M","R","M","$","?","R","BOSS"],"build_version":"2018-09-20","purchased_purges":0,"victory":false,"max_hp_per_floor":[75,75,75,75,75,75,75,75,75,75,75,75,75,75,75,75,75,75,75,75,75,75,75,75,75,75,75,75,75,75,75,75,75,75,75,75,75,75,75,75,75,75,75,75,75,75,75,75,75,75],"card_choices":[{"not_picked":["Buffer","Meteor Strike"],"picked":"Fission","floor":0},{"not_picked":["Go for the Eyes","Beam Cell"],"picked":"Gash","floor":1},{"not_picked":["Compile Driver","Coolheaded"],"picked":"Conserve Battery","floor":2},{"not_picked":["Rip and Tear","Coolheaded"],"picked":"Ball Lightning","floor":4},{"not_picked":["Cold Snap","Compile Driver"],"picked":"Ball Lightning","floor":5},{"not_picked":["Cold Snap","Sweeping Beam"],"picked":"Loop","floor":6},{"not_picked":["Static Discharge","Go for the Eyes"],"picked":"Biased Cognition","floor":8},{"not_picked":["Compile Driver","Streamline"],"picked":"Doom and Gloom","floor":11},{"not_picked":["Reinforced Body","Hologram"],"picked":"Self Repair+1","floor":13},{"not_picked":["Meteor Strike","Reboot"],"picked":"Electrodynamics+1","floor":16},{"not_picked":["Leap","Sweeping Beam"],"picked":"Steam","floor":18},{"not_picked":["Sweeping Beam","Conserve Battery"],"picked":"Gash","floor":19},{"not_picked":["Steam","Skim"],"picked":"BootSequence+1","floor":21},{"not_picked":["Auto Shields","Cold Snap"],"picked":"Defragment+1","floor":22},{"not_picked":["Turbo","Consume"],"picked":"Coolheaded","floor":27},{"not_picked":["Sunder","Undo"],"picked":"Redo","floor":30},{"not_picked":["Turbo","Leap","Barrage"],"picked":"SKIP","floor":31},{"not_picked":["Reboot","All For One"],"picked":"Biased Cognition+1","floor":33},{"not_picked":["Leap","Beam Cell"],"picked":"Aggregate+1","floor":35},{"not_picked":["Ball Lightning","Beam Cell"],"picked":"Loop+1","floor":36},{"not_picked":["Hologram","Cold Snap+1"],"picked":"Force Field+1","floor":37},{"not_picked":["Barrage","Sweeping Beam"],"picked":"Biased Cognition+1","floor":39},{"not_picked":["Compile Driver","Turbo"],"picked":"FTL","floor":41},{"not_picked":["Streamline","Beam Cell"],"picked":"Glacier","floor":44},{"not_picked":["Undo","Barrage"],"picked":"FTL+1","floor":45},{"not_picked":["Coolheaded","Go for the Eyes"],"picked":"Defragment+1","floor":46},{"not_picked":["Compile Driver","Undo"],"picked":"Double Energy+1","floor":48}],"player_experience":723014,"relics_obtained":[{"floor":6,"key":"Whetstone"},{"floor":8,"key":"Incense Burner"},{"floor":9,"key":"Frozen Egg 2"},{"floor":11,"key":"Regal Pillow"},{"floor":26,"key":"Happy Flower"},{"floor":27,"key":"StoneCalendar"},{"floor":37,"key":"Pocketwatch"},{"floor":41,"key":"Dream Catcher"},{"floor":43,"key":"Bottled Flame"}],"event_choices":[{"event_name":"Golden Shrine","player_choice":"Pray","floor":3,"damage_taken":0},{"event_name":"Golden Wing","player_choice":"Gained Gold","floor":14,"damage_taken":0},{"event_name":"Nest","player_choice":"Stole From Cult","floor":24,"damage_taken":0},{"event_name":"Wheel of Change","player_choice":"Full Heal","floor":28,"damage_taken":0},{"event_name":"Mysterious Sphere","player_choice":"Fight","floor":37,"damage_taken":0},{"event_name":"WeMeetAgain","player_choice":"Potion","floor":38,"damage_taken":0},{"event_name":"Upgrade Shrine","player_choice":"Upgraded","floor":42,"damage_taken":0}],"is_beta":false,"boss_relics":[{"not_picked":["Black Star","Philosopher\u0027s Stone"],"picked":"Eternal Feather"},{"not_picked":["Velvet Choker","FrozenCore"],"picked":"Nuclear Battery"}],"items_purged_floors":[],"is_endless":false,"potions_floor_spawned":[4,5,6,13,16,19,27,30,31,35,36,39,44],"killed_by":"Awakened One","ascension_level":13}