{"gold_per_floor":[119,119,40,40,40,40,58,114,114,56,88,99,124,124,124,124],"floor_reached":16,"playtime":318,"items_purged":[],"score":212,"play_id":"d242ec7b-8eb4-479b-80d6-4fd1338866d7","local_time":"20190329150946","is_ascension_mode":true,"campfire_choices":[{"floor":6.0,"key":"REST"},{"data":"Sunder","floor":15.0,"key":"SMITH"}],"neow_cost":"NONE","seed_source_timestamp":14696580431000,"circlet_count":0,"master_deck":["AscendersBane","Strike_B","Strike_B+1","Strike_B+1","Defend_B","Defend_B","Defend_B","Defend_B","Zap","Dualcast","Self Repair","Sunder+1","Barrage","Ball Lightning","Hologram+1","Coolheaded","Defragment+1"],"special_seed":0,"relics":["Cracked Core","NeowsBlessing","Frozen Egg 2","Anchor","Cables","Ornamental Fan","Shuriken"],"potions_floor_usage":[16,16],"damage_taken":[{"damage":0.0,"enemies":"Small Slimes","floor":1.0,"turns":1.0},{"damage":0.0,"enemies":"Jaw Worm","floor":7.0,"turns":1.0},{"damage":0.0,"enemies":"3 Sentries","floor":8.0,"turns":1.0},{"damage":20.0,"enemies":"Lagavulin","floor":11.0,"turns":7.0},{"damage":0.0,"enemies":"2 Louse","floor":12.0,"turns":1.0},{"damage":27.0,"enemies":"3 Sentries","floor":13.0,"turns":6.0},{"damage":10,"enemies":"The Guardian","floor":16,"turns":4}],"seed_played":"5501866381861659041","potions_obtained":[{"floor":1.0,"key":"Energy Potion"},{"floor":11.0,"key":"Weak Potion"},{"floor":12.0,"key":"Strength Potion"}],"is_trial":false,"path_per_floor":["M","?","$","?","?","R","M","?","T","$","E","M","E","?","R","B"],"character_chosen":"DEFECT","items_purchased":["Self Repair","Ball Lightning"],"campfire_rested":1,"item_purchase_floors":[3,10],"current_hp_per_floor":[64,43,43,32,25,46,46,46,46,46,33,33,13,13,13,3],"gold":124,"neow_bonus":"THREE_ENEMY_KILL","is_prod":false,"is_daily":false,"chose_seed":false,"campfire_upgraded":1,"win_rate":0,"timestamp":1553839786,"path_taken":["M","?","$","?","?","R","M","?","T","$","E","?","E","?","R","BOSS"],"build_version":"2019-01-23","purchased_purges":0,"victory":false,"max_hp_per_floor":[71,71,71,71,71,71,71,71,71,71,71,71,71,71,71,71],"card_choices":[{"not_picked":["Storm","Sweeping Beam","Conserve Battery"],"picked":"SKIP","floor":1.0},{"not_picked":["Barrage","BootSequence"],"picked":"Sunder","floor":7.0},{"not_picked":["Leap","Go for the Eyes"],"picked":"Barrage","floor":8.0},{"not_picked":["Turbo","Fission"],"picked":"Hologram","floor":11.0},{"not_picked":["Redo","Fusion"],"picked":"Coolheaded","floor":12.0},{"not_picked":["Leap","Hyperbeam"],"picked":"Defragment+1","floor":13.0}],"player_experience":2708505,"relics_obtained":[{"floor":8.0,"key":"Anchor"},{"floor":9.0,"key":"Cables"},{"floor":11.0,"key":"Ornamental Fan"},{"floor":13.0,"key":"Shuriken"}],"event_choices":[{"damage_healed":0.0,"max_hp_gain":0.0,"max_hp_loss":0.0,"gold_gain":0.0,"event_name":"Shining Light","player_choice":"Entered Light","floor":2.0,"gold_loss":0.0,"damage_taken":21.0,"cards_upgraded":["Strike_B","Strike_B"]},{"damage_healed":0.0,"max_hp_gain":0.0,"max_hp_loss":0.0,"gold_gain":0.0,"event_name":"Scrap Ooze","player_choice":"Success","floor":4.0,"gold_loss":0.0,"damage_taken":11.0,"relics_obtained":["Frozen Egg 2"]},{"cards_removed":["Strike_B"],"damage_healed":0.0,"max_hp_gain":0.0,"max_hp_loss":0.0,"gold_gain":0.0,"event_name":"Golden Wing","player_choice":"Card Removal","floor":5.0,"gold_loss":0.0,"damage_taken":7.0},{"damage_healed":0.0,"max_hp_gain":0.0,"max_hp_loss":0.0,"gold_gain":30.0,"event_name":"Dead Adventurer","player_choice":"Searched \u00273\u0027 times","floor":8.0,"gold_loss":0.0,"damage_taken":0.0},{"damage_healed":0.0,"max_hp_gain":0.0,"max_hp_loss":0.0,"gold_gain":0.0,"event_name":"Living Wall","player_choice":"Grow","floor":14.0,"gold_loss":0.0,"damage_taken":0.0,"cards_upgraded":["Hologram"]}],"is_beta":false,"boss_relics":[],"items_purged_floors":[],"is_endless":false,"potions_floor_spawned":[1,11,12,13],"killed_by":"The Guardian","ascension_level":20}