{"path_per_floor":["M","M","?","M","M","R","M","R","T","M","?","E","R","M","R"],"character_chosen":"THE_SILENT","items_purchased":[],"gold_per_floor":[13,33,33,45,65,65,79,79,79,94,94,159,159,184,184,184],"floor_reached":16,"campfire_rested":0,"playtime":877,"item_purchase_floors":[],"current_hp_per_floor":[63,62,62,62,61,61,61,61,61,54,54,51,51,51,51,0],"items_purged":[],"gold":184,"score":156,"play_id":"3f97663b-8412-4456-8b56-f5adc698da1c","local_time":"20180609121041","is_prod":false,"is_daily":false,"chose_seed":false,"is_ascension_mode":true,"campfire_upgraded":4,"win_rate":0,"timestamp":1528517441,"campfire_choices":[{"data":"Phantasmal Killer","floor":6,"key":"SMITH"},{"data":"Neutralize","floor":8,"key":"SMITH"},{"data":"Cloak And Dagger","floor":13,"key":"SMITH"},{"data":"Predator","floor":15,"key":"SMITH"}],"path_taken":["M","M","?","M","M","R","M","R","T","M","?","E","R","M","R","BOSS"],"build_version":"2018-06-07v2","seed_source_timestamp":1123009062021184,"purchased_purges":0,"victory":false,"master_deck":["Defend_G","Defend_G","Defend_G","Strike_G","Strike_G","Strike_G","Strike_G","Survivor","Neutralize+1","AscendersBane","Cloak And Dagger+1","Backflip","Phantasmal Killer+1","Predator+1","Blur"],"max_hp_per_floor":[70,70,70,70,70,70,70,70,70,70,65,65,65,65,65,65],"relics":["Ring of the Snake","Anchor","Golden Idol","Tiny Chest"],"card_choices":[{"not_picked":["Poisoned Stab","Underhanded Strike"],"picked":"Cloak And Dagger","floor":1},{"not_picked":["Slice","Reflex"],"picked":"Backflip","floor":2},{"not_picked":["Slice","Acrobatics","Flying Knee"],"picked":"SKIP","floor":4},{"not_picked":["Acrobatics","Prepared"],"picked":"Predator","floor":5},{"not_picked":["Slice","Endless Agony"],"picked":"Blur","floor":7},{"not_picked":["Dodge and Roll","Acrobatics","Deflect"],"picked":"SKIP","floor":10},{"not_picked":["PiercingWail","Poisoned Stab","Deadly Poison"],"picked":"SKIP","floor":12},{"not_picked":["Poisoned Stab","Eviscerate","Grand Finale"],"picked":"SKIP","floor":14}],"player_experience":411307,"potions_floor_usage":[12,12],"damage_taken":[{"damage":0,"enemies":"Jaw Worm","floor":1,"turns":5},{"damage":1,"enemies":"Cultist","floor":2,"turns":4},{"damage":0,"enemies":"2 Louse","floor":4,"turns":3},{"damage":1,"enemies":"Blue Slaver","floor":5,"turns":5},{"damage":0,"enemies":"Looter","floor":7,"turns":4},{"damage":7,"enemies":"Exordium Wildlife","floor":10,"turns":5},{"damage":3,"enemies":"Lagavulin","floor":12,"turns":10},{"damage":0,"enemies":"Lots of Slimes","floor":14,"turns":5},{"damage":58,"enemies":"Slime Boss","floor":16,"turns":10}],"relics_obtained":[{"floor":9,"key":"Anchor"},{"floor":12,"key":"Tiny Chest"}],"event_choices":[{"event_name":"Transmorgrifier","player_choice":"Transform","floor":3,"damage_taken":0},{"event_name":"Golden Idol","player_choice":"Lose Max HP","floor":11,"damage_taken":0}],"boss_relics":[],"items_purged_floors":[],"potions_floor_spawned":[2,5],"seed_played":"5612463827583610159","killed_by":"Slime Boss","ascension_level":10,"potions_obtained":[{"floor":2,"key":"Ancient Potion"},{"floor":5,"key":"Dexterity Potion"}],"is_trial":false}