{"gold_per_floor":[216,291,291,311,8,8,41,41,41,316,334,345,363,288,288,288],"floor_reached":16,"playtime":423,"items_purged":["Regret"],"score":200,"play_id":"96bcee73-99a3-4faf-9380-8636c0831995","local_time":"20190309203828","is_ascension_mode":true,"campfire_choices":[{"data":"Zap","floor":6,"key":"SMITH"},{"data":"Dualcast","floor":8,"key":"SMITH"},{"floor":15,"key":"REST"}],"neow_cost":"NONE","seed_source_timestamp":37436868766200,"circlet_count":0,"master_deck":["AscendersBane","Strike_B","Strike_B","Strike_B","Strike_B","Defend_B","Defend_B","Defend_B","Defend_B","Zap+1","Dualcast+1","FTL","Core Surge","Cold Snap","Consume"],"relics":["Cracked Core","Bag of Marbles","Regal Pillow","Bronze Scales","Frozen Egg 2"],"potions_floor_usage":[7,16,16],"damage_taken":[{"damage":7,"enemies":"Jaw Worm","floor":1,"turns":3},{"damage":1,"enemies":"Cultist","floor":4,"turns":4},{"damage":14,"enemies":"Gremlin Nob","floor":7,"turns":3},{"damage":7,"enemies":"Small Slimes","floor":11,"turns":2},{"damage":2,"enemies":"Looter","floor":12,"turns":3},{"damage":14,"enemies":"3 Louse","floor":13,"turns":2},{"damage":25,"enemies":"Slime Boss","floor":16,"turns":8}],"seed_played":"-6685457937098297026","potions_obtained":[{"floor":7,"key":"Block Potion"},{"floor":11,"key":"Weak Potion"}],"is_trial":false,"path_per_floor":["M","?","?","M","$","R","E","R","T","?","M","M","M","$","R","B"],"character_chosen":"DEFECT","items_purchased":["Core Surge","Regal Pillow","Fire Potion"],"campfire_rested":1,"item_purchase_floors":[5,5,5],"current_hp_per_floor":[57,46,46,45,45,45,31,31,31,31,24,22,8,8,44,19],"gold":288,"neow_bonus":"HUNDRED_GOLD","is_prod":false,"is_daily":false,"chose_seed":false,"campfire_upgraded":2,"win_rate":0,"timestamp":1552131508,"path_taken":["M","?","?","?","$","R","E","R","T","?","?","M","M","?","R","BOSS"],"build_version":"2019-01-23","purchased_purges":1,"victory":false,"max_hp_per_floor":[71,71,71,71,71,71,71,71,71,71,71,71,71,71,71,71],"card_choices":[{"not_picked":["Sweeping Beam","Rip and Tear"],"picked":"Streamline","floor":1},{"not_picked":["Storm","Leap"],"picked":"FTL","floor":4},{"not_picked":["Steam","Capacitor"],"picked":"Cold Snap","floor":7},{"not_picked":["Compile Driver","Steam","Storm+1"],"picked":"SKIP","floor":11},{"not_picked":["Turbo","Tempest"],"picked":"Consume","floor":12},{"not_picked":["Hyperbeam","Storm+1","Consume"],"picked":"SKIP","floor":13}],"player_experience":2110557,"relics_obtained":[{"floor":7,"key":"Bronze Scales"},{"floor":9,"key":"Frozen Egg 2"}],"event_choices":[{"damage_healed":0,"gold_gain":75,"player_choice":"Gather Gold","damage_taken":11,"max_hp_gain":0,"max_hp_loss":0,"event_name":"World of Goop","floor":2,"gold_loss":0},{"cards_removed":["Streamline"],"damage_healed":0,"gold_gain":0,"player_choice":"Gave Card","damage_taken":0,"relics_obtained":["Bag of Marbles"],"max_hp_gain":0,"max_hp_loss":0,"event_name":"WeMeetAgain","floor":3,"gold_loss":0},{"damage_healed":0,"gold_gain":275,"player_choice":"Desecrate","damage_taken":0,"max_hp_gain":0,"max_hp_loss":0,"event_name":"Golden Shrine","floor":10,"gold_loss":0,"cards_obtained":["Regret"]}],"is_beta":false,"boss_relics":[],"items_purged_floors":[14],"is_endless":false,"potions_floor_spawned":[7,11,12],"killed_by":"Slime Boss","ascension_level":20}