{"path_per_floor":["M","$","M","M","M","R","E","M","T","?","R","M","$","M","R","B",null,"M","$","M"],"character_chosen":"DEFECT","items_purchased":["Ice Cream","FTL","Redo"],"gold_per_floor":[361,49,66,77,92,92,118,137,162,162,162,177,102,119,119,221,221,236,41,60,60],"floor_reached":21,"campfire_rested":2,"playtime":1176,"item_purchase_floors":[2,19,19],"current_hp_per_floor":[67,67,65,65,58,58,52,29,29,29,51,51,51,51,73,30,75,54,54,26,0],"items_purged":["Strike_B","Defend_B"],"gold":60,"score":220,"play_id":"843c1953-c373-4deb-add7-f55252aa1c72","local_time":"20180608212530","is_prod":false,"is_daily":false,"chose_seed":false,"is_ascension_mode":true,"campfire_upgraded":1,"win_rate":0,"timestamp":1528482330,"campfire_choices":[{"data":"Redo","floor":6,"key":"SMITH"},{"floor":11,"key":"REST"},{"floor":15,"key":"REST"}],"path_taken":["M","$","M","M","M","R","E","?","T","?","R","?","$","?","R","BOSS","M","$","M","M"],"build_version":"2018-06-07","seed_source_timestamp":1551806734623078,"purchased_purges":2,"victory":false,"master_deck":["Strike_B","Strike_B","Defend_B","Defend_B","Defend_B","Zap","Dualcast","Redo+1","Gash","Scrape","BootSequence","Tempest","BootSequence","Multi-Cast","Beam Cell","FTL","Redo","Steam"],"max_hp_per_floor":[68,68,68,68,68,68,75,75,75,75,75,75,75,75,75,75,75,75,75,75,75],"relics":["Cracked Core","Ice Cream","Strawberry","Potion Belt","Sozu"],"card_choices":[{"not_picked":["Leap","Streamline"],"picked":"Redo","floor":1},{"not_picked":["Steam","Barrage"],"picked":"Gash","floor":3},{"not_picked":["Sweeping Beam","Go for the Eyes"],"picked":"Scrape","floor":4},{"not_picked":["Cold Snap","Rebound"],"picked":"BootSequence","floor":5},{"not_picked":["Double Energy","Compile Driver"],"picked":"Tempest","floor":7},{"not_picked":["Amplify","Doom and Gloom","Stack"],"picked":"SKIP","floor":8},{"not_picked":["Capacitor","Static Discharge","Rebound"],"picked":"SKIP","floor":12},{"not_picked":["Scrape","Rebound"],"picked":"BootSequence","floor":14},{"not_picked":["Seek","Buffer"],"picked":"Multi-Cast","floor":16},{"not_picked":["Turbo","Compile Driver"],"picked":"Beam Cell","floor":18},{"not_picked":["Scrape","Coolheaded"],"picked":"Steam","floor":20}],"player_experience":494312,"potions_floor_usage":[7],"damage_taken":[{"damage":1,"enemies":"Cultist","floor":1,"turns":4},{"damage":2,"enemies":"2 Louse","floor":3,"turns":2},{"damage":0,"enemies":"Small Slimes","floor":4,"turns":3},{"damage":7,"enemies":"Looter","floor":5,"turns":3},{"damage":13,"enemies":"3 Sentries","floor":7,"turns":6},{"damage":23,"enemies":"Exordium Thugs","floor":8,"turns":4},{"damage":0,"enemies":"Red Slaver","floor":12,"turns":3},{"damage":0,"enemies":"2 Fungi Beasts","floor":14,"turns":3},{"damage":43,"enemies":"Slime Boss","floor":16,"turns":12},{"damage":21,"enemies":"Chosen","floor":18,"turns":4},{"damage":28,"enemies":"3 Byrds","floor":20,"turns":4},{"damage":28,"enemies":"Centurion and Healer","floor":21,"turns":4}],"relics_obtained":[{"floor":7,"key":"Strawberry"},{"floor":9,"key":"Potion Belt"}],"event_choices":[{"event_name":"Purifier","player_choice":"One Purge","floor":10,"damage_taken":0}],"boss_relics":[{"not_picked":["Snecko Eye","Busted Crown"],"picked":"Sozu"}],"items_purged_floors":[13,19],"potions_floor_spawned":[4,5,8,18,20],"seed_played":"-7016215838584004108","killed_by":"Centurion and Healer","ascension_level":4,"potions_obtained":[{"floor":4,"key":"Ancient Potion"},{"floor":5,"key":"SpeedPotion"},{"floor":8,"key":"Ancient Potion"}],"is_trial":false}