{"path_per_floor":["M","?","M","?","M","R","E","R","T","E","M","E","R","M","R","B",null,"M","$","M","?","M","E","R","M","T","?","R","M","R","M","R","B",null,"M","M","M","?","?","R","E","R","T","M","E","?","M","M","R","B"],"character_chosen":"THE_SILENT","items_purchased":["After Image"],"gold_per_floor":[110,60,77,77,91,91,116,116,165,199,217,242,242,257,257,352,352,372,133,146,146,166,198,198,210,210,210,210,230,230,249,249,347,347,365,382,397,397,397,397,432,432,513,529,559,559,578,597,597,597],"floor_reached":51,"campfire_rested":2,"playtime":6776,"current_hp_per_floor":[62,62,62,48,48,48,17,17,17,16,16,15,15,15,15,7,54,54,54,22,22,11,11,11,8,8,8,29,28,28,18,39,27,59,40,25,16,16,61,61,51,51,51,52,52,47,56,58,58,15],"items_purged":["Defend_G"],"gold":597,"score":1036,"play_id":"fcc35cee-56e8-41b5-ada1-43689321e4b5","local_time":"20180404233921","is_prod":false,"is_daily":false,"is_ascension_mode":true,"campfire_upgraded":9,"timestamp":1522856361,"path_taken":["M","?","M","?","M","R","E","R","T","E","M","E","R","?","R","BOSS","M","$","M","?","M","E","R","M","T","?","R","?","R","M","R","BOSS","M","M","M","?","?","R","E","R","T","M","E","?","M","M","R","BOSS"],"build_version":"2018-04-03","purchased_purges":1,"victory":true,"master_deck":["Defend_G","Defend_G+1","Defend_G","Defend_G","Strike_G","Strike_G","Strike_G+1","Survivor","Neutralize+1","Dash+1","Leg Sweep+1","Tools of the Trade","Reflex+1","Dagger Spray+1","Bullet Time+1","Infinite Blades","Burst+1","Backflip","After Image+1","Underhanded Strike","PiercingWail","Deadly Poison+1","Heel Hook+1","Terror","Acrobatics","Bouncing Flask+1","Heel Hook","A Thousand Cuts+1","Catalyst+1","Cloak And Dagger+1","Finisher+1","Reflex+1","Blur+1","Master of Strategy","Dark Shackles","Riddle With Holes+1"],"max_hp_per_floor":[70,70,70,70,70,70,70,70,70,70,70,70,70,70,70,70,70,70,70,70,70,70,70,70,70,70,70,70,70,70,70,70,70,70,70,70,70,70,61,61,61,61,61,63,65,65,65,67,67,67],"relics":["Ring of the Snake","Snake Skull","Art of War","Prayer Wheel","Omamori","Cursed Key","Centennial Puzzle","War Paint","White Beast Statue","Matryoshka","Singing Bowl","Shuriken","Ornamental Fan"],"card_choices":[{"not_picked":["Cloak And Dagger","PiercingWail"],"picked":"Dash","floor":1},{"not_picked":["Flying Knee","Backflip"],"picked":"Leg Sweep","floor":5},{"not_picked":["Flying Knee","Crippling Poison"],"picked":"Tools of the Trade","floor":7},{"not_picked":["Escape Plan","Bane"],"picked":"Reflex","floor":10},{"not_picked":["Endless Agony","Deadly Poison"],"picked":"Dagger Spray","floor":11},{"not_picked":["Concentrate","PiercingWail"],"picked":"Bullet Time","floor":12},{"not_picked":["Cloak And Dagger","Accuracy"],"picked":"Infinite Blades","floor":14},{"not_picked":["Tools of the Trade","Storm of Steel"],"picked":"Burst","floor":16},{"not_picked":["Flechettes","Quick Slash"],"picked":"Backflip","floor":18},{"not_picked":["All Out Attack","Dagger Throw"],"picked":"Underhanded Strike","floor":20},{"not_picked":["Underhanded Strike","Malaise"],"picked":"Deadly Poison","floor":22},{"not_picked":["Skewer","Deflect"],"picked":"Heel Hook","floor":23},{"not_picked":["Acrobatics","Endless Agony"],"picked":"Terror","floor":25},{"not_picked":["Flechettes","Prepared"],"picked":"Acrobatics","floor":26},{"not_picked":["Deadly Poison","Wraith Form"],"picked":"Bouncing Flask","floor":29},{"not_picked":["Underhanded Strike","Sucker Punch"],"picked":"Heel Hook","floor":31},{"not_picked":["Die Die Die","Burst"],"picked":"A Thousand Cuts","floor":33},{"not_picked":["Endless Agony","Masterful Stab"],"picked":"Catalyst","floor":35},{"not_picked":["Dagger Spray","Setup"],"picked":"Cloak And Dagger","floor":36},{"not_picked":["PiercingWail","Eviscerate"],"picked":"Finisher","floor":37},{"not_picked":["Deadly Poison","Flying Knee"],"picked":"Reflex","floor":41},{"not_picked":["Underhanded Strike","Slice"],"picked":"Blur","floor":43},{"not_picked":["Mind Blast","Trip"],"picked":"Master of Strategy","floor":46},{"not_picked":["Mind Blast","Enlightenment"],"picked":"Dark Shackles","floor":46},{"not_picked":["Underhanded Strike","Dagger Spray"],"picked":"Riddle With Holes","floor":47}],"player_experience":227434,"potions_floor_usage":[10,12,12,20,25,33,37,44,45,47,48,48,50,50],"damage_taken":[{"damage":1,"enemies":"Jaw Worm","floor":1,"turns":4},{"damage":0,"enemies":"Small Slimes","floor":3,"turns":6},{"damage":0,"enemies":"Cultist","floor":5,"turns":4},{"damage":31,"enemies":"Gremlin Nob","floor":7,"turns":6},{"damage":16,"enemies":"Lagavulin","floor":10,"turns":9},{"damage":0,"enemies":"Exordium Thugs","floor":11,"turns":6},{"damage":1,"enemies":"3 Sentries","floor":12,"turns":7},{"damage":0,"enemies":"Looter","floor":14,"turns":3},{"damage":8,"enemies":"The Guardian","floor":16,"turns":14},{"damage":0,"enemies":"Shell Parasite","floor":18,"turns":7},{"damage":32,"enemies":"2 Thieves","floor":20,"turns":5},{"damage":11,"enemies":"Cultist and Chosen","floor":22,"turns":9},{"damage":0,"enemies":"Book of Stabbing","floor":23,"turns":6},{"damage":3,"enemies":"Snecko","floor":25,"turns":5},{"damage":1,"enemies":"Snake Plant","floor":29,"turns":3},{"damage":10,"enemies":"3 Cultists","floor":31,"turns":5},{"damage":12,"enemies":"Automaton","floor":33,"turns":9},{"damage":19,"enemies":"Flame Bruiser 1 Orb","floor":35,"turns":5},{"damage":15,"enemies":"Orb Walker","floor":36,"turns":3},{"damage":9,"enemies":"Maw","floor":37,"turns":6},{"damage":10,"enemies":"Nemesis","floor":41,"turns":7},{"damage":1,"enemies":"4 Shapes","floor":44,"turns":6},{"damage":2,"enemies":"Giant Head","floor":45,"turns":5},{"damage":0,"enemies":"Spire Growth","floor":47,"turns":3},{"damage":0,"enemies":"3 Darklings","floor":48,"turns":5},{"damage":43,"enemies":"Awakened One","floor":50,"turns":12}],"event_choices":[{"event_name":"The Cleric","player_choice":"Card Removal","floor":2,"damage_taken":0},{"event_name":"Shining Light","player_choice":"Entered Light","floor":4,"damage_taken":0},{"event_name":"Transmorgrifier","player_choice":"Transform","floor":21,"damage_taken":0},{"event_name":"Cursed Tome","player_choice":"Ignored","floor":27,"damage_taken":0},{"event_name":"Tomb of Lord Red Mask","player_choice":"Ignored","floor":38,"damage_taken":0},{"event_name":"The Moai Head","player_choice":"Heal","floor":39,"damage_taken":0},{"event_name":"SensoryStone","player_choice":"Memory 2","floor":46,"damage_taken":0}],"boss_relics":[{"not_picked":["Philosopher\u0027s Stone","Velvet Choker"],"picked":"Cursed Key"},{"not_picked":["Eternal Feather","Runic Dome"],"picked":"White Beast Statue"}],"potions_floor_spawned":[3,10,11,16,20,22,35,36,37,41,44,45,47,48],"seed_played":"-5623023579338001978","ascension_level":7,"is_trial":false}