{"gold_per_floor":[115,131,101,120,45,80,80,80,80,115,115],"floor_reached":11,"playtime":224,"items_purged":[],"score":162,"play_id":"e267e627-eda9-413c-903b-0100db9731c5","local_time":"20190223135611","is_ascension_mode":true,"campfire_choices":[{"data":"Consume","floor":8,"key":"SMITH"}],"neow_cost":"NONE","seed_source_timestamp":266943361471600,"circlet_count":0,"master_deck":["AscendersBane","Strike_B","Strike_B","Strike_B","Defend_B","Defend_B","Defend_B","Defend_B","Zap","Dualcast","Streamline","Cold Snap","Streamline","Consume+1","Glacier"],"relics":["Cracked Core","NeowsBlessing","Pantograph","FaceOfCleric","Gremlin Horn","Ancient Tea Set"],"potions_floor_usage":[11],"damage_taken":[{"damage":0,"enemies":"Small Slimes","floor":1,"turns":1},{"damage":0,"enemies":"Cultist","floor":2,"turns":1},{"damage":0,"enemies":"2 Louse","floor":4,"turns":1},{"damage":42,"enemies":"3 Sentries","floor":6,"turns":7},{"damage":30,"enemies":"Lagavulin","floor":10,"turns":7},{"damage":15,"enemies":"Gremlin Gang","floor":11,"turns":1}],"seed_played":"-7194847061547753814","potions_obtained":[{"floor":2,"key":"Poison Potion"},{"floor":3,"key":"FairyPotion"}],"is_trial":false,"path_per_floor":["M","M","?","M","?","E","?","R","T","E","M"],"character_chosen":"DEFECT","items_purchased":[],"campfire_rested":0,"item_purchase_floors":[],"current_hp_per_floor":[64,64,64,64,64,22,22,22,22,8,0],"gold":115,"neow_bonus":"THREE_ENEMY_KILL","is_prod":false,"is_daily":false,"chose_seed":false,"campfire_upgraded":1,"win_rate":0,"timestamp":1550897771,"path_taken":["M","M","?","?","?","E","?","R","T","E","M"],"build_version":"2019-01-23","purchased_purges":0,"victory":false,"max_hp_per_floor":[71,71,71,71,71,71,71,71,71,72,72],"card_choices":[{"not_picked":["Turbo","Aggregate"],"picked":"Streamline","floor":1},{"not_picked":["Barrage","Beam Cell"],"picked":"Cold Snap","floor":2},{"not_picked":["Static Discharge","Recycle"],"picked":"Streamline","floor":4},{"not_picked":["Gash","Reinforced Body"],"picked":"Consume","floor":6},{"not_picked":["Darkness","Coolheaded"],"picked":"Glacier","floor":10}],"player_experience":1771031,"relics_obtained":[{"floor":6,"key":"Pantograph"},{"floor":9,"key":"Gremlin Horn"},{"floor":10,"key":"Ancient Tea Set"}],"event_choices":[{"damage_healed":0,"gold_gain":0,"player_choice":"Bought 2 Potions","damage_taken":0,"max_hp_gain":0,"max_hp_loss":0,"event_name":"The Woman in Blue","floor":3,"gold_loss":0},{"cards_removed":["Strike_B"],"damage_healed":0,"gold_gain":0,"player_choice":"Card Removal","damage_taken":0,"max_hp_gain":0,"max_hp_loss":0,"event_name":"The Cleric","floor":5,"gold_loss":75},{"damage_healed":0,"gold_gain":0,"player_choice":"Trade","damage_taken":0,"relics_obtained":["FaceOfCleric"],"max_hp_gain":0,"max_hp_loss":0,"event_name":"FaceTrader","floor":7,"gold_loss":0}],"is_beta":false,"boss_relics":[],"items_purged_floors":[],"is_endless":false,"potions_floor_spawned":[2,4],"killed_by":"Gremlin Gang","ascension_level":20}