{"gold_per_floor":[12,12,26,45,120,120,155,155,178,178],"floor_reached":10,"playtime":439,"items_purged":[],"score":106,"play_id":"1d3869bf-2c30-4c7b-980c-0e81bdceb393","local_time":"20180827215557","is_ascension_mode":true,"campfire_choices":[{"data":"Infinite Blades","floor":6,"key":"SMITH"},{"floor":8,"key":"REST"}],"neow_cost":"NO_GOLD","seed_source_timestamp":2956498473679,"circlet_count":0,"master_deck":["Defend_G","Defend_G","Defend_G","Defend_G","Defend_G","Strike_G","Strike_G","Strike_G","Strike_G","Strike_G","Survivor","Neutralize","AscendersBane","Tools of the Trade","Acrobatics","Infinite Blades+1","Dagger Throw"],"relics":["Ring of the Snake","Golden Idol","Ancient Tea Set","Bag of Preparation"],"potions_floor_usage":[4,7],"damage_taken":[{"damage":1,"enemies":"2 Louse","floor":1,"turns":4},{"damage":0,"enemies":"Small Slimes","floor":3,"turns":4},{"damage":4,"enemies":"Jaw Worm","floor":4,"turns":3},{"damage":41,"enemies":"Gremlin Nob","floor":7,"turns":5},{"damage":42,"enemies":"Lagavulin","floor":10,"turns":7}],"seed_played":"2812673638319614747","potions_obtained":[{"floor":3,"key":"SteroidPotion"},{"floor":4,"key":"Explosive Potion"}],"is_trial":false,"path_per_floor":["M","?","M","M","?","R","E","R","T"],"character_chosen":"THE_SILENT","items_purchased":[],"campfire_rested":1,"item_purchase_floors":[],"current_hp_per_floor":[62,62,62,58,47,47,6,25,25,0],"gold":178,"neow_bonus":"THREE_RARE_CARDS","is_prod":false,"is_daily":false,"chose_seed":false,"campfire_upgraded":1,"win_rate":0,"timestamp":1535378157,"path_taken":["M","?","M","M","?","R","E","R","T","E"],"build_version":"2018-08-23v2","purchased_purges":0,"victory":false,"max_hp_per_floor":[70,65,65,65,65,65,65,65,65,65],"card_choices":[{"not_picked":["Corpse Explosion","Wraith Form v2"],"picked":"Tools of the Trade","floor":0},{"not_picked":["Dodge and Roll","Flying Knee","Flechettes"],"picked":"SKIP","floor":1},{"not_picked":["Bane","Dodge and Roll"],"picked":"Acrobatics","floor":3},{"not_picked":["Blur","Bane"],"picked":"Infinite Blades","floor":4},{"not_picked":["Deadly Poison","Prepared"],"picked":"Dagger Throw","floor":7}],"player_experience":471345,"relics_obtained":[{"floor":7,"key":"Ancient Tea Set"},{"floor":9,"key":"Bag of Preparation"}],"event_choices":[{"event_name":"Golden Idol","player_choice":"Lose Max HP","floor":2,"damage_taken":0},{"event_name":"World of Goop","player_choice":"Gather Gold","floor":5,"damage_taken":0}],"is_beta":true,"boss_relics":[],"items_purged_floors":[],"is_endless":false,"potions_floor_spawned":[3,4],"killed_by":"Lagavulin","ascension_level":12}