{"gold_per_floor":[114,128,75,87,13,13,25,50,80,97,117,26,40,53,53,53],"floor_reached":16,"playtime":997,"items_purged":[],"score":207,"play_id":"39cbc217-5778-491d-918b-64310def5635","local_time":"20190422193343","is_ascension_mode":true,"campfire_choices":[{"floor":6.0,"key":"REST"},{"floor":15,"key":"REST"}],"neow_cost":"NONE","seed_source_timestamp":957176281437237,"circlet_count":0,"master_deck":["AscendersBane","Strike_B","Strike_B","Strike_B","Strike_B","Defend_B","Defend_B+1","Defend_B","Defend_B","Zap","Dualcast","Compile Driver","Heatsinks","Conserve Battery+1","Cold Snap","Coolheaded","Storm","Conserve Battery","Cold Snap","Blizzard","Machine Learning","Cold Snap"],"special_seed":0,"relics":["Cracked Core","War Paint","Pear","Tiny Chest"],"potions_floor_usage":[8,8,11],"damage_taken":[{"damage":0.0,"enemies":"Cultist","floor":1.0,"turns":3.0},{"damage":14.0,"enemies":"Small Slimes","floor":2.0,"turns":3.0},{"damage":1.0,"enemies":"2 Louse","floor":4.0,"turns":2.0},{"damage":1.0,"enemies":"Red Slaver","floor":7.0,"turns":4.0},{"damage":3,"enemies":"Lagavulin","floor":8,"turns":7},{"damage":8,"enemies":"3 Louse","floor":10,"turns":4},{"damage":4,"enemies":"Looter","floor":11,"turns":4},{"damage":18,"enemies":"Large Slime","floor":13,"turns":6},{"damage":4,"enemies":"Blue Slaver","floor":14,"turns":3},{"damage":76,"enemies":"Hexaghost","floor":16,"turns":11}],"seed_played":"1961394834313097844","potions_obtained":[{"floor":2.0,"key":"SkillPotion"},{"floor":8,"key":"SmokeBomb"},{"floor":10,"key":"AttackPotion"},{"floor":14,"key":"Dexterity Potion"}],"is_trial":false,"path_per_floor":["M","M","$","M","?","R","M","E","T","M","M","$","M","M","R","B"],"character_chosen":"DEFECT","items_purchased":["PowerPotion","Cold Snap","Blizzard"],"campfire_rested":2,"item_purchase_floors":[3,12,12],"current_hp_per_floor":[71,57,57,56,56,78,77,84,84,76,72,72,54,50,76,0],"gold":53,"neow_bonus":"TEN_PERCENT_HP_BONUS","is_prod":false,"is_daily":false,"chose_seed":false,"campfire_upgraded":0,"win_rate":0,"timestamp":1555950823,"path_taken":["M","?","$","M","?","R","M","E","T","M","M","$","?","M","R","BOSS"],"build_version":"2019-01-23","purchased_purges":0,"victory":false,"max_hp_per_floor":[78,78,78,78,78,78,78,88,88,88,88,88,88,88,88,88],"card_choices":[{"not_picked":["Beam Cell","Sweeping Beam"],"picked":"Compile Driver","floor":1.0},{"not_picked":["Chaos","Rip and Tear"],"picked":"Heatsinks","floor":2.0},{"not_picked":["Blizzard","Sweeping Beam"],"picked":"Conserve Battery","floor":4.0},{"not_picked":["Steam Power","BootSequence"],"picked":"Cold Snap","floor":7.0},{"not_picked":["Reprogram","Compile Driver"],"picked":"Coolheaded","floor":8},{"not_picked":["Leap","Sweeping Beam"],"picked":"Storm","floor":10},{"not_picked":["Leap","Reprogram"],"picked":"Conserve Battery","floor":11},{"not_picked":["Gash","Reprogram"],"picked":"Machine Learning","floor":13},{"not_picked":["Redo","Go for the Eyes"],"picked":"Cold Snap","floor":14}],"player_experience":1231811,"relics_obtained":[{"floor":8,"key":"Pear"},{"floor":9,"key":"Tiny Chest"}],"event_choices":[{"damage_healed":0.0,"max_hp_gain":0.0,"max_hp_loss":0.0,"gold_gain":0.0,"event_name":"WeMeetAgain","player_choice":"Paid Gold","floor":5.0,"gold_loss":74.0,"damage_taken":0.0,"relics_obtained":["War Paint"]}],"is_beta":false,"boss_relics":[],"items_purged_floors":[],"is_endless":false,"potions_floor_spawned":[2,4,8,10,14],"killed_by":"Hexaghost","ascension_level":19}