{"gold_per_floor":[364,383,17,28,48,48,13,13,36,49,96,111,125,142,142,238,238,253,13,13,13,13,13,33,94,94,94,94,94,104,119,119,222,222,241,258,58,75,75],"floor_reached":39,"playtime":1572,"items_purged":["Defend_R"],"score":494,"play_id":"7478c8df-d5c5-4909-aa25-8427406548ec","local_time":"20180922213435","is_ascension_mode":true,"campfire_choices":[{"data":"Shrug It Off","floor":6,"key":"SMITH"},{"data":"Bash","floor":8,"key":"SMITH"},{"data":"Metallicize","floor":15,"key":"SMITH"},{"floor":23,"key":"REST"},{"floor":27,"key":"REST"},{"floor":32,"key":"REST"}],"neow_cost":"PERCENT_DAMAGE","seed_source_timestamp":811419311600140,"circlet_count":0,"master_deck":["Strike_R","Strike_R","Strike_R","Strike_R","Defend_R","Defend_R","Defend_R","Bash+1","Shrug It Off+1","Iron Wave","Spot Weakness","Metallicize+1","Armaments","Shrug It Off","Feed","Armaments+1","Flex+1","Demon Form","Battle Trance+1","True Grit+1"],"relics":["Burning Blood","Self Forming Clay","Happy Flower","Juzu Bracelet","Fusion Hammer","Toxic Egg 2","Tiny Chest","Pantograph","Mercury Hourglass","Busted Crown","Boot"],"potions_floor_usage":[16,16,33,33,39],"damage_taken":[{"damage":2,"enemies":"2 Louse","floor":1,"turns":4},{"damage":1,"enemies":"Cultist","floor":2,"turns":3},{"damage":4,"enemies":"Jaw Worm","floor":4,"turns":4},{"damage":15,"enemies":"3 Louse","floor":5,"turns":3},{"damage":10,"enemies":"Gremlin Gang","floor":10,"turns":6},{"damage":0,"enemies":"Large Slime","floor":12,"turns":5},{"damage":4,"enemies":"2 Fungi Beasts","floor":13,"turns":3},{"damage":11,"enemies":"Exordium Wildlife","floor":14,"turns":4},{"damage":25,"enemies":"Hexaghost","floor":16,"turns":12},{"damage":4,"enemies":"Spheric Guardian","floor":18,"turns":5},{"damage":8,"enemies":"Chosen","floor":24,"turns":4},{"damage":34,"enemies":"Book of Stabbing","floor":25,"turns":7},{"damage":14,"enemies":"Snake Plant","floor":30,"turns":4},{"damage":31,"enemies":"Shelled Parasite and Fungi","floor":31,"turns":4},{"damage":83,"enemies":"Collector","floor":33,"turns":9},{"damage":27,"enemies":"3 Darklings","floor":35,"turns":5},{"damage":6,"enemies":"Orb Walker","floor":36,"turns":5},{"damage":39,"enemies":"Reptomancer","floor":38,"turns":6},{"damage":24,"enemies":"Maw","floor":39,"turns":5}],"seed_played":"4505355586580089143","potions_obtained":[{"floor":5,"key":"Poison Potion"},{"floor":10,"key":"EssenceOfSteel"},{"floor":13,"key":"Regen Potion"},{"floor":14,"key":"EssenceOfSteel"},{"floor":24,"key":"Regen Potion"},{"floor":33,"key":"Dexterity Potion"},{"floor":38,"key":"Poison Potion"}],"is_trial":false,"path_per_floor":["M","M","$","M","M","R","?","R","T","M","T","M","M","M","R","B",null,"M","$","?","$","?","R","M","E","T","R","T","?","M","M","R","B",null,"M","M","$","M"],"character_chosen":"IRONCLAD","items_purchased":["Shrug It Off","Self Forming Clay","Toxic Egg 2","Boot","True Grit+1"],"campfire_rested":3,"item_purchase_floors":[3,3,19,37,37],"current_hp_per_floor":[60,65,65,67,58,58,78,78,78,74,74,80,80,75,75,56,74,76,76,76,76,76,80,78,54,54,79,79,79,71,50,76,38,76,55,55,55,22,0],"gold":75,"neow_bonus":"TWO_FIFTY_GOLD","is_prod":false,"is_daily":false,"chose_seed":false,"campfire_upgraded":3,"win_rate":0,"timestamp":1537666475,"path_taken":["M","M","$","M","M","R","?","R","T","?","?","M","M","M","R","BOSS","M","$","?","$","?","R","M","E","T","R","?","?","M","M","R","BOSS","M","M","$","M","M"],"build_version":"2018-09-20","purchased_purges":1,"victory":false,"max_hp_per_floor":[80,80,80,80,80,80,80,80,80,80,80,80,80,80,80,80,80,80,80,80,80,80,80,80,84,84,84,84,84,84,88,88,88,88,88,88,88,88,88],"card_choices":[{"not_picked":["Thunderclap","Flex","Corruption"],"picked":"SKIP","floor":1},{"not_picked":["Burning Pact","Warcry","Corruption"],"picked":"SKIP","floor":2},{"not_picked":["Second Wind","Havoc","Flex"],"picked":"SKIP","floor":4},{"not_picked":["Sword Boomerang","Searing Blow"],"picked":"Iron Wave","floor":5},{"not_picked":["Hemokinesis","Limit Break"],"picked":"Spot Weakness","floor":10},{"not_picked":["Wild Strike","Twin Strike"],"picked":"Metallicize","floor":12},{"not_picked":["Burning Pact","Anger"],"picked":"Armaments","floor":13},{"not_picked":["Cleave","Evolve"],"picked":"Shrug It Off","floor":14},{"not_picked":["Barricade","Berserk"],"picked":"Feed","floor":16},{"not_picked":["Infernal Blade","Dropkick","Iron Wave"],"picked":"SKIP","floor":18},{"not_picked":["Uppercut","Sever Soul+1"],"picked":"Armaments+1","floor":24},{"not_picked":["Corruption","Body Slam"],"picked":"Flex+1","floor":25},{"not_picked":["Combust+1","Flame Barrier+1"],"picked":"Battle Trance+1","floor":30},{"not_picked":["Flex+1","Wild Strike+1","Twin Strike"],"picked":"SKIP","floor":31},{"not_picked":["Twin Strike"],"picked":"SKIP","floor":35},{"not_picked":["Flex+1"],"picked":"SKIP","floor":36},{"not_picked":["Rage+1"],"picked":"SKIP","floor":38}],"player_experience":136715,"relics_obtained":[{"floor":9,"key":"Happy Flower"},{"floor":11,"key":"Juzu Bracelet"},{"floor":25,"key":"Tiny Chest"},{"floor":26,"key":"Pantograph"},{"floor":28,"key":"Mercury Hourglass"}],"event_choices":[{"event_name":"The Cleric","player_choice":"Healed","floor":7,"damage_taken":0},{"event_name":"Purifier","player_choice":"One Purge","floor":20,"damage_taken":0},{"event_name":"Beggar","player_choice":"Ignored","floor":22,"damage_taken":0},{"event_name":"The Library","player_choice":"Read","floor":29,"damage_taken":0}],"is_beta":false,"boss_relics":[{"not_picked":["Coffee Dripper","Runic Pyramid"],"picked":"Fusion Hammer"},{"not_picked":["Pandora\u0027s Box","Black Star"],"picked":"Busted Crown"}],"items_purged_floors":[3],"is_endless":false,"potions_floor_spawned":[5,10,13,14,24,33,38],"killed_by":"Maw","ascension_level":5}