{"gold_per_floor":[111,32,32,45,20,55,55,90,90,107,107,118,118,130,130,130],"floor_reached":16,"playtime":239,"items_purged":[],"score":270,"play_id":"ba638b58-c360-47b8-a9e5-f0294d3aa31a","local_time":"20190304185302","is_ascension_mode":true,"campfire_choices":[{"data":"Whirlwind","floor":7,"key":"SMITH"},{"data":"Whirlwind","floor":11,"key":"SMITH"},{"data":"Fiend Fire","floor":13,"key":"SMITH"},{"data":"True Grit","floor":15,"key":"SMITH"}],"neow_cost":"NONE","seed_source_timestamp":240613801335600,"circlet_count":0,"master_deck":["AscendersBane","Strike_R","Strike_R","Strike_R","Strike_R","Strike_R","Defend_R","Defend_R","Defend_R","Defend_R","Bash","Whirlwind+1","Flex","Whirlwind+1","True Grit+1","Fiend Fire+1","Shrug It Off"],"relics":["Burning Blood","NeowsBlessing","Ginger","Charon\u0027s Ashes","Meat on the Bone","Calipers"],"potions_floor_usage":[8],"damage_taken":[{"damage":0,"enemies":"Jaw Worm","floor":1,"turns":1},{"damage":0,"enemies":"Cultist","floor":4,"turns":1},{"damage":0,"enemies":"Gremlin Nob","floor":6,"turns":1},{"damage":10,"enemies":"3 Sentries","floor":8,"turns":3},{"damage":0,"enemies":"2 Louse","floor":10,"turns":1},{"damage":12,"enemies":"Large Slime","floor":12,"turns":2},{"damage":1,"enemies":"Blue Slaver","floor":14,"turns":2},{"damage":64,"enemies":"Hexaghost","floor":16,"turns":9}],"seed_played":"441280475889647879","potions_obtained":[{"floor":1,"key":"Energy Potion"}],"is_trial":false,"path_per_floor":["M","$","?","M","$","E","R","E","T","M","R","M","R","M","R","B"],"character_chosen":"IRONCLAD","items_purchased":["Fire Potion","Shrug It Off","Flex"],"campfire_rested":0,"item_purchase_floors":[2,2,5],"current_hp_per_floor":[74,74,74,75,75,75,75,71,71,75,75,69,69,74,74,10],"gold":130,"neow_bonus":"THREE_ENEMY_KILL","is_prod":false,"is_daily":false,"chose_seed":false,"campfire_upgraded":4,"win_rate":0,"timestamp":1551693182,"path_taken":["M","$","?","M","?","E","R","E","T","M","R","M","R","M","R","BOSS"],"build_version":"2019-01-23","purchased_purges":0,"victory":false,"max_hp_per_floor":[75,75,75,75,75,75,75,75,75,75,75,75,75,75,75,75],"card_choices":[{"not_picked":["Metallicize","Iron Wave","Headbutt"],"picked":"SKIP","floor":1},{"not_picked":["Power Through","Burning Pact"],"picked":"Whirlwind","floor":4},{"not_picked":["Sever Soul","Clash"],"picked":"Whirlwind","floor":6},{"not_picked":["Flex","Clash"],"picked":"True Grit","floor":8},{"not_picked":["Flex","Rage"],"picked":"Fiend Fire","floor":10},{"not_picked":["Clothesline","Combust","Hemokinesis"],"picked":"SKIP","floor":12},{"not_picked":["Perfected Strike","Thunderclap"],"picked":"Shrug It Off","floor":14}],"player_experience":2010885,"relics_obtained":[{"floor":6,"key":"Charon\u0027s Ashes"},{"floor":8,"key":"Meat on the Bone"},{"floor":9,"key":"Calipers"}],"event_choices":[{"cards_removed":["Shrug It Off"],"damage_healed":0,"gold_gain":0,"player_choice":"Gave Card","damage_taken":0,"relics_obtained":["Ginger"],"max_hp_gain":0,"max_hp_loss":0,"event_name":"WeMeetAgain","floor":3,"gold_loss":0}],"is_beta":false,"boss_relics":[],"items_purged_floors":[],"is_endless":false,"potions_floor_spawned":[1,6],"killed_by":"Hexaghost","ascension_level":20}