{"gold_per_floor":[109,109,74,85,85,85,116,136,136,152,166,166,194,182,194,282,294,316,300,338,19,34,34,34],"floor_reached":24,"playtime":852,"items_purged":["Strike_R"],"score":416,"play_id":"540aa146-bf95-49e9-8b9e-7372364c4ee6","local_time":"20190407204126","is_ascension_mode":true,"campfire_choices":[{"data":"Bash","floor":6,"key":"SMITH"},{"data":"Entrench","floor":12,"key":"SMITH"},{"data":"Evolve","floor":15,"key":"SMITH"},{"floor":23,"key":"REST"}],"neow_cost":"TEN_PERCENT_HP_LOSS","seed_source_timestamp":66962727340700,"circlet_count":0,"master_deck":["AscendersBane","Strike_R","Strike_R","Defend_R","Defend_R+1","Defend_R","Defend_R","Bash+1","Evolve+1","Pommel Strike","Power Through","Entrench+1","Flame Barrier","Barricade","Rampage","Juggernaut","Warcry+1","Burning Pact+1","True Grit","Headbutt","Flame Barrier"],"relics":["Burning Blood","Oddly Smooth Stone","Mercury Hourglass","Self Forming Clay","MawBank","Busted Crown","War Paint","Centennial Puzzle"],"potions_floor_usage":[4,11,16,22],"damage_taken":[{"damage":6,"enemies":"2 Louse","floor":1,"turns":4},{"damage":15,"enemies":"Small Slimes","floor":4,"turns":5},{"damage":44,"enemies":"Lagavulin","floor":7,"turns":9},{"damage":7,"enemies":"Jaw Worm","floor":8,"turns":3},{"damage":16,"enemies":"Exordium Wildlife","floor":10,"turns":4},{"damage":9,"enemies":"Red Slaver","floor":11,"turns":6},{"damage":4,"enemies":"3 Sentries","floor":13,"turns":10},{"damage":15,"enemies":"Exordium Thugs","floor":14,"turns":5},{"damage":12,"enemies":"Hexaghost","floor":16,"turns":11},{"damage":3,"enemies":"3 Byrds","floor":18,"turns":3},{"damage":26,"enemies":"2 Thieves","floor":19,"turns":4},{"damage":30,"enemies":"3 Cultists","floor":22,"turns":7},{"damage":42,"enemies":"Slavers","floor":24,"turns":5}],"seed_played":"-501320819659760706","potions_obtained":[{"floor":1,"key":"BloodPotion"},{"floor":10,"key":"Regen Potion"},{"floor":13,"key":"Energy Potion"},{"floor":19,"key":"Fire Potion"}],"is_trial":false,"path_per_floor":["M","?","?","M","T","R","E","M","T","M","M","R","E","M","R","B",null,"M","M","T","$","M","R","E"],"character_chosen":"IRONCLAD","items_purchased":["Centennial Puzzle","True Grit","Headbutt"],"campfire_rested":1,"item_purchase_floors":[21,21,21],"current_hp_per_floor":[68,61,68,65,65,65,27,26,26,16,28,28,30,21,21,15,55,58,38,38,38,14,34,0],"gold":34,"neow_bonus":"TRANSFORM_TWO_CARDS","is_prod":false,"is_daily":false,"chose_seed":false,"campfire_upgraded":3,"win_rate":0,"timestamp":1554637286,"path_taken":["M","?","?","M","?","R","E","?","T","M","M","R","E","M","R","BOSS","M","M","?","?","M","R","E"],"build_version":"2019-01-23","purchased_purges":1,"victory":false,"max_hp_per_floor":[68,68,68,68,68,68,68,68,68,68,68,68,68,68,68,68,68,68,68,68,68,68,68,68],"card_choices":[{"not_picked":["Fire Breathing","Bloodletting"],"picked":"Pommel Strike","floor":1},{"not_picked":["Headbutt","Twin Strike"],"picked":"Power Through","floor":4},{"not_picked":["Twin Strike","Uppercut","Clash"],"picked":"SKIP","floor":7},{"not_picked":["Twin Strike","Uppercut","Clash"],"picked":"SKIP","floor":7},{"not_picked":["Shrug It Off","Heavy Blade"],"picked":"Entrench","floor":8},{"not_picked":["Sentinel","Iron Wave"],"picked":"Flame Barrier","floor":10},{"not_picked":["Havoc","Warcry","Thunderclap"],"picked":"SKIP","floor":11},{"not_picked":["Carnage","Anger"],"picked":"Barricade","floor":13},{"not_picked":["Thunderclap","Iron Wave"],"picked":"Rampage","floor":14},{"not_picked":["Barricade","Bludgeon"],"picked":"Juggernaut","floor":16},{"not_picked":[],"picked":"Warcry","floor":18},{"not_picked":[],"picked":"Burning Pact+1","floor":19},{"not_picked":[],"picked":"Flame Barrier","floor":22}],"player_experience":2955838,"relics_obtained":[{"floor":5,"key":"Oddly Smooth Stone"},{"floor":7,"key":"Mercury Hourglass"},{"floor":9,"key":"Self Forming Clay"},{"floor":13,"key":"MawBank"},{"floor":20,"key":"War Paint"}],"event_choices":[{"cards_removed":["Bloodletting"],"damage_healed":0,"gold_gain":0,"player_choice":"Card Removal","damage_taken":7,"max_hp_gain":0,"max_hp_loss":0,"event_name":"Golden Wing","floor":2,"gold_loss":0},{"damage_healed":17,"gold_gain":0,"player_choice":"Healed","damage_taken":0,"max_hp_gain":0,"max_hp_loss":0,"event_name":"The Cleric","floor":3,"gold_loss":35}],"is_beta":false,"boss_relics":[{"not_picked":["Philosopher\u0027s Stone","Empty Cage"],"picked":"Busted Crown"}],"items_purged_floors":[21],"is_endless":false,"potions_floor_spawned":[1,10,13,19],"killed_by":"Slavers","ascension_level":20}