{"gold_per_floor":[115,134,3,13,13,13,42,42,120,155,155,155,155,169,169,262,262,285,305,319,319,319,354,354,354,354,370,370,400,400,410,410,485,485,495,170,170,190,209,209,238,238,238,268,285,285,296,321,321,321,321,321,321,49,80,80],"floor_reached":57,"playtime":4074,"items_purged":["Defend_B","Defend_B"],"score":3051,"play_id":"7fb39861-573f-450d-8a3c-85e49829f31c","local_time":"20190303130140","is_ascension_mode":true,"campfire_choices":[{"data":"Loop","floor":6,"key":"SMITH"},{"data":"Blizzard","floor":8,"key":"SMITH"},{"data":"Zap","floor":15,"key":"SMITH"},{"data":"Echo Form","floor":24,"key":"SMITH"},{"data":"Consume","floor":28,"key":"SMITH"},{"data":"Reinforced Body","floor":32,"key":"SMITH"},{"data":"Buffer","floor":40,"key":"SMITH"},{"data":"Capacitor","floor":42,"key":"SMITH"},{"floor":49,"key":"RECALL"},{"data":"Defragment","floor":53,"key":"SMITH"}],"neow_cost":"NONE","seed_source_timestamp":129272058052600,"circlet_count":0,"master_deck":["AscendersBane","Defend_B","Dualcast+1","Coolheaded","Blizzard+1","Glacier+1","Loop+1","Doom and Gloom","Reinforced Body+1","Echo Form+1","Cold Snap","Creative AI","Recycle","Bite","Bite","Bite","Bite","Bite","Consume+1","Chill","Buffer+1","Double Energy+1","Capacitor+1","Defragment+1","Hologram+1","Glacier","Consume+1","Capacitor","Blizzard"],"relics":["Cracked Core","NeowsBlessing","Strawberry","Question Card","Turnip","Bloody Idol","Snecko Eye","PreservedInsect","Cables","Unceasing Top","Runic Dome","Anchor","War Paint","Torii","Boot","Happy Flower","Oddly Smooth Stone"],"potions_floor_usage":[10,16,23,56,56],"damage_taken":[{"damage":0,"enemies":"Cultist","floor":1,"turns":1},{"damage":0,"enemies":"Small Slimes","floor":2,"turns":1},{"damage":0,"enemies":"2 Louse","floor":4,"turns":1},{"damage":5,"enemies":"Lagavulin","floor":7,"turns":7},{"damage":44,"enemies":"Gremlin Nob","floor":10,"turns":5},{"damage":11,"enemies":"Large Slime","floor":14,"turns":8},{"damage":4,"enemies":"Hexaghost","floor":16,"turns":8},{"damage":7,"enemies":"3 Byrds","floor":18,"turns":6},{"damage":2,"enemies":"Chosen","floor":19,"turns":6},{"damage":8,"enemies":"Snake Plant","floor":20,"turns":6},{"damage":40,"enemies":"Slavers","floor":23,"turns":8},{"damage":14,"enemies":"Centurion and Healer","floor":27,"turns":13},{"damage":10,"enemies":"Gremlin Leader","floor":29,"turns":7},{"damage":0,"enemies":"Snecko","floor":31,"turns":8},{"damage":0,"enemies":"Champ","floor":33,"turns":17},{"damage":0,"enemies":"Orb Walker","floor":35,"turns":5},{"damage":0,"enemies":"3 Shapes","floor":38,"turns":3},{"damage":40,"enemies":"Jaw Worm Horde","floor":39,"turns":7},{"damage":0,"enemies":"Giant Head","floor":41,"turns":10},{"damage":0,"enemies":"Nemesis","floor":44,"turns":13},{"damage":9,"enemies":"4 Shapes","floor":45,"turns":9},{"damage":0,"enemies":"Sphere and 2 Shapes","floor":47,"turns":9},{"damage":2,"enemies":"Reptomancer","floor":48,"turns":7},{"damage":0,"enemies":"Donu and Deca","floor":50,"turns":10},{"damage":34,"enemies":"Awakened One","floor":51,"turns":17},{"damage":13,"enemies":"Shield and Spear","floor":55,"turns":11},{"damage":27,"enemies":"The Heart","floor":56,"turns":13}],"seed_played":"3248776668968302096","potions_obtained":[{"floor":1,"key":"Energy Potion"},{"floor":7,"key":"Swift Potion"},{"floor":14,"key":"Energy Potion"},{"floor":18,"key":"Ancient Potion"},{"floor":23,"key":"Poison Potion"},{"floor":45,"key":"FocusPotion"},{"floor":55,"key":"GamblersBrew"}],"is_trial":false,"path_per_floor":["M","M","$","M","$","R","E","R","T","E","?","?","?","M","R","B",null,"M","M","M","?","?","E","R","?","T","M","R","E","?","M","R","B",null,"M","$","?","M","M","R","E","R","T","E","M","$","M","E","R","B","B",null,"R","$","E","B",null],"character_chosen":"DEFECT","items_purchased":["Glacier","Loop","Capacitor","Anchor","Capacitor","Blizzard"],"campfire_rested":0,"item_purchase_floors":[3,3,36,36,54,54],"current_hp_per_floor":[64,64,64,64,64,64,66,66,66,22,48,25,25,14,14,10,56,49,47,39,39,39,28,28,28,28,49,49,49,49,49,49,49,49,49,49,49,49,30,30,49,49,49,49,49,49,49,49,49,49,47,49,49,49,49,40],"gold":80,"neow_bonus":"THREE_ENEMY_KILL","is_prod":false,"is_daily":false,"chose_seed":false,"campfire_upgraded":9,"win_rate":0,"timestamp":1551585700,"path_taken":["M","M","$","?","?","R","E","R","T","E","?","?","?","M","R","BOSS","M","M","M","?","?","E","R","?","T","?","R","E","?","M","R","BOSS","M","$","?","M","M","R","E","R","T","E","M","$","M","E","R","BOSS","BOSS","R","$","E","BOSS"],"build_version":"2019-01-23","purchased_purges":2,"victory":true,"max_hp_per_floor":[71,71,71,71,71,71,78,78,78,78,78,78,71,71,71,71,71,71,71,71,71,49,49,49,49,49,49,49,49,49,49,49,49,49,49,49,49,49,49,49,49,49,49,49,49,49,49,49,49,49,49,49,49,49,49,49],"card_choices":[{"not_picked":["Skim","Leap"],"picked":"Coolheaded","floor":1},{"not_picked":["Reinforced Body","Beam Cell"],"picked":"Blizzard","floor":2},{"not_picked":["Ball Lightning","Fusion"],"picked":"Doom and Gloom","floor":4},{"not_picked":["Sweeping Beam","Tempest"],"picked":"Reinforced Body","floor":7},{"not_picked":["Capacitor","Cold Snap","Streamline"],"picked":"Echo Form","floor":10},{"not_picked":["Hologram","Steam","Heatsinks"],"picked":"Cold Snap","floor":14},{"not_picked":["Buffer","Rainbow","Reboot"],"picked":"Creative AI","floor":16},{"not_picked":["Compile Driver+1","Sweeping Beam+1","Beam Cell","Coolheaded"],"picked":"SKIP","floor":18},{"not_picked":["Tempest","Aggregate","White Noise"],"picked":"Recycle","floor":19},{"not_picked":["Rip and Tear","Amplify","Ball Lightning","Gash"],"picked":"SKIP","floor":20},{"not_picked":["Conserve Battery","Amplify","Leap","Darkness"],"picked":"SKIP","floor":23},{"not_picked":["Skim","Doom and Gloom","Gash"],"picked":"Consume","floor":27},{"not_picked":["Ball Lightning","Redo+1","Barrage"],"picked":"Chill","floor":29},{"not_picked":["Go for the Eyes","Heatsinks","Hello World","Rip and Tear"],"picked":"SKIP","floor":31},{"not_picked":["Thunder Strike","Seek","Hyperbeam"],"picked":"Buffer","floor":33},{"not_picked":["Turbo","Chill","Compile Driver"],"picked":"Double Energy","floor":35},{"not_picked":["Streamline","Compile Driver","Coolheaded"],"picked":"Defragment","floor":38},{"not_picked":["Steam","Rebound","Ball Lightning+1"],"picked":"Hologram+1","floor":39},{"not_picked":["Machine Learning","Steam Power","Darkness"],"picked":"Glacier","floor":41},{"not_picked":["Compile Driver","Sunder+1","Tempest"],"picked":"Consume+1","floor":44},{"not_picked":["Lockon","Rebound","Sweeping Beam","Redo"],"picked":"SKIP","floor":45},{"not_picked":["Streamline","Beam Cell+1","Barrage","Leap"],"picked":"SKIP","floor":47},{"not_picked":["Leap","Aggregate","Steam Power+1","Turbo"],"picked":"SKIP","floor":48},{"not_picked":["Leap+1","Hyperbeam","Stack","Compile Driver"],"picked":"SKIP","floor":55}],"player_experience":1957418,"relics_obtained":[{"floor":7,"key":"Strawberry"},{"floor":9,"key":"Question Card"},{"floor":10,"key":"Turnip"},{"floor":23,"key":"PreservedInsect"},{"floor":26,"key":"Cables"},{"floor":29,"key":"Unceasing Top"},{"floor":37,"key":"War Paint"},{"floor":41,"key":"Torii"},{"floor":44,"key":"Boot"},{"floor":48,"key":"Happy Flower"},{"floor":55,"key":"Oddly Smooth Stone"}],"event_choices":[{"damage_healed":26,"gold_gain":0,"player_choice":"Banana","damage_taken":0,"max_hp_gain":0,"max_hp_loss":0,"event_name":"Big Fish","floor":11,"gold_loss":0},{"damage_healed":0,"gold_gain":0,"player_choice":"Entered Light","damage_taken":23,"max_hp_gain":0,"max_hp_loss":0,"event_name":"Shining Light","floor":12,"gold_loss":0,"cards_upgraded":["Strike_B","Dualcast"]},{"damage_healed":0,"gold_gain":0,"player_choice":"Lose Max HP","damage_taken":0,"relics_obtained":["Golden Idol"],"max_hp_gain":0,"max_hp_loss":7,"event_name":"Golden Idol","floor":13,"gold_loss":0},{"damage_healed":0,"gold_gain":0,"player_choice":"Gave Idol","damage_taken":0,"relics_obtained":["Bloody Idol"],"max_hp_gain":0,"max_hp_loss":0,"event_name":"Forgotten Altar","floor":21,"relics_lost":["Golden Idol"],"gold_loss":0},{"damage_healed":0,"gold_gain":0,"player_choice":"Became a vampire","damage_taken":0,"max_hp_gain":0,"max_hp_loss":22,"event_name":"Vampires","floor":22,"gold_loss":0,"cards_obtained":["Bite","Bite","Bite","Bite","Bite"]},{"cards_removed":["Zap"],"damage_healed":0,"gold_gain":0,"player_choice":"Offered Basic","damage_taken":0,"max_hp_gain":0,"max_hp_loss":0,"event_name":"Bonfire Elementals","floor":25,"gold_loss":0},{"cards_removed":["Defend_B"],"damage_healed":0,"gold_gain":0,"player_choice":"Elegance","damage_taken":0,"max_hp_gain":0,"max_hp_loss":0,"event_name":"Back to Basics","floor":30,"gold_loss":0},{"damage_healed":0,"gold_gain":0,"player_choice":"Relic","damage_taken":0,"max_hp_gain":0,"max_hp_loss":0,"event_name":"Wheel of Change","floor":37,"gold_loss":0}],"is_beta":false,"boss_relics":[{"not_picked":["Coffee Dripper","FrozenCore"],"picked":"Snecko Eye"},{"not_picked":["Lizard Tail","Cursed Key"],"picked":"Runic Dome"}],"items_purged_floors":[36,54],"is_endless":false,"potions_floor_spawned":[1,7,14,18,20,23,29,45,55],"ascension_level":20}