{"gold_per_floor":[110,110,122,85,85,112,112,112,139,156,172,191,60,95,107,193,205,229,212,224],"floor_reached":20,"playtime":549,"items_purged":["Strike_R"],"score":418,"play_id":"ca050cb7-eb20-4789-922d-9ca594a67280","local_time":"20190304184829","is_ascension_mode":true,"campfire_choices":[{"data":"Whirlwind","floor":7,"key":"SMITH"},{"data":"Rampage","floor":15,"key":"SMITH"}],"neow_cost":"NONE","seed_source_timestamp":240030157184700,"circlet_count":0,"master_deck":["AscendersBane","Strike_R","Strike_R","Strike_R+1","Defend_R","Defend_R","Defend_R","Defend_R","Bash+1","Dropkick","Whirlwind+1","Shrug It Off","Power Through","Feel No Pain","Reaper","Rampage+1","Impervious","Ghostly Armor","True Grit"],"relics":["Burning Blood","NeowsBlessing","Boot","PreservedInsect","MawBank","White Beast Statue"],"potions_floor_usage":[16,16,19],"damage_taken":[{"damage":0,"enemies":"Small Slimes","floor":1,"turns":1},{"damage":0,"enemies":"Cultist","floor":3,"turns":1},{"damage":0,"enemies":"3 Sentries","floor":6,"turns":1},{"damage":12,"enemies":"Jaw Worm","floor":10,"turns":3},{"damage":5,"enemies":"Blue Slaver","floor":11,"turns":3},{"damage":9,"enemies":"2 Fungi Beasts","floor":12,"turns":2},{"damage":17,"enemies":"Lagavulin","floor":14,"turns":4},{"damage":33,"enemies":"The Guardian","floor":16,"turns":11},{"damage":28,"enemies":"3 Byrds","floor":18,"turns":4},{"damage":11,"enemies":"2 Thieves","floor":19,"turns":4},{"damage":0,"enemies":"Colosseum Slavers","floor":20,"turns":1}],"seed_played":"1431586623701348848","potions_obtained":[{"floor":1,"key":"Weak Potion"},{"floor":6,"key":"Dexterity Potion"},{"floor":10,"key":"Poison Potion"},{"floor":18,"key":"SkillPotion"},{"floor":19,"key":"Energy Potion"}],"is_trial":false,"path_per_floor":["M","?","M","$","?","E","R","?","T","M","M","M","$","E","R","B",null,"M","M","?"],"character_chosen":"IRONCLAD","items_purchased":["Whirlwind","PowerPotion"],"campfire_rested":0,"item_purchase_floors":[4,13],"current_hp_per_floor":[74,74,75,75,52,58,58,58,58,52,53,50,50,39,39,36,65,54,49,49],"gold":224,"neow_bonus":"THREE_ENEMY_KILL","is_prod":false,"is_daily":false,"chose_seed":false,"campfire_upgraded":2,"win_rate":0,"timestamp":1551692909,"path_taken":["M","?","?","?","?","E","R","?","T","M","M","M","$","E","R","BOSS","M","M","?"],"build_version":"2019-01-23","purchased_purges":1,"victory":false,"max_hp_per_floor":[75,75,75,75,75,75,75,75,75,75,75,75,75,75,75,75,75,75,75,75],"card_choices":[{"not_picked":["Fire Breathing","Twin Strike","Searing Blow"],"picked":"SKIP","floor":1},{"not_picked":["Corruption","Havoc"],"picked":"Dropkick","floor":3},{"not_picked":["Flex","Body Slam"],"picked":"Shrug It Off","floor":6},{"not_picked":["Warcry","Cleave"],"picked":"Power Through","floor":10},{"not_picked":["Headbutt","Body Slam"],"picked":"Feel No Pain","floor":11},{"not_picked":["Perfected Strike","Armaments"],"picked":"Reaper","floor":12},{"not_picked":["Wild Strike","Hemokinesis"],"picked":"Rampage","floor":14},{"not_picked":["Fiend Fire","Limit Break"],"picked":"Impervious","floor":16},{"not_picked":["Body Slam","Thunderclap"],"picked":"Ghostly Armor","floor":18},{"not_picked":["Metallicize+1","Flame Barrier"],"picked":"True Grit","floor":19}],"player_experience":2010320,"relics_obtained":[{"floor":6,"key":"Boot"},{"floor":9,"key":"PreservedInsect"},{"floor":14,"key":"MawBank"}],"event_choices":[{"cards_removed":["Strike_R"],"damage_healed":0,"gold_gain":0,"player_choice":"Offered Basic","damage_taken":0,"max_hp_gain":0,"max_hp_loss":0,"event_name":"Bonfire Elementals","floor":2,"gold_loss":0},{"damage_healed":0,"gold_gain":0,"player_choice":"Entered Light","damage_taken":23,"max_hp_gain":0,"max_hp_loss":0,"event_name":"Shining Light","floor":5,"gold_loss":0,"cards_upgraded":["Bash","Strike_R"]},{"damage_healed":0,"gold_gain":0,"player_choice":"Ignored","damage_taken":0,"max_hp_gain":0,"max_hp_loss":0,"event_name":"Liars Game","floor":8,"gold_loss":0},{"damage_healed":0,"gold_gain":0,"player_choice":"Fight","damage_taken":0,"max_hp_gain":0,"max_hp_loss":0,"event_name":"Colosseum","floor":20,"gold_loss":0}],"is_beta":false,"boss_relics":[{"not_picked":["Black Blood","Eternal Feather"],"picked":"White Beast Statue"}],"items_purged_floors":[13],"is_endless":false,"potions_floor_spawned":[1,6,10,14,18,19],"killed_by":"Colosseum Slavers","ascension_level":20}