{"gold_per_floor":[213,63,79,79,29,29,29,60,133,133,144,144,144,154,154,250,250,268,268,183,74,74,74,74],"floor_reached":24,"playtime":645,"items_purged":["Strike_B"],"score":219,"play_id":"dc04daf6-0421-490f-a9ab-65639d2e1cce","local_time":"20190417021656","is_ascension_mode":true,"campfire_choices":[{"data":"Zap","floor":6,"key":"SMITH"},{"floor":13,"key":"REST"},{"data":"Self Repair","floor":15,"key":"SMITH"},{"data":"Biased Cognition","floor":23,"key":"SMITH"}],"neow_cost":"NONE","seed_source_timestamp":457214747043219,"circlet_count":0,"master_deck":["Strike_B","Strike_B","Strike_B","Defend_B","Defend_B","Defend_B","Defend_B","Zap+1","Dualcast","Sweeping Beam","Self Repair+1","Sunder","Streamline","Coolheaded","Ball Lightning","Steam","Parasite","Self Repair+1","Biased Cognition+1","Coolheaded","Heatsinks","Cold Snap"],"relics":["FrozenCore","Boot","Cables","DataDisk"],"potions_floor_usage":[16,16],"damage_taken":[{"damage":0,"enemies":"2 Louse","floor":1,"turns":2},{"damage":4,"enemies":"Jaw Worm","floor":3,"turns":5},{"damage":42,"enemies":"Gremlin Nob","floor":8,"turns":5},{"damage":0,"enemies":"Small Slimes","floor":11,"turns":2},{"damage":13,"enemies":"Looter","floor":14,"turns":3},{"damage":45,"enemies":"Hexaghost","floor":16,"turns":10},{"damage":3,"enemies":"Chosen","floor":18,"turns":6},{"damage":79,"enemies":"Gremlin Leader","floor":24,"turns":8}],"seed_played":"7820519001879784183","potions_obtained":[{"floor":1,"key":"EssenceOfSteel"},{"floor":3,"key":"FocusPotion"},{"floor":11,"key":"FocusPotion"}],"is_trial":false,"path_per_floor":["M","$","M","?","$","R","?","E","T","?","M","?","R","M","R","B",null,"M","?","?","$","?","R","E"],"character_chosen":"DEFECT","items_purchased":["Self Repair","Sunder","Coolheaded","Heatsinks"],"campfire_rested":1,"item_purchase_floors":[2,2,5,21],"current_hp_per_floor":[75,75,75,75,75,75,75,40,40,40,50,68,75,72,72,47,75,75,75,75,75,75,75,0],"gold":74,"neow_bonus":"HUNDRED_GOLD","is_prod":false,"is_daily":false,"chose_seed":false,"campfire_upgraded":3,"win_rate":0,"timestamp":1555485416,"path_taken":["M","$","M","?","$","R","?","E","T","?","M","?","R","M","R","BOSS","M","?","?","$","?","R","E"],"build_version":"2019-01-23","purchased_purges":1,"victory":false,"max_hp_per_floor":[75,75,75,75,75,75,75,75,75,75,75,75,75,75,75,75,75,75,75,75,75,75,75,75],"card_choices":[{"not_picked":["Steam Power","Skim"],"picked":"Sweeping Beam","floor":1},{"not_picked":["Undo","Heatsinks"],"picked":"Streamline","floor":3},{"not_picked":["Heatsinks","BootSequence"],"picked":"Ball Lightning","floor":8},{"not_picked":["Reinforced Body","Compile Driver"],"picked":"Steam","floor":11},{"not_picked":["Sweeping Beam","Go for the Eyes"],"picked":"Self Repair","floor":14},{"not_picked":["Fission","Amplify"],"picked":"Biased Cognition","floor":16},{"not_picked":["Sunder","Go for the Eyes"],"picked":"Coolheaded","floor":18}],"player_experience":198499,"relics_obtained":[{"floor":8,"key":"Boot"},{"floor":9,"key":"Cables"}],"event_choices":[{"damage_healed":0,"gold_gain":0,"player_choice":"Ignored","damage_taken":0,"max_hp_gain":0,"max_hp_loss":0,"event_name":"Liars Game","floor":4,"gold_loss":0},{"damage_healed":0,"gold_gain":0,"player_choice":"Leave","damage_taken":0,"max_hp_gain":0,"max_hp_loss":0,"event_name":"The Cleric","floor":7,"gold_loss":0},{"damage_healed":0,"gold_gain":0,"player_choice":"Grow","damage_taken":0,"max_hp_gain":0,"max_hp_loss":0,"event_name":"Living Wall","floor":10,"gold_loss":0,"cards_upgraded":["Self Repair"]},{"damage_healed":18,"gold_gain":0,"player_choice":"Healed and dodged fight","damage_taken":0,"max_hp_gain":0,"max_hp_loss":0,"event_name":"Mushrooms","floor":12,"gold_loss":0,"cards_obtained":["Parasite"]},{"damage_healed":0,"gold_gain":0,"player_choice":"Ignored","damage_taken":0,"max_hp_gain":0,"max_hp_loss":0,"event_name":"Beggar","floor":19,"gold_loss":0},{"damage_healed":0,"gold_gain":0,"player_choice":"Obtained Relic","damage_taken":0,"relics_obtained":["DataDisk"],"max_hp_gain":0,"max_hp_loss":0,"event_name":"Addict","floor":20,"gold_loss":85},{"damage_healed":0,"gold_gain":0,"player_choice":"Read","damage_taken":0,"max_hp_gain":0,"max_hp_loss":0,"event_name":"The Library","floor":22,"gold_loss":0,"cards_obtained":["Cold Snap"]}],"is_beta":false,"boss_relics":[{"not_picked":["Fusion Hammer","Philosopher\u0027s Stone"],"picked":"FrozenCore"}],"items_purged_floors":[21],"is_endless":false,"potions_floor_spawned":[1,3,11],"killed_by":"Gremlin Leader","ascension_level":3}