{"gold_per_floor":[117,117,36,47,61,61,73,89,89,104,104,118,33,50,50,50],"floor_reached":16,"playtime":685,"items_purged":[],"score":187,"play_id":"3d145df7-df07-4b94-911c-e3dc039a8b42","local_time":"20190418194520","is_ascension_mode":true,"campfire_choices":[{"floor":6,"key":"REST"},{"floor":11,"key":"REST"},{"floor":15,"key":"REST"}],"neow_cost":"NONE","seed_source_timestamp":612677759101471,"circlet_count":0,"master_deck":["AscendersBane","Strike_B","Strike_B","Strike_B","Strike_B","Defend_B","Defend_B","Defend_B","Defend_B","Zap","Dualcast","Fusion","Static Discharge","Force Field","Compile Driver","Sweeping Beam","Ball Lightning","Hello World","Ball Lightning","Defragment","Cold Snap"],"relics":["Cracked Core","Omamori","WarpedTongs","StoneCalendar"],"potions_floor_usage":[7,16],"damage_taken":[{"damage":0,"enemies":"2 Louse","floor":1,"turns":3},{"damage":6,"enemies":"Cultist","floor":4,"turns":4},{"damage":0,"enemies":"Small Slimes","floor":5,"turns":2},{"damage":0,"enemies":"3 Louse","floor":7,"turns":3},{"damage":14,"enemies":"Blue Slaver","floor":8,"turns":4},{"damage":33,"enemies":"Large Slime","floor":10,"turns":4},{"damage":14,"enemies":"Exordium Thugs","floor":12,"turns":5},{"damage":14,"enemies":"Lots of Slimes","floor":14,"turns":4},{"damage":43,"enemies":"The Guardian","floor":16,"turns":5}],"seed_played":"-999027771089677837","potions_obtained":[{"floor":4,"key":"Ancient Potion"},{"floor":5,"key":"SkillPotion"},{"floor":7,"key":"Ancient Potion"},{"floor":14,"key":"PowerPotion"}],"is_trial":false,"path_per_floor":["M","?","$","M","M","R","M","M","T","M","R","M","$","M","R","B"],"character_chosen":"DEFECT","items_purchased":["Static Discharge","Defragment"],"campfire_rested":3,"item_purchase_floors":[3,13],"current_hp_per_floor":[64,64,64,58,58,71,71,57,57,24,45,31,31,17,38,0],"gold":50,"neow_bonus":"RANDOM_COMMON_RELIC","is_prod":false,"is_daily":false,"chose_seed":false,"campfire_upgraded":0,"win_rate":0,"timestamp":1555605920,"path_taken":["M","?","$","M","?","R","M","M","T","M","R","M","$","M","R","BOSS"],"build_version":"2019-01-23","purchased_purges":0,"victory":false,"max_hp_per_floor":[71,71,71,71,71,71,71,71,71,71,71,71,71,71,71,71],"card_choices":[{"not_picked":["Beam Cell","Gash"],"picked":"Fusion","floor":1},{"not_picked":["Reinforced Body","Stack"],"picked":"Force Field","floor":4},{"not_picked":["Barrage","Tempest"],"picked":"Compile Driver","floor":5},{"not_picked":["Steam Power","Beam Cell"],"picked":"Sweeping Beam","floor":7},{"not_picked":["Streamline","FTL"],"picked":"Ball Lightning","floor":8},{"not_picked":["Rebound","Heatsinks"],"picked":"Hello World","floor":10},{"not_picked":["Leap","Barrage"],"picked":"Ball Lightning","floor":12},{"not_picked":["Seek","Stack"],"picked":"Cold Snap","floor":14}],"player_experience":1215270,"relics_obtained":[{"floor":9,"key":"StoneCalendar"}],"event_choices":[{"damage_healed":0,"gold_gain":0,"player_choice":"Rummage","damage_taken":0,"relics_obtained":["WarpedTongs"],"max_hp_gain":0,"max_hp_loss":0,"event_name":"Accursed Blacksmith","floor":2,"gold_loss":0,"cards_obtained":["Pain"]}],"is_beta":false,"boss_relics":[],"items_purged_floors":[],"is_endless":false,"potions_floor_spawned":[4,5,7,14],"killed_by":"The Guardian","ascension_level":19}