{"gold_per_floor":[115,40,40,5,21,21,52,52,105,123,123,135,168,22,22,95,95,109,109,120,120,45,45,65,65,91,91,91],"floor_reached":28,"playtime":550,"items_purged":["Parasite"],"score":448,"play_id":"7c07adda-a12f-408b-aef0-41dade9beac6","local_time":"20190421155839","is_ascension_mode":true,"campfire_choices":[{"data":"Zap","floor":6,"key":"SMITH"},{"floor":8,"key":"REST"},{"floor":11,"key":"REST"},{"data":"Hologram","floor":15,"key":"SMITH"},{"floor":23,"key":"REST"},{"floor":27,"key":"REST"}],"neow_cost":"CURSE","seed_source_timestamp":475191686612200,"circlet_count":0,"master_deck":["AscendersBane","Defend_B","Defend_B","Defend_B","Defend_B","Zap+1","Dualcast","Echo Form","Ball Lightning","Cold Snap","Ball Lightning","Loop","Creative AI","Hologram+1","Capacitor","Biased Cognition","Consume","Genetic Algorithm","Reboot","Coolheaded"],"relics":["Cracked Core","Gremlin Horn","Omamori","Matryoshka","Cursed Key","Bag of Marbles","Pen Nib","Happy Flower"],"potions_floor_usage":[13,13,16,18,28],"damage_taken":[{"damage":12,"enemies":"2 Louse","floor":1,"turns":3},{"damage":10,"enemies":"Small Slimes","floor":5,"turns":4},{"damage":40,"enemies":"3 Sentries","floor":7,"turns":6},{"damage":12,"enemies":"Jaw Worm","floor":10,"turns":3},{"damage":18,"enemies":"Large Slime","floor":12,"turns":4},{"damage":8,"enemies":"Gremlin Nob","floor":13,"turns":3},{"damage":19,"enemies":"The Guardian","floor":16,"turns":10},{"damage":10,"enemies":"Chosen","floor":18,"turns":4},{"damage":35,"enemies":"3 Byrds","floor":20,"turns":4},{"damage":25,"enemies":"Snecko","floor":24,"turns":5},{"damage":24,"enemies":"Slavers","floor":28,"turns":1}],"seed_played":"-5255363425418844145","potions_obtained":[{"floor":1,"key":"Poison Potion"},{"floor":7,"key":"SteroidPotion"},{"floor":16,"key":"EssenceOfSteel"},{"floor":24,"key":"SkillPotion"}],"is_trial":false,"path_per_floor":["M","$","?","?","M","R","E","R","T","M","R","M","E","$","R","B",null,"M","?","M","?","?","R","M","?","T","R","E"],"character_chosen":"DEFECT","items_purchased":["Hologram","Fire Potion","Capacitor"],"campfire_rested":4,"item_purchase_floors":[14,14,14],"current_hp_per_floor":[52,52,52,68,58,58,18,38,38,26,46,28,20,20,20,1,51,41,41,6,6,6,26,1,1,1,21,0],"gold":91,"neow_bonus":"THREE_RARE_CARDS","is_prod":false,"is_daily":false,"chose_seed":false,"campfire_upgraded":2,"win_rate":0,"timestamp":1555829919,"path_taken":["M","$","?","?","M","R","E","R","T","M","R","M","E","?","R","BOSS","M","?","M","?","?","R","M","?","T","R","E"],"build_version":"2019-01-23","purchased_purges":1,"victory":false,"max_hp_per_floor":[71,68,68,68,68,68,68,68,68,68,68,68,68,68,68,68,68,68,68,68,68,68,68,68,68,68,68,68],"card_choices":[{"not_picked":["Rainbow","Meteor Strike"],"picked":"Echo Form","floor":0},{"not_picked":["Beam Cell","Conserve Battery","Barrage"],"picked":"SKIP","floor":1},{"not_picked":["Streamline","Coolheaded"],"picked":"Ball Lightning","floor":5},{"not_picked":["Stack","Rebound"],"picked":"Cold Snap","floor":7},{"not_picked":["Leap","Compile Driver"],"picked":"Ball Lightning","floor":10},{"not_picked":["Beam Cell","Storm"],"picked":"Loop","floor":12},{"not_picked":["Leap","Undo"],"picked":"Creative AI","floor":13},{"not_picked":["Machine Learning","Buffer"],"picked":"Biased Cognition","floor":16},{"not_picked":["Force Field+1","Go for the Eyes"],"picked":"Consume","floor":18},{"not_picked":["Hologram","Streamline","Gash"],"picked":"SKIP","floor":20},{"not_picked":["Barrage","Tempest"],"picked":"Coolheaded","floor":24}],"player_experience":3278690,"relics_obtained":[{"floor":7,"key":"Gremlin Horn"},{"floor":9,"key":"Omamori"},{"floor":13,"key":"Matryoshka"},{"floor":26,"key":"Pen Nib"},{"floor":26,"key":"Happy Flower"}],"event_choices":[{"damage_healed":0,"gold_gain":0,"player_choice":"Ignored","damage_taken":0,"max_hp_gain":0,"max_hp_loss":0,"event_name":"Liars Game","floor":3,"gold_loss":0},{"damage_healed":17,"gold_gain":0,"player_choice":"Healed","damage_taken":0,"max_hp_gain":0,"max_hp_loss":0,"event_name":"The Cleric","floor":4,"gold_loss":35},{"damage_healed":0,"gold_gain":0,"player_choice":"Opened","damage_taken":0,"relics_obtained":["Bag of Marbles"],"max_hp_gain":0,"max_hp_loss":0,"event_name":"The Mausoleum","floor":19,"gold_loss":0,"cards_obtained":["Writhe"]},{"damage_healed":0,"gold_gain":0,"cards_transformed":["Strike_B","Strike_B"],"player_choice":"Became Test Subject","damage_taken":0,"max_hp_gain":0,"max_hp_loss":0,"event_name":"Drug Dealer","floor":21,"gold_loss":0,"cards_obtained":["Genetic Algorithm","Reboot"]},{"cards_removed":["Strike_B"],"damage_healed":0,"gold_gain":0,"player_choice":"Gave Gold","damage_taken":0,"max_hp_gain":0,"max_hp_loss":0,"event_name":"Beggar","floor":22,"gold_loss":75},{"cards_removed":["Strike_B"],"damage_healed":0,"gold_gain":0,"player_choice":"Elegance","damage_taken":0,"max_hp_gain":0,"max_hp_loss":0,"event_name":"Back to Basics","floor":25,"gold_loss":0}],"is_beta":false,"boss_relics":[{"not_picked":["Runic Dome","Pandora\u0027s Box"],"picked":"Cursed Key"}],"items_purged_floors":[2],"is_endless":false,"potions_floor_spawned":[1,7,12,16,24],"killed_by":"Slavers","ascension_level":20}