{"gold_per_floor":[369,369,369,388,403,403,403,403,403,419,24,36,36,71,71,150,150,164,89,289,305,316,316,333,333,386,386,301,258,183,203,203,203],"floor_reached":33,"playtime":1087,"items_purged":["Defend_B"],"score":490,"play_id":"e5a9517b-a397-4c1c-a18a-37a39de16b54","local_time":"20190224122828","is_ascension_mode":true,"campfire_choices":[{"data":"Zap","floor":6,"key":"SMITH"},{"data":"Dualcast","floor":8,"key":"SMITH"},{"data":"Buffer","floor":13,"key":"SMITH"},{"data":"Coolheaded","floor":15,"key":"SMITH"},{"data":"Chill","floor":23,"key":"SMITH"},{"data":"Biased Cognition","floor":25,"key":"SMITH"},{"data":"Gash","floor":27,"key":"SMITH"},{"data":"Loop","floor":32,"key":"SMITH"}],"neow_cost":"TEN_PERCENT_HP_LOSS","seed_source_timestamp":347217973498700,"circlet_count":0,"master_deck":["AscendersBane","Strike_B","Strike_B","Strike_B","Defend_B+1","Defend_B+1","Defend_B","Zap+1","Dualcast+1","Self Repair","Gash","Buffer+1","Coolheaded+1","Gash","Biased Cognition+1","Gash+1","Chill+1","Streamline+1","Glacier","Loop+1"],"relics":["Cracked Core","Matryoshka","Meat on the Bone","Dodecahedron","Singing Bowl","Cables","Sozu","War Paint","Ancient Tea Set","Oddly Smooth Stone"],"potions_floor_usage":[14,33],"damage_taken":[{"damage":2,"enemies":"Cultist","floor":1,"turns":4},{"damage":4,"enemies":"Jaw Worm","floor":4,"turns":5},{"damage":2,"enemies":"2 Louse","floor":5,"turns":3},{"damage":17,"enemies":"Lots of Slimes","floor":10,"turns":5},{"damage":18,"enemies":"Large Slime","floor":12,"turns":6},{"damage":12,"enemies":"Gremlin Nob","floor":14,"turns":5},{"damage":2,"enemies":"The Guardian","floor":16,"turns":14},{"damage":0,"enemies":"Spheric Guardian","floor":18,"turns":5},{"damage":23,"enemies":"2 Thieves","floor":21,"turns":4},{"damage":8,"enemies":"Chosen and Byrds","floor":22,"turns":5},{"damage":24,"enemies":"3 Cultists","floor":24,"turns":5},{"damage":25,"enemies":"Snake Plant","floor":31,"turns":4},{"damage":65,"enemies":"Collector","floor":33,"turns":8}],"seed_played":"-5961613466271976150","potions_obtained":[{"floor":10,"key":"PowerPotion"},{"floor":14,"key":"Fruit Juice"}],"is_trial":false,"path_per_floor":["M","T","?","M","M","R","$","R","T","M","$","M","R","E","R","B",null,"M","?","?","M","M","R","M","R","T","R","?","$","$","M","R","B"],"character_chosen":"DEFECT","items_purchased":["Coolheaded","Singing Bowl","Fire Potion","Glacier"],"campfire_rested":0,"item_purchase_floors":[11,11,11,29],"current_hp_per_floor":[62,62,62,64,64,64,64,64,64,54,54,43,43,57,57,62,69,71,71,71,57,56,56,51,51,51,51,51,51,51,45,45,0],"gold":203,"neow_bonus":"TWO_FIFTY_GOLD","is_prod":false,"is_daily":false,"chose_seed":false,"campfire_upgraded":8,"win_rate":0,"timestamp":1550978908,"path_taken":["M","?","?","?","M","R","?","R","T","M","$","M","R","E","R","BOSS","M","?","?","M","?","R","M","R","T","R","?","?","$","?","R","BOSS"],"build_version":"2019-01-23","purchased_purges":1,"victory":false,"max_hp_per_floor":[64,64,64,64,64,64,64,64,64,64,64,64,64,71,71,71,71,71,71,71,73,73,73,73,73,73,73,73,73,73,73,73,73],"card_choices":[{"not_picked":["Compile Driver","Turbo"],"picked":"Self Repair","floor":1},{"not_picked":["Sweeping Beam","Reinforced Body","Leap"],"picked":"SKIP","floor":4},{"not_picked":["Reprogram","BootSequence"],"picked":"Gash","floor":5},{"not_picked":["Streamline","Self Repair"],"picked":"Buffer","floor":10},{"not_picked":["Melter","Steam"],"picked":"Gash","floor":12},{"not_picked":["Compile Driver","Turbo","Reprogram"],"picked":"Singing Bowl","floor":14},{"not_picked":["Hyperbeam","Reboot"],"picked":"Biased Cognition","floor":16},{"not_picked":["Lockon","Stack"],"picked":"Gash","floor":18},{"not_picked":["Stack","Double Energy","Barrage"],"picked":"Singing Bowl","floor":21},{"not_picked":["Recycle","Self Repair"],"picked":"Chill","floor":22},{"not_picked":["Rip and Tear","Ball Lightning"],"picked":"Streamline+1","floor":24},{"not_picked":["Conserve Battery","Gash"],"picked":"Loop","floor":31}],"player_experience":1788136,"relics_obtained":[{"floor":2,"key":"Matryoshka"},{"floor":9,"key":"Meat on the Bone"},{"floor":9,"key":"Dodecahedron"},{"floor":14,"key":"Cables"},{"floor":26,"key":"War Paint"},{"floor":26,"key":"Ancient Tea Set"}],"event_choices":[{"damage_healed":0,"gold_gain":0,"player_choice":"Leave","damage_taken":0,"max_hp_gain":0,"max_hp_loss":0,"event_name":"The Cleric","floor":3,"gold_loss":0},{"cards_removed":["Strike_B"],"damage_healed":0,"gold_gain":0,"player_choice":"Gave Gold","damage_taken":0,"max_hp_gain":0,"max_hp_loss":0,"event_name":"Beggar","floor":19,"gold_loss":75},{"damage_healed":0,"gold_gain":250,"player_choice":"Bet on Owner","damage_taken":0,"max_hp_gain":0,"max_hp_loss":0,"event_name":"The Joust","floor":20,"gold_loss":50},{"damage_healed":0,"gold_gain":0,"player_choice":"Obtained Relic","damage_taken":0,"relics_obtained":["Oddly Smooth Stone"],"max_hp_gain":0,"max_hp_loss":0,"event_name":"Addict","floor":28,"gold_loss":85}],"is_beta":false,"boss_relics":[{"not_picked":["Eternal Feather","Nuclear Battery"],"picked":"Sozu"}],"items_purged_floors":[30],"is_endless":false,"potions_floor_spawned":[10,12,14,22,24,31],"killed_by":"Collector","ascension_level":20}