{"gold_per_floor":[11,11,11,11,27,27,53,53,78,78,78,111,126,141,141,141],"floor_reached":16,"playtime":453,"items_purged":[],"score":196,"play_id":"692ce7d8-1dcb-4a8b-b369-a5d663a989cf","local_time":"20190418193043","is_ascension_mode":true,"campfire_choices":[{"data":"Armaments","floor":6,"key":"SMITH"},{"floor":8,"key":"REST"},{"data":"Juggernaut","floor":11,"key":"SMITH"},{"floor":15,"key":"REST"}],"neow_cost":"NO_GOLD","seed_source_timestamp":228816822453000,"circlet_count":0,"master_deck":["AscendersBane","Strike_R","Strike_R+1","Strike_R","Defend_R+1","Defend_R","Defend_R","Defend_R","Bash","Juggernaut+1","Armaments+1","True Grit","Feel No Pain"],"relics":["Burning Blood","Golden Idol","Odd Mushroom","Unceasing Top"],"potions_floor_usage":[12,16],"damage_taken":[{"damage":2,"enemies":"Jaw Worm","floor":1,"turns":5},{"damage":5,"enemies":"Small Slimes","floor":5,"turns":4},{"damage":30,"enemies":"The Mushroom Lair","floor":7,"turns":6},{"damage":38,"enemies":"Gremlin Nob","floor":12,"turns":6},{"damage":0,"enemies":"2 Louse","floor":13,"turns":4},{"damage":7,"enemies":"Large Slime","floor":14,"turns":6},{"damage":34,"enemies":"Slime Boss","floor":16,"turns":10}],"seed_played":"6853059444373133562","potions_obtained":[{"floor":7,"key":"Weak Potion"},{"floor":12,"key":"GamblersBrew"}],"is_trial":false,"path_per_floor":["M","?","?","$","M","R","?","R","T","?","R","E","M","M","R","B"],"character_chosen":"IRONCLAD","items_purchased":[],"campfire_rested":2,"item_purchase_floors":[],"current_hp_per_floor":[72,49,49,49,50,50,26,46,46,46,46,14,20,19,39,5],"gold":141,"neow_bonus":"TRANSFORM_TWO_CARDS","is_prod":false,"is_daily":false,"chose_seed":false,"campfire_upgraded":2,"win_rate":0,"timestamp":1555583443,"path_taken":["M","?","?","$","M","R","?","R","T","?","R","E","M","M","R","BOSS"],"build_version":"2019-01-23","purchased_purges":0,"victory":false,"max_hp_per_floor":[75,75,68,68,68,68,68,68,68,68,68,68,68,68,68,68],"card_choices":[{"not_picked":["Headbutt","Uppercut"],"picked":"True Grit","floor":1},{"not_picked":["True Grit","Heavy Blade","Warcry"],"picked":"SKIP","floor":5},{"not_picked":["Power Through","Sword Boomerang","Havoc"],"picked":"SKIP","floor":12},{"not_picked":["Cleave","Sever Soul","Havoc"],"picked":"SKIP","floor":13},{"not_picked":["Dark Embrace","Anger"],"picked":"Feel No Pain","floor":14}],"player_experience":3215010,"relics_obtained":[{"floor":7,"key":"Odd Mushroom"},{"floor":12,"key":"Unceasing Top"}],"event_choices":[{"damage_healed":0,"gold_gain":0,"player_choice":"Entered Light","damage_taken":23,"max_hp_gain":0,"max_hp_loss":0,"event_name":"Shining Light","floor":2,"gold_loss":0,"cards_upgraded":["Defend_R","Strike_R"]},{"damage_healed":0,"gold_gain":0,"player_choice":"Lose Max HP","damage_taken":0,"relics_obtained":["Golden Idol"],"max_hp_gain":0,"max_hp_loss":7,"event_name":"Golden Idol","floor":3,"gold_loss":0},{"damage_healed":0,"gold_gain":0,"player_choice":"Fought Mushrooms","damage_taken":0,"max_hp_gain":0,"max_hp_loss":0,"event_name":"Mushrooms","floor":7,"gold_loss":0},{"damage_healed":0,"gold_gain":0,"player_choice":"Searched \u00271\u0027 times","damage_taken":0,"max_hp_gain":0,"max_hp_loss":0,"event_name":"Dead Adventurer","floor":10,"gold_loss":0}],"is_beta":false,"boss_relics":[],"items_purged_floors":[],"is_endless":false,"potions_floor_spawned":[7,12],"killed_by":"Slime Boss","ascension_level":20}