{"gold_per_floor":[368,379,344,344,363,363,393,393,417,121,136,165,184,197,197,271,271,291,26,45,59,59,85,85,0,24,53,115,142,154,193,205,288,300,332,344,356,381,406,446,458,500,512,524,548,595,622,684,696,708,720,732,744,3,37,37],"floor_reached":57,"playtime":2350,"items_purged":["Strike_R","Strike_R"],"score":3019,"play_id":"f778348f-ae0d-46b3-99b8-05343575613a","local_time":"20190413124638","is_ascension_mode":true,"campfire_choices":[{"data":"Whirlwind","floor":6.0,"key":"SMITH"},{"data":"Bash","floor":8.0,"key":"SMITH"},{"data":"Armaments","floor":15.0,"key":"SMITH"},{"data":"True Grit","floor":24.0,"key":"SMITH"},{"data":"Body Slam","floor":30.0,"key":"SMITH"},{"data":"Entrench","floor":32.0,"key":"SMITH"},{"data":"Barricade","floor":44.0,"key":"SMITH"},{"floor":49.0,"key":"RECALL"},{"data":"Evolve","floor":53.0,"key":"SMITH"}],"neow_cost":"PERCENT_DAMAGE","seed_source_timestamp":88457010374900,"circlet_count":0,"master_deck":["AscendersBane","Defend_R","Defend_R","Defend_R","Defend_R","Bash+1","Whirlwind+1","Entrench+1","Burning Pact","Rampage","Armaments+1","Barricade+1","True Grit+1","Evolve+1","Entrench+1","Body Slam+1","Shrug It Off+1","Dark Embrace","PanicButton","PanicButton","Second Wind+1","Entrench+1"],"special_seed":0,"relics":["Burning Blood","Bag of Preparation","Regal Pillow","Ancient Tea Set","Mummified Hand","Velvet Choker","Chemical X","Lantern","Paper Frog","MawBank","Red Mask","Empty Cage","Strawberry","Bottled Tornado","Vajra","Self Forming Clay","Red Skull","Toy Ornithopter","Orichalcum"],"potions_floor_usage":[56,56],"damage_taken":[{"damage":6.0,"enemies":"Cultist","floor":1.0,"turns":3.0},{"damage":8.0,"enemies":"2 Louse","floor":2.0,"turns":2.0},{"damage":3.0,"enemies":"Small Slimes","floor":5.0,"turns":5.0},{"damage":15.0,"enemies":"3 Sentries","floor":7.0,"turns":5.0},{"damage":0.0,"enemies":"2 Fungi Beasts","floor":11.0,"turns":2.0},{"damage":32.0,"enemies":"Gremlin Nob","floor":12.0,"turns":4.0},{"damage":11.0,"enemies":"Blue Slaver","floor":13.0,"turns":3.0},{"damage":0.0,"enemies":"Exordium Wildlife","floor":14.0,"turns":2.0},{"damage":23.0,"enemies":"The Guardian","floor":16.0,"turns":11.0},{"damage":11.0,"enemies":"Shell Parasite","floor":18.0,"turns":12.0},{"damage":0.0,"enemies":"Spheric Guardian","floor":20.0,"turns":3.0},{"damage":7.0,"enemies":"Snake Plant","floor":21.0,"turns":7.0},{"damage":0.0,"enemies":"Gremlin Leader","floor":23.0,"turns":8.0},{"damage":0.0,"enemies":"3 Cultists","floor":27.0,"turns":1.0},{"damage":16.0,"enemies":"Snecko","floor":29.0,"turns":8.0},{"damage":61.0,"enemies":"Masked Bandits","floor":31.0,"turns":4.0},{"damage":8.0,"enemies":"Champ","floor":33.0,"turns":9.0},{"damage":4.0,"enemies":"Orb Walker","floor":35.0,"turns":4.0},{"damage":1.0,"enemies":"3 Shapes","floor":38.0,"turns":6.0},{"damage":17.0,"enemies":"Sphere and 2 Shapes","floor":39.0,"turns":6.0},{"damage":0.0,"enemies":"Nemesis","floor":40.0,"turns":11.0},{"damage":0.0,"enemies":"Reptomancer","floor":42.0,"turns":5.0},{"damage":0.0,"enemies":"Maw","floor":45.0,"turns":3.0},{"damage":17.0,"enemies":"Nemesis","floor":46.0,"turns":9.0},{"damage":0.0,"enemies":"3 Darklings","floor":47.0,"turns":7.0},{"damage":0.0,"enemies":"Time Eater","floor":50.0,"turns":9.0},{"damage":13.0,"enemies":"Awakened One","floor":51.0,"turns":11.0},{"damage":17,"enemies":"Shield and Spear","floor":55,"turns":5},{"damage":32,"enemies":"The Heart","floor":56,"turns":10}],"seed_played":"4510325432651563885","potions_obtained":[{"floor":1.0,"key":"PowerPotion"},{"floor":2.0,"key":"Swift Potion"},{"floor":11.0,"key":"FearPotion"},{"floor":21.0,"key":"BloodPotion"},{"floor":23.0,"key":"BloodPotion"},{"floor":27.0,"key":"Dexterity Potion"},{"floor":38.0,"key":"PowerPotion"}],"is_trial":false,"path_per_floor":["M","M","?","?","M","R","E","R","T","$","M","E","M","M","R","B",null,"M","$","M","M","$","E","R","?","T","M","?","M","R","?","R","B",null,"M","?","?","M","M","E","?","E","T","R","M","E","M","?","R","B","B",null,"R","$","E","B",null],"character_chosen":"IRONCLAD","items_purchased":["Ancient Tea Set","SteroidPotion","Chemical X","Evolve","Self Forming Clay","Red Skull","Toy Ornithopter"],"campfire_rested":0,"item_purchase_floors":[10,10,19,19,54,54,54],"current_hp_per_floor":[50,48,66,71,74,74,65,65,65,65,71,45,40,46,46,29,67,62,62,68,67,67,73,73,73,73,79,79,77,77,22,22,20,65,67,57,57,62,51,64,64,70,70,70,76,65,71,63,63,69,62,78,78,78,67,51],"gold":37,"neow_bonus":"TWO_FIFTY_GOLD","is_prod":false,"is_daily":false,"chose_seed":false,"campfire_upgraded":8,"win_rate":0,"timestamp":1555127198,"path_taken":["M","M","?","?","M","R","E","R","T","$","M","E","M","M","R","BOSS","M","$","M","M","$","E","R","?","T","M","?","M","R","?","R","BOSS","M","?","?","M","M","E","?","E","T","R","M","E","M","?","R","BOSS","BOSS","R","$","E","BOSS"],"build_version":"2019-01-23","purchased_purges":2,"victory":true,"max_hp_per_floor":[75,75,75,80,80,80,80,80,80,80,80,80,80,80,80,80,80,80,80,80,80,80,80,80,80,80,80,80,80,80,80,80,80,80,80,80,76,76,76,83,83,83,83,83,83,83,83,83,83,83,83,83,83,83,83,83],"card_choices":[{"not_picked":["Searing Blow","Feel No Pain"],"picked":"Whirlwind","floor":1.0},{"not_picked":["Headbutt","Power Through"],"picked":"Entrench","floor":2.0},{"not_picked":["Thunderclap","Havoc"],"picked":"Burning Pact","floor":5.0},{"not_picked":["Clash","Perfected Strike"],"picked":"Rampage","floor":7.0},{"not_picked":["Armaments","Flex","Rupture"],"picked":"SKIP","floor":11.0},{"not_picked":["Flex","Rupture"],"picked":"Armaments","floor":11.0},{"not_picked":["Double Tap","Burning Pact","Heavy Blade"],"picked":"SKIP","floor":12.0},{"not_picked":["Body Slam","Pommel Strike","Twin Strike"],"picked":"SKIP","floor":13.0},{"not_picked":["Armaments","Power Through","Headbutt"],"picked":"SKIP","floor":14.0},{"not_picked":["Reaper","Demon Form"],"picked":"Barricade","floor":16.0},{"not_picked":["Evolve","Spot Weakness"],"picked":"True Grit","floor":18.0},{"not_picked":["Iron Wave","Flex","Thunderclap"],"picked":"SKIP","floor":20.0},{"not_picked":["Anger","Headbutt","Reckless Charge"],"picked":"SKIP","floor":21.0},{"not_picked":["Iron Wave","Barricade","Brutality"],"picked":"SKIP","floor":23.0},{"not_picked":["Flex","Clothesline"],"picked":"Entrench+1","floor":27.0},{"not_picked":["Whirlwind","True Grit"],"picked":"Body Slam","floor":29.0},{"not_picked":["Anger","Body Slam"],"picked":"Shrug It Off+1","floor":31.0},{"not_picked":["Juggernaut","Double Tap"],"picked":"Dark Embrace","floor":33.0},{"not_picked":["Blood for Blood","Body Slam+1","Clash"],"picked":"SKIP","floor":35.0},{"not_picked":["Apotheosis","Flash of Steel"],"picked":"PanicButton","floor":36.0},{"not_picked":["Flash of Steel","HandOfGreed"],"picked":"PanicButton","floor":36.0},{"not_picked":["Shrug It Off+1","Bloodletting","Warcry"],"picked":"SKIP","floor":38.0},{"not_picked":["Shrug It Off+1","Bloodletting","Warcry"],"picked":"SKIP","floor":38.0},{"not_picked":["Sword Boomerang","Iron Wave+1","Anger"],"picked":"SKIP","floor":39.0},{"not_picked":["Anger","Heavy Blade","Carnage"],"picked":"SKIP","floor":40.0},{"not_picked":["Perfected Strike","Demon Form"],"picked":"Second Wind+1","floor":42.0},{"not_picked":["Clothesline+1","Iron Wave","Spot Weakness"],"picked":"SKIP","floor":45.0},{"not_picked":["Pummel","Sword Boomerang"],"picked":"Entrench+1","floor":46.0},{"not_picked":["Thunderclap","Pummel","Sentinel+1"],"picked":"SKIP","floor":47.0},{"not_picked":["Headbutt","Infernal Blade+1","Double Tap"],"picked":"SKIP","floor":55}],"player_experience":3092600,"relics_obtained":[{"floor":7.0,"key":"Bag of Preparation"},{"floor":9.0,"key":"Regal Pillow"},{"floor":12.0,"key":"Mummified Hand"},{"floor":23.0,"key":"Lantern"},{"floor":26.0,"key":"MawBank"},{"floor":31.0,"key":"Red Mask"},{"floor":40.0,"key":"Strawberry"},{"floor":42.0,"key":"Bottled Tornado"},{"floor":46.0,"key":"Vajra"},{"floor":55,"key":"Orichalcum"}],"event_choices":[{"damage_healed":18.0,"max_hp_gain":0.0,"max_hp_loss":0.0,"gold_gain":0.0,"event_name":"The Cleric","player_choice":"Healed","floor":3.0,"gold_loss":35.0,"damage_taken":0.0},{"damage_healed":0.0,"max_hp_gain":5.0,"max_hp_loss":0.0,"gold_gain":0.0,"event_name":"Big Fish","player_choice":"Donut","floor":4.0,"gold_loss":0.0,"damage_taken":0.0},{"damage_healed":0.0,"max_hp_gain":0.0,"max_hp_loss":0.0,"gold_gain":0.0,"event_name":"Addict","player_choice":"Obtained Relic","floor":25.0,"gold_loss":85.0,"damage_taken":0.0,"relics_obtained":["Paper Frog"]},{"damage_healed":0.0,"max_hp_gain":0.0,"max_hp_loss":0.0,"gold_gain":50.0,"event_name":"Nest","player_choice":"Stole From Cult","floor":28.0,"gold_loss":0.0,"damage_taken":0.0},{"damage_healed":0.0,"max_hp_gain":0.0,"max_hp_loss":0.0,"gold_gain":0.0,"event_name":"Masked Bandits","player_choice":"Fought Bandits","floor":31.0,"gold_loss":0.0,"damage_taken":0.0},{"damage_healed":0.0,"max_hp_gain":0.0,"max_hp_loss":0.0,"gold_gain":0.0,"event_name":"SensoryStone","player_choice":"Memory 3","floor":36.0,"gold_loss":0.0,"damage_taken":10.0},{"damage_healed":0.0,"max_hp_gain":0.0,"max_hp_loss":4.0,"gold_gain":0.0,"event_name":"Winding Halls","player_choice":"Max HP","floor":37.0,"gold_loss":0.0,"damage_taken":0.0},{"cards_removed":["Strike_R"],"damage_healed":0.0,"max_hp_gain":0.0,"max_hp_loss":0.0,"gold_gain":0.0,"event_name":"Falling","player_choice":"Removed Attack","floor":41.0,"gold_loss":0.0,"damage_taken":0.0},{"damage_healed":0.0,"max_hp_gain":0.0,"max_hp_loss":0.0,"gold_gain":50.0,"event_name":"FaceTrader","player_choice":"Touch","floor":48.0,"gold_loss":0.0,"damage_taken":8.0}],"is_beta":false,"boss_relics":[{"not_picked":["Black Star","Mark of Pain"],"picked":"Velvet Choker"},{"not_picked":["Orrery","Fusion Hammer"],"picked":"Empty Cage"}],"items_purged_floors":[10,54],"is_endless":false,"potions_floor_spawned":[1,2,11,12,13,21,23,27,38,40,42,45],"ascension_level":20}