{"gold_per_floor":[114,114,125,143,143,143,184,105,105,118,118,118,133,164,164,164],"floor_reached":16,"playtime":778,"items_purged":[],"score":209,"play_id":"f15606a6-e1ad-48fd-a38a-67ef100aaa9e","local_time":"20181223001830","is_ascension_mode":true,"campfire_choices":[{"data":"Neutralize","floor":6.0,"key":"SMITH"},{"data":"Predator","floor":11.0,"key":"SMITH"},{"floor":15,"key":"REST"}],"neow_cost":"TEN_PERCENT_HP_LOSS","seed_source_timestamp":22392904450370,"circlet_count":0,"master_deck":["AscendersBane","Defend_G","Defend_G","Defend_G+1","Defend_G","Defend_G+1","Strike_G","Strike_G","Strike_G","Strike_G","Strike_G","Survivor","Neutralize+1","Burst","Backstab","Predator+1","Terror","Dash","Crippling Poison","PiercingWail+1","Catalyst+1","All Out Attack"],"special_seed":0,"relics":["Ring of the Snake","Golden Idol","StoneCalendar","Toxic Egg 2","Mummified Hand"],"potions_floor_usage":[14,16],"damage_taken":[{"damage":6.0,"enemies":"Cultist","floor":1.0,"turns":5.0},{"damage":1.0,"enemies":"Jaw Worm","floor":3.0,"turns":5.0},{"damage":7.0,"enemies":"Small Slimes","floor":4.0,"turns":3.0},{"damage":6.0,"enemies":"Gremlin Nob","floor":7.0,"turns":3.0},{"damage":2.0,"enemies":"Exordium Wildlife","floor":10.0,"turns":6.0},{"damage":6.0,"enemies":"2 Fungi Beasts","floor":13.0,"turns":3.0},{"damage":10,"enemies":"3 Sentries","floor":14,"turns":7},{"damage":27,"enemies":"Slime Boss","floor":16,"turns":6}],"seed_played":"6769818684776080675","potions_obtained":[{"floor":1.0,"key":"SteroidPotion"},{"floor":4.0,"key":"Ancient Potion"},{"floor":10.0,"key":"Fruit Juice"},{"floor":13.0,"key":"Block Potion"},{"floor":14,"key":"Strength Potion"}],"is_trial":false,"path_per_floor":["M","?","M","M","?","R","E","$","T","M","R","?","M","E","R","B"],"character_chosen":"THE_SILENT","items_purchased":["Crippling Poison"],"campfire_rested":1,"item_purchase_floors":[8],"current_hp_per_floor":[53,35,34,27,27,27,21,21,21,24,24,24,18,8,25,0],"gold":164,"neow_bonus":"THREE_RARE_CARDS","is_prod":false,"is_daily":false,"chose_seed":false,"campfire_upgraded":2,"win_rate":0,"timestamp":1545495510,"path_taken":["M","?","M","M","?","R","E","$","T","M","R","?","?","E","R","BOSS"],"build_version":"2018-12-17","purchased_purges":0,"victory":false,"max_hp_per_floor":[60,60,60,60,54,54,54,54,54,59,59,59,59,59,59,59],"card_choices":[{"not_picked":["Venomology","Unload"],"picked":"Burst","floor":0.0},{"not_picked":["Bane","Acrobatics"],"picked":"Backstab","floor":1.0},{"not_picked":["Quick Slash","Leg Sweep"],"picked":"Predator","floor":3.0},{"not_picked":["Prepared","Backflip"],"picked":"Terror","floor":4.0},{"not_picked":["Cloak And Dagger","Quick Slash"],"picked":"Dash","floor":7.0},{"not_picked":["Choke","Flying Knee"],"picked":"PiercingWail+1","floor":10.0},{"not_picked":["Escape Plan+1","Outmaneuver+1"],"picked":"Catalyst+1","floor":13.0},{"not_picked":["Underhanded Strike","Dagger Spray"],"picked":"All Out Attack","floor":14}],"player_experience":656591,"relics_obtained":[{"floor":7.0,"key":"StoneCalendar"},{"floor":9.0,"key":"Toxic Egg 2"},{"floor":14,"key":"Mummified Hand"}],"event_choices":[{"damage_healed":0.0,"max_hp_gain":0.0,"max_hp_loss":0.0,"gold_gain":0.0,"event_name":"Shining Light","player_choice":"Entered Light","floor":2.0,"gold_loss":0.0,"damage_taken":18.0,"cards_upgraded":["Defend_G","Defend_G"]},{"damage_healed":0.0,"max_hp_gain":0.0,"max_hp_loss":6.0,"gold_gain":0.0,"event_name":"Golden Idol","player_choice":"Lose Max HP","floor":5.0,"gold_loss":0.0,"damage_taken":0.0,"relics_obtained":["Golden Idol"]},{"damage_healed":0.0,"max_hp_gain":0.0,"max_hp_loss":0.0,"gold_gain":0.0,"event_name":"Liars Game","player_choice":"Ignored","floor":12.0,"gold_loss":0.0,"damage_taken":0.0}],"is_beta":true,"boss_relics":[],"items_purged_floors":[],"is_endless":false,"potions_floor_spawned":[1,4,10,13,14],"killed_by":"Slime Boss","ascension_level":18}