{"gold_per_floor":[109,28,28,42,42,42,73,73,73,86,86,99,99,130,130,208,208,223,6,6,20,38,68,68,68,95,95,95,125,125,125],"floor_reached":31,"playtime":785,"items_purged":[],"score":608,"play_id":"617b8d06-5008-4b5c-b535-266e83d89cbd","local_time":"20190414143754","is_ascension_mode":true,"campfire_choices":[{"data":"Armaments","floor":6,"key":"SMITH"},{"data":"Perfected Strike","floor":8,"key":"SMITH"},{"data":"Bash","floor":11,"key":"SMITH"},{"data":"Flame Barrier","floor":15,"key":"SMITH"},{"floor":28,"key":"REST"},{"data":"Entrench","floor":30,"key":"SMITH"}],"neow_cost":"NONE","seed_source_timestamp":183377190799500,"circlet_count":0,"master_deck":["AscendersBane","Strike_R","Strike_R","Strike_R","Defend_R","Defend_R","Defend_R","Defend_R","Bash+1","Double Tap","Shrug It Off","Armaments+1","Cleave","Twin Strike","Shrug It Off","Impervious","Flame Barrier+1","Offering","Twin Strike","Shrug It Off","Evolve","Entrench+1","Feel No Pain","Heavy Blade","Rage"],"relics":["Burning Blood","Turnip","Juzu Bracelet","Self Forming Clay","Red Skull","Runic Dome","Pen Nib","Bottled Tornado","Dead Branch","Regal Pillow","Incense Burner"],"potions_floor_usage":[23,29],"damage_taken":[{"damage":7,"enemies":"Jaw Worm","floor":1,"turns":3},{"damage":2,"enemies":"2 Louse","floor":4,"turns":2},{"damage":29,"enemies":"Lagavulin","floor":7,"turns":7},{"damage":0,"enemies":"Small Slimes","floor":10,"turns":3},{"damage":13,"enemies":"Blue Slaver","floor":12,"turns":3},{"damage":44,"enemies":"3 Sentries","floor":14,"turns":8},{"damage":22,"enemies":"The Guardian","floor":16,"turns":9},{"damage":22,"enemies":"Shell Parasite","floor":18,"turns":4},{"damage":12,"enemies":"Chosen","floor":21,"turns":3},{"damage":26,"enemies":"3 Cultists","floor":22,"turns":6},{"damage":6,"enemies":"Book of Stabbing","floor":23,"turns":3},{"damage":28,"enemies":"Slavers","floor":29,"turns":5},{"damage":36,"enemies":"Gremlin Leader","floor":31,"turns":4}],"seed_played":"-4272689800436996590","potions_obtained":[{"floor":10,"key":"Weak Potion"},{"floor":14,"key":"GamblersBrew"},{"floor":16,"key":"Strength Potion"},{"floor":23,"key":"LiquidBronze"},{"floor":29,"key":"FearPotion"}],"is_trial":false,"path_per_floor":["M","$","?","M","?","R","E","R","T","M","R","M","?","E","R","B",null,"M","$","?","M","M","E","$","T","T","?","R","E","R","E"],"character_chosen":"IRONCLAD","items_purchased":["Perfected Strike","Armaments","Pen Nib","Shrug It Off"],"campfire_rested":1,"item_purchase_floors":[2,2,19,19],"current_hp_per_floor":[67,67,62,66,66,66,43,43,43,49,49,42,67,29,29,13,60,44,44,44,38,18,18,18,18,18,18,55,33,33,0],"gold":125,"neow_bonus":"ONE_RANDOM_RARE_CARD","is_prod":false,"is_daily":false,"chose_seed":false,"campfire_upgraded":5,"win_rate":0,"timestamp":1555220274,"path_taken":["M","$","?","M","?","R","E","R","T","M","R","M","?","E","R","BOSS","M","$","?","M","M","E","?","?","T","?","R","E","R","E"],"build_version":"2019-01-23","purchased_purges":0,"victory":false,"max_hp_per_floor":[75,75,75,75,75,75,75,75,75,75,75,75,75,75,75,75,75,75,75,75,75,75,75,75,75,75,75,75,75,75,75],"card_choices":[{"not_picked":["Armaments","Warcry"],"picked":"Shrug It Off","floor":1},{"not_picked":["Body Slam","Iron Wave","Havoc"],"picked":"SKIP","floor":4},{"not_picked":["Cleave","Twin Strike","Dropkick"],"picked":"SKIP","floor":7},{"not_picked":["Cleave","Dropkick"],"picked":"Twin Strike","floor":7},{"not_picked":["Whirlwind","Entrench"],"picked":"Shrug It Off","floor":10},{"not_picked":["Iron Wave","Thunderclap"],"picked":"Impervious","floor":12},{"not_picked":["Clothesline","Iron Wave"],"picked":"Flame Barrier","floor":14},{"not_picked":["Juggernaut","Limit Break"],"picked":"Offering","floor":16},{"not_picked":["Inflame","Anger+1","Twin Strike"],"picked":"SKIP","floor":18},{"not_picked":["Inflame","Anger+1"],"picked":"Twin Strike","floor":18},{"not_picked":["Cleave","Havoc"],"picked":"Evolve","floor":21},{"not_picked":["Intimidate","Thunderclap"],"picked":"Entrench","floor":22},{"not_picked":["Heavy Blade","Iron Wave"],"picked":"Feel No Pain","floor":23},{"not_picked":["Heavy Blade","Perfected Strike","Thunderclap"],"picked":"SKIP","floor":29}],"player_experience":3126042,"relics_obtained":[{"floor":7,"key":"Juzu Bracelet"},{"floor":9,"key":"Self Forming Clay"},{"floor":14,"key":"Red Skull"},{"floor":23,"key":"Bottled Tornado"},{"floor":25,"key":"Dead Branch"},{"floor":26,"key":"Regal Pillow"},{"floor":29,"key":"Incense Burner"}],"event_choices":[{"damage_healed":0,"gold_gain":0,"player_choice":"Success","damage_taken":5,"relics_obtained":["Turnip"],"max_hp_gain":0,"max_hp_loss":0,"event_name":"Scrap Ooze","floor":3,"gold_loss":0},{"damage_healed":0,"gold_gain":0,"cards_transformed":["Strike_R"],"player_choice":"Change","damage_taken":0,"max_hp_gain":0,"max_hp_loss":0,"event_name":"Living Wall","floor":5,"gold_loss":0,"cards_obtained":["Cleave"]},{"damage_healed":25,"gold_gain":0,"player_choice":"Banana","damage_taken":0,"max_hp_gain":0,"max_hp_loss":0,"event_name":"Big Fish","floor":13,"gold_loss":0},{"damage_healed":0,"gold_gain":0,"player_choice":"Ignored","damage_taken":0,"max_hp_gain":0,"max_hp_loss":0,"event_name":"Vampires","floor":20,"gold_loss":0},{"damage_healed":0,"gold_gain":0,"cards_transformed":["Perfected Strike","Strike_R"],"player_choice":"Became Test Subject","damage_taken":0,"max_hp_gain":0,"max_hp_loss":0,"event_name":"Drug Dealer","floor":27,"gold_loss":0,"cards_obtained":["Heavy Blade","Rage"]}],"is_beta":false,"boss_relics":[{"not_picked":["White Beast Statue","Eternal Feather"],"picked":"Runic Dome"}],"items_purged_floors":[],"is_endless":false,"potions_floor_spawned":[10,14,16,18,23,29],"killed_by":"Gremlin Leader","ascension_level":20}