{"gold_per_floor":[111,81,99,112,387,400,400,40,40,190,221,15,29,63,63,63],"floor_reached":16,"playtime":428,"items_purged":["Regret","Doubt"],"score":220,"play_id":"e45d3188-889b-4fc8-b12d-20902382bacf","local_time":"20190226153945","is_ascension_mode":true,"campfire_choices":[{"data":"Zap","floor":7,"key":"SMITH"},{"data":"Discovery","floor":15,"key":"SMITH"}],"neow_cost":"NONE","seed_source_timestamp":25489676884200,"circlet_count":0,"master_deck":["AscendersBane","Strike_B","Strike_B","Strike_B","Strike_B","Defend_B","Defend_B","Defend_B","Defend_B","Zap+1","Dualcast","Glacier","Ball Lightning","Conserve Battery","Discovery+1","Rip and Tear","Chill"],"relics":["Cracked Core","NeowsBlessing","Mummified Hand","Bottled Lightning","Ice Cream","Darkstone Periapt"],"potions_floor_usage":[11,11],"damage_taken":[{"damage":0,"enemies":"Jaw Worm","floor":1,"turns":1},{"damage":0,"enemies":"Cultist","floor":3,"turns":1},{"damage":0,"enemies":"Small Slimes","floor":4,"turns":1},{"damage":9,"enemies":"Looter","floor":6,"turns":3},{"damage":12,"enemies":"3 Sentries","floor":11,"turns":9},{"damage":0,"enemies":"2 Fungi Beasts","floor":13,"turns":4},{"damage":34,"enemies":"Gremlin Nob","floor":14,"turns":5},{"damage":0,"enemies":"Slime Boss","floor":16,"turns":3}],"seed_played":"5293784079954737974","potions_obtained":[{"floor":1,"key":"PowerPotion"},{"floor":2,"key":"FocusPotion"},{"floor":14,"key":"Energy Potion"}],"is_trial":false,"path_per_floor":["M","?","M","M","?","M","R","$","T","?","E","$","M","E","R","B"],"character_chosen":"DEFECT","items_purchased":["Mummified Hand","Discovery"],"campfire_rested":0,"item_purchase_floors":[8,12],"current_hp_per_floor":[64,64,64,64,64,55,55,55,55,55,43,43,43,9,9,9],"gold":63,"neow_bonus":"THREE_ENEMY_KILL","is_prod":false,"is_daily":false,"chose_seed":false,"campfire_upgraded":2,"win_rate":0,"timestamp":1551163185,"path_taken":["M","?","?","M","?","?","R","$","T","?","E","$","M","E","R","BOSS"],"build_version":"2019-01-23","purchased_purges":2,"victory":false,"max_hp_per_floor":[71,71,71,71,71,71,71,71,71,71,71,71,71,71,71,71],"card_choices":[{"not_picked":["Hello World","Turbo","Go for the Eyes"],"picked":"SKIP","floor":1},{"not_picked":["Beam Cell","Streamline"],"picked":"Glacier","floor":3},{"not_picked":["All For One","Compile Driver","Redo"],"picked":"SKIP","floor":4},{"not_picked":["Sweeping Beam","Leap"],"picked":"Ball Lightning","floor":6},{"not_picked":["Rip and Tear","Doom and Gloom"],"picked":"Conserve Battery","floor":11},{"not_picked":["Rip and Tear","Beam Cell","Rebound"],"picked":"SKIP","floor":13},{"not_picked":["Beam Cell","Rebound"],"picked":"Rip and Tear","floor":13},{"not_picked":["Barrage","Machine Learning"],"picked":"Chill","floor":14}],"player_experience":1839319,"relics_obtained":[{"floor":9,"key":"Bottled Lightning"},{"floor":11,"key":"Ice Cream"},{"floor":14,"key":"Darkstone Periapt"}],"event_choices":[{"damage_healed":0,"gold_gain":0,"player_choice":"Bought 2 Potions","damage_taken":0,"max_hp_gain":0,"max_hp_loss":0,"event_name":"The Woman in Blue","floor":2,"gold_loss":0},{"damage_healed":0,"gold_gain":275,"player_choice":"Desecrate","damage_taken":0,"max_hp_gain":0,"max_hp_loss":0,"event_name":"Golden Shrine","floor":5,"gold_loss":0,"cards_obtained":["Regret"]},{"damage_healed":0,"gold_gain":150,"player_choice":"AGREE","damage_taken":0,"max_hp_gain":0,"max_hp_loss":0,"event_name":"Liars Game","floor":10,"gold_loss":0,"cards_obtained":["Doubt"]}],"is_beta":false,"boss_relics":[],"items_purged_floors":[8,12],"is_endless":false,"potions_floor_spawned":[1,14],"killed_by":"Slime Boss","ascension_level":20}