{"gold_per_floor":[114,39,49,49,49,49,81,81,104,135,52,52,102,120,120,197,197,211,22,38,38,38,69,69,83,83,8,8,0,19,289,289,366,366,376,276,376,401,401,401,418,418,418,452,452,470,470,489,489,489,489,489,489,116,144,144],"floor_reached":57,"playtime":2311,"items_purged":["Strike_R","Bash+1","Shame"],"score":2704,"play_id":"2a2a5882-e8df-4268-8e65-a88f34bec7ce","local_time":"20190316140839","is_ascension_mode":true,"campfire_choices":[{"data":"True Grit","floor":6,"key":"SMITH"},{"data":"Bash","floor":8,"key":"SMITH"},{"data":"Entrench","floor":12,"key":"SMITH"},{"data":"Body Slam","floor":15,"key":"SMITH"},{"floor":24,"key":"REST"},{"data":"Barricade","floor":28,"key":"SMITH"},{"floor":32,"key":"REST"},{"data":"Power Through","floor":40,"key":"SMITH"},{"data":"Shrug It Off","floor":42,"key":"SMITH"},{"floor":47,"key":"RECALL"},{"data":"Battle Trance","floor":49,"key":"SMITH"},{"floor":53,"key":"REST"}],"neow_cost":"NONE","seed_source_timestamp":185419264758600,"circlet_count":0,"master_deck":["AscendersBane","Defend_R","Defend_R","Defend_R","Defend_R","True Grit+1","Battle Trance+1","Entrench+1","Body Slam+1","Barricade+1","Shrug It Off+1","Evolve","Corruption","Power Through+1","Body Slam","Flame Barrier+1","Power Through"],"relics":["Burning Blood","NeowsBlessing","Orichalcum","Happy Flower","Boot","Velvet Choker","Potion Belt","Dodecahedron","Cursed Key","Incense Burner","Blood Vial","Blue Candle"],"potions_floor_usage":[16,16,23,23,25,33,48,48,56,56],"damage_taken":[{"damage":0,"enemies":"2 Louse","floor":1,"turns":1},{"damage":0,"enemies":"Small Slimes","floor":3,"turns":2},{"damage":0,"enemies":"3 Sentries","floor":7,"turns":1},{"damage":38,"enemies":"Gremlin Nob","floor":10,"turns":5},{"damage":0,"enemies":"Cultist","floor":14,"turns":3},{"damage":1,"enemies":"The Guardian","floor":16,"turns":9},{"damage":28,"enemies":"Shell Parasite","floor":18,"turns":7},{"damage":16,"enemies":"2 Thieves","floor":20,"turns":4},{"damage":23,"enemies":"Book of Stabbing","floor":23,"turns":6},{"damage":1,"enemies":"Cultist and Chosen","floor":25,"turns":8},{"damage":0,"enemies":"3 Cultists","floor":30,"turns":4},{"damage":3,"enemies":"Collector","floor":33,"turns":7},{"damage":0,"enemies":"Orb Walker","floor":35,"turns":4},{"damage":0,"enemies":"Mind Bloom Boss Battle","floor":37,"turns":5},{"damage":0,"enemies":"3 Shapes","floor":41,"turns":10},{"damage":0,"enemies":"Giant Head","floor":44,"turns":4},{"damage":0,"enemies":"Writhing Mass","floor":46,"turns":5},{"damage":3,"enemies":"Transient","floor":48,"turns":6},{"damage":37,"enemies":"Awakened One","floor":50,"turns":15},{"damage":8,"enemies":"Donu and Deca","floor":51,"turns":12},{"damage":31,"enemies":"Shield and Spear","floor":55,"turns":18},{"damage":69,"enemies":"The Heart","floor":56,"turns":11}],"seed_played":"8585183471719829776","potions_obtained":[{"floor":10,"key":"SkillPotion"},{"floor":16,"key":"LiquidBronze"},{"floor":18,"key":"SteroidPotion"},{"floor":23,"key":"Energy Potion"},{"floor":30,"key":"Strength Potion"},{"floor":37,"key":"Explosive Potion"},{"floor":41,"key":"Explosive Potion"},{"floor":44,"key":"FairyPotion"}],"is_trial":false,"path_per_floor":["M","?","M","?","$","R","E","R","T","E","$","R","?","M","R","B",null,"M","$","M","$","?","E","R","M","T","?","R","?","M","?","R","B",null,"M","$","?","T","?","R","M","R","T","E","?","M","R","M","R","B","B",null,"R","$","E","B",null],"character_chosen":"IRONCLAD","items_purchased":["PowerPotion","Body Slam","Shrug It Off","Block Potion","Block Potion","Block Potion","Power Through","Explosive Potion"],"campfire_rested":3,"item_purchase_floors":[11,11,19,19,54,54,54,54],"current_hp_per_floor":[74,74,75,68,68,68,74,74,74,42,42,42,42,48,48,53,70,48,48,38,38,38,21,43,48,48,48,48,48,54,19,41,44,67,73,73,75,75,75,75,75,75,75,75,75,75,75,75,75,44,44,67,75,75,50,11],"gold":144,"neow_bonus":"THREE_ENEMY_KILL","is_prod":false,"is_daily":false,"chose_seed":false,"campfire_upgraded":8,"win_rate":0,"timestamp":1552712919,"path_taken":["M","?","M","?","$","R","E","R","T","E","$","R","?","M","R","BOSS","M","$","?","$","?","E","R","?","T","?","R","?","M","?","R","BOSS","M","?","?","?","?","R","M","R","T","E","?","M","R","M","R","BOSS","BOSS","R","$","E","BOSS"],"build_version":"2019-01-23","purchased_purges":3,"victory":true,"max_hp_per_floor":[75,75,75,75,75,75,75,75,75,75,75,75,75,75,75,75,75,75,75,75,75,75,75,75,75,75,75,75,75,75,75,75,75,75,75,75,75,75,75,75,75,75,75,75,75,75,75,75,75,75,75,75,75,75,75,75],"card_choices":[{"not_picked":["Cleave","Hemokinesis"],"picked":"True Grit","floor":1},{"not_picked":["Flex","Headbutt"],"picked":"Battle Trance","floor":3},{"not_picked":["Hemokinesis","Pommel Strike","Metallicize"],"picked":"SKIP","floor":7},{"not_picked":["Reckless Charge","Pummel"],"picked":"Entrench","floor":10},{"not_picked":["Battle Trance","Heavy Blade","Exhume"],"picked":"SKIP","floor":14},{"not_picked":["Dark Embrace","Berserk"],"picked":"Barricade","floor":16},{"not_picked":["Sever Soul","Wild Strike","Seeing Red"],"picked":"SKIP","floor":18},{"not_picked":["Perfected Strike+1","Pommel Strike"],"picked":"Evolve","floor":20},{"not_picked":["Combust","Havoc"],"picked":"Power Through","floor":23},{"not_picked":["Demon Form","Shrug It Off","Shockwave"],"picked":"SKIP","floor":25},{"not_picked":["Carnage","Wild Strike"],"picked":"Body Slam","floor":30},{"not_picked":["Brutality","Reaper"],"picked":"Immolate","floor":33},{"not_picked":["Heavy Blade+1","True Grit","Headbutt"],"picked":"SKIP","floor":35},{"not_picked":["Twin Strike","Fire Breathing"],"picked":"Flame Barrier+1","floor":37},{"not_picked":["Heavy Blade+1","Shockwave","Twin Strike+1"],"picked":"SKIP","floor":41},{"not_picked":["Intimidate","Corruption+1","Berserk"],"picked":"SKIP","floor":44},{"not_picked":["Thunderclap","Heavy Blade","Cleave"],"picked":"SKIP","floor":46},{"not_picked":["Seeing Red+1","Clash","Body Slam"],"picked":"SKIP","floor":48},{"not_picked":["Iron Wave","Whirlwind","Havoc"],"picked":"SKIP","floor":55}],"player_experience":2304274,"relics_obtained":[{"floor":7,"key":"Orichalcum"},{"floor":9,"key":"Happy Flower"},{"floor":10,"key":"Boot"},{"floor":23,"key":"Potion Belt"},{"floor":26,"key":"Dodecahedron"},{"floor":37,"key":"Incense Burner"},{"floor":44,"key":"Blood Vial"},{"floor":55,"key":"Blue Candle"}],"event_choices":[{"cards_removed":["Strike_R"],"damage_healed":0,"gold_gain":0,"player_choice":"Card Removal","damage_taken":0,"max_hp_gain":0,"max_hp_loss":0,"event_name":"The Cleric","floor":2,"gold_loss":75},{"cards_removed":["Strike_R"],"damage_healed":0,"gold_gain":0,"player_choice":"Card Removal","damage_taken":7,"max_hp_gain":0,"max_hp_loss":0,"event_name":"Golden Wing","floor":4,"gold_loss":0},{"damage_healed":0,"gold_gain":50,"player_choice":"Pray","damage_taken":0,"max_hp_gain":0,"max_hp_loss":0,"event_name":"Golden Shrine","floor":13,"gold_loss":0},{"damage_healed":0,"gold_gain":0,"cards_transformed":["Strike_R"],"player_choice":"Transformed","damage_taken":0,"max_hp_gain":0,"max_hp_loss":0,"event_name":"Transmorgrifier","floor":22,"gold_loss":0,"cards_obtained":["Corruption"]},{"cards_removed":["Strike_R"],"damage_healed":0,"gold_gain":0,"player_choice":"Gave Gold","damage_taken":0,"max_hp_gain":0,"max_hp_loss":0,"event_name":"Beggar","floor":27,"gold_loss":75},{"damage_healed":0,"gold_gain":0,"player_choice":"Paid Fearfully","damage_taken":0,"max_hp_gain":0,"max_hp_loss":0,"event_name":"Masked Bandits","floor":29,"gold_loss":8},{"damage_healed":0,"gold_gain":270,"player_choice":"GOLD GOLD GOLD POTION ","damage_taken":35,"max_hp_gain":0,"max_hp_loss":0,"event_name":"Knowing Skull","floor":31,"potions_obtained":["Swift Potion"],"gold_loss":0,"cards_obtained":[]},{"damage_healed":0,"gold_gain":0,"player_choice":"Fight","damage_taken":0,"max_hp_gain":0,"max_hp_loss":0,"event_name":"MindBloom","floor":37,"gold_loss":0},{"cards_removed":["Immolate"],"damage_healed":0,"gold_gain":0,"player_choice":"Removed Attack","damage_taken":0,"max_hp_gain":0,"max_hp_loss":0,"event_name":"Falling","floor":39,"gold_loss":0},{"damage_healed":0,"gold_gain":0,"player_choice":"Ignored","damage_taken":0,"max_hp_gain":0,"max_hp_loss":0,"event_name":"Tomb of Lord Red Mask","floor":45,"gold_loss":0}],"is_beta":false,"boss_relics":[{"not_picked":["Philosopher\u0027s Stone","Empty Cage"],"picked":"Velvet Choker"},{"not_picked":["Sozu","Runic Dome"],"picked":"Cursed Key"}],"items_purged_floors":[19,36,54],"is_endless":false,"potions_floor_spawned":[10,14,16,18,23,30,37,41,44],"ascension_level":20}