{"gold_per_floor":[110,110,134,152,152,152,188,188,213,213,237,261,15,40,40,171,171],"floor_reached":17,"playtime":882,"items_purged":["Defend_R"],"score":157,"play_id":"80f9dad0-df86-4e25-92e5-e53ad1fd9c3c","local_time":"20180814135740","is_ascension_mode":false,"campfire_choices":[{"data":"Strike_R","floor":6,"key":"SMITH"},{"floor":15,"key":"REST"}],"neow_cost":"NONE","seed_source_timestamp":1967815722654570,"circlet_count":0,"master_deck":["Bash","Feed","Evolve","Headbutt","Perfected Strike","True Grit","Rage","Whirlwind","Flame Barrier","Entrench"],"relics":["Burning Blood","Golden Idol","Blood Vial","Strawberry","Whetstone","Art of War","Pandora\u0027s Box"],"potions_floor_usage":[3,4,7,8,16,16,16],"damage_taken":[{"damage":6,"enemies":"Cultist","floor":1,"turns":3},{"damage":0,"enemies":"2 Louse","floor":3,"turns":3},{"damage":2,"enemies":"Jaw Worm","floor":4,"turns":4},{"damage":42,"enemies":"3 Sentries","floor":7,"turns":11},{"damage":0,"enemies":"Exordium Thugs","floor":8,"turns":1},{"damage":1,"enemies":"3 Louse","floor":11,"turns":6},{"damage":5,"enemies":"Looter","floor":12,"turns":3},{"damage":78,"enemies":"The Guardian","floor":16,"turns":13}],"seed_played":"-3699166776068689210","potions_obtained":[{"floor":0,"key":"LiquidBronze"},{"floor":0,"key":"SneckoOil"},{"floor":0,"key":"SmokeBomb"},{"floor":3,"key":"Block Potion"},{"floor":4,"key":"Ancient Potion"}],"is_trial":false,"path_per_floor":["M","?","M","M","?","R","E","M","T","?","M","M","$","T","R","B"],"character_chosen":"IRONCLAD","items_purchased":["SkillPotion","SteroidPotion","EssenceOfSteel"],"campfire_rested":1,"item_purchase_floors":[13,13,13],"current_hp_per_floor":[80,60,66,70,70,70,43,51,51,51,58,61,61,61,87,15,87],"gold":171,"neow_bonus":"THREE_SMALL_POTIONS","is_prod":false,"is_daily":false,"chose_seed":false,"campfire_upgraded":1,"win_rate":0,"timestamp":1534244260,"path_taken":["M","?","?","M","?","R","E","M","T","?","M","?","$","?","R","BOSS"],"build_version":"2018-08-09","purchased_purges":1,"victory":false,"max_hp_per_floor":[80,80,80,80,80,80,87,87,87,87,87,87,87,87,87,87,87],"card_choices":[{"not_picked":["Flex","Perfected Strike","Blood for Blood"],"picked":"SKIP","floor":1},{"not_picked":["Twin Strike","Ghostly Armor","Cleave"],"picked":"SKIP","floor":3},{"not_picked":["Disarm","Warcry","Armaments"],"picked":"SKIP","floor":4},{"not_picked":["Warcry","Pummel","Disarm"],"picked":"SKIP","floor":7},{"not_picked":["Twin Strike","Wild Strike","Perfected Strike"],"picked":"SKIP","floor":11},{"not_picked":["Clothesline","Iron Wave","Impervious"],"picked":"SKIP","floor":12},{"not_picked":["Berserk","Demon Form"],"picked":"Feed","floor":16}],"player_experience":640319,"relics_obtained":[{"floor":7,"key":"Strawberry"},{"floor":9,"key":"Whetstone"},{"floor":14,"key":"Art of War"}],"event_choices":[{"event_name":"Golden Idol","player_choice":"Take Damage","floor":2,"damage_taken":0},{"event_name":"WeMeetAgain","player_choice":"Potion","floor":5,"damage_taken":0},{"event_name":"Shining Light","player_choice":"Ignored","floor":10,"damage_taken":0}],"is_beta":false,"boss_relics":[{"not_picked":["Coffee Dripper","Snecko Eye"],"picked":"Pandora\u0027s Box"}],"items_purged_floors":[13],"is_endless":false,"potions_floor_spawned":[3,4,8],"ascension_level":0}