{"gold_per_floor":[367,367,367,367,9,9,25,25,77,105,34,34],"floor_reached":12,"playtime":270,"items_purged":[],"score":132,"play_id":"40b46f4e-b7f9-458c-9a6f-05e16bcf0680","local_time":"20190208113621","is_ascension_mode":true,"campfire_choices":[{"data":"Sunder","floor":6,"key":"SMITH"}],"neow_cost":"TEN_PERCENT_HP_LOSS","seed_source_timestamp":235686918727400,"circlet_count":0,"master_deck":["AscendersBane","Strike_B+1","Strike_B","Strike_B","Strike_B","Defend_B","Defend_B+1","Defend_B","Zap","Dualcast","Gash","Double Energy","Sunder+1","White Noise","Consume"],"relics":["Cracked Core","Happy Flower","Kunai","OrangePellets","MawBank"],"potions_floor_usage":[7],"damage_taken":[{"damage":1,"enemies":"Cultist","floor":1,"turns":3},{"damage":0,"enemies":"Jaw Worm","floor":7,"turns":1},{"damage":2,"enemies":"Small Slimes","floor":10,"turns":3},{"damage":25,"enemies":"3 Sentries","floor":12,"turns":5}],"seed_played":"-6098543449865214965","potions_obtained":[{"floor":1,"key":"EssenceOfSteel"},{"floor":7,"key":"EssenceOfSteel"}],"is_trial":false,"path_per_floor":["M","?","T","?","$","R","M","?","T","M","$","E"],"character_chosen":"DEFECT","items_purchased":["OrangePellets","Sunder","FearPotion","Consume"],"campfire_rested":0,"item_purchase_floors":[5,5,5,11],"current_hp_per_floor":[63,45,45,45,45,45,45,26,26,24,24,0],"gold":34,"neow_bonus":"TWO_FIFTY_GOLD","is_prod":false,"is_daily":false,"chose_seed":false,"campfire_upgraded":1,"win_rate":0,"timestamp":1549593381,"path_taken":["M","?","?","?","$","R","?","?","T","M","?","E"],"build_version":"2019-01-23","purchased_purges":0,"victory":false,"max_hp_per_floor":[64,64,64,64,64,64,64,64,64,64,64,64],"card_choices":[{"not_picked":["Force Field","Turbo"],"picked":"Gash","floor":1},{"not_picked":["Capacitor","Redo"],"picked":"White Noise","floor":7},{"not_picked":["Recycle","Tempest","Double Energy"],"picked":"SKIP","floor":10}],"player_experience":1453290,"relics_obtained":[{"floor":3,"key":"Kunai"},{"floor":9,"key":"MawBank"}],"event_choices":[{"damage_healed":0,"gold_gain":0,"player_choice":"Success","damage_taken":18,"relics_obtained":["Happy Flower"],"max_hp_gain":0,"max_hp_loss":0,"event_name":"Scrap Ooze","floor":2,"gold_loss":0},{"damage_healed":0,"gold_gain":0,"cards_transformed":["Defend_B"],"player_choice":"Transformed","damage_taken":0,"max_hp_gain":0,"max_hp_loss":0,"event_name":"Transmorgrifier","floor":4,"gold_loss":0,"cards_obtained":["Double Energy"]},{"damage_healed":0,"gold_gain":0,"player_choice":"Entered Light","damage_taken":19,"max_hp_gain":0,"max_hp_loss":0,"event_name":"Shining Light","floor":8,"gold_loss":0,"cards_upgraded":["Defend_B","Strike_B"]}],"is_beta":false,"boss_relics":[],"items_purged_floors":[],"is_endless":false,"potions_floor_spawned":[1,7,10],"killed_by":"3 Sentries","ascension_level":20}