{"gold_per_floor":[209,209,37,47,67,67,95,95,150,6,6,41,65,77,89,174,186,209,234,11,11,61,88,88,122,122,37,37,12,12,40,40,40],"floor_reached":33,"playtime":1130,"items_purged":[],"score":714,"play_id":"5203fad8-1626-42dd-b7ed-3a0f867b19a3","local_time":"20190220163812","is_ascension_mode":true,"campfire_choices":[{"data":"Sunder","floor":6,"key":"SMITH"},{"data":"Consume","floor":8,"key":"SMITH"},{"floor":11,"key":"REST"},{"floor":15,"key":"REST"},{"floor":24,"key":"REST"},{"floor":30,"key":"REST"},{"floor":32,"key":"REST"}],"neow_cost":"NONE","seed_source_timestamp":16555407015699,"circlet_count":0,"master_deck":["AscendersBane","Strike_B","Strike_B","Strike_B","Strike_B","Defend_B","Defend_B","Zap","Dualcast","Consume+1","Force Field","Sunder+1","Defragment","Conserve Battery","Coolheaded","Electrodynamics+1","Conserve Battery+1","Self Repair+1","Seek","Shame","Self Repair+1","Parasite","Cold Snap","Capacitor+1"],"relics":["Cracked Core","DataDisk","Strawberry","Tiny Chest","MawBank","Frozen Egg 2","Cursed Key","Incense Burner","Peace Pipe","Gremlin Horn","Singing Bowl","Art of War"],"potions_floor_usage":[23,25,25,33],"damage_taken":[{"damage":2,"enemies":"2 Louse","floor":1,"turns":4},{"damage":0,"enemies":"Cultist","floor":4,"turns":3},{"damage":3,"enemies":"Small Slimes","floor":5,"turns":4},{"damage":32,"enemies":"Gremlin Nob","floor":7,"turns":4},{"damage":30,"enemies":"3 Sentries","floor":12,"turns":6},{"damage":6,"enemies":"Looter","floor":13,"turns":3},{"damage":0,"enemies":"The Guardian","floor":16,"turns":17},{"damage":19,"enemies":"Shell Parasite","floor":18,"turns":8},{"damage":1,"enemies":"Spheric Guardian","floor":19,"turns":3},{"damage":39,"enemies":"Gremlin Leader","floor":23,"turns":4},{"damage":27,"enemies":"Book of Stabbing","floor":25,"turns":7},{"damage":44,"enemies":"Gremlin Leader","floor":31,"turns":6},{"damage":50,"enemies":"Collector","floor":33,"turns":7}],"seed_played":"3073133795117566618","potions_obtained":[{"floor":12,"key":"FearPotion"},{"floor":19,"key":"LiquidBronze"},{"floor":23,"key":"SkillPotion"},{"floor":31,"key":"FearPotion"}],"is_trial":false,"path_per_floor":["M","?","$","M","M","R","E","R","T","$","R","E","M","?","R","B",null,"M","M","$","?","?","E","R","E","T","$","T","$","R","E","R","B"],"character_chosen":"DEFECT","items_purchased":["DataDisk","Defragment","PowerPotion","Self Repair+1","Seek","Self Repair+1","Cold Snap"],"campfire_rested":5,"item_purchase_floors":[3,10,10,20,20,27,29],"current_hp_per_floor":[62,62,62,62,59,59,34,34,34,34,57,27,21,21,44,44,70,51,50,50,50,50,21,44,27,27,27,27,27,50,26,49,0],"gold":40,"neow_bonus":"HUNDRED_GOLD","is_prod":false,"is_daily":false,"chose_seed":false,"campfire_upgraded":2,"win_rate":0,"timestamp":1550648292,"path_taken":["M","?","$","M","M","R","E","R","T","?","R","E","M","?","R","BOSS","M","M","?","?","?","E","R","E","T","$","?","?","R","E","R","BOSS"],"build_version":"2019-01-23","purchased_purges":0,"victory":false,"max_hp_per_floor":[71,71,71,71,71,71,78,78,78,78,78,78,78,78,78,78,78,78,78,78,78,78,78,78,78,78,78,78,78,78,78,78,78],"card_choices":[{"not_picked":["Sweeping Beam","Rebound"],"picked":"Consume","floor":1},{"not_picked":["Turbo","Static Discharge"],"picked":"Hologram","floor":4},{"not_picked":["Stack","Force Field"],"picked":"Sunder","floor":5},{"not_picked":["Barrage","Beam Cell","Chaos"],"picked":"SKIP","floor":7},{"not_picked":["Amplify","Consume"],"picked":"Conserve Battery","floor":12},{"not_picked":["Auto Shields","Force Field"],"picked":"Coolheaded","floor":13},{"not_picked":["Hyperbeam","Biased Cognition+1"],"picked":"Electrodynamics+1","floor":16},{"not_picked":["Aggregate+1","Recycle"],"picked":"Conserve Battery+1","floor":18},{"not_picked":["Sweeping Beam","Lockon","Compile Driver"],"picked":"SKIP","floor":19},{"not_picked":["Skim","Barrage","Steam Power"],"picked":"SKIP","floor":23},{"not_picked":["Skim","Barrage","Steam Power"],"picked":"SKIP","floor":23},{"not_picked":["Rebound+1","Go for the Eyes","All For One"],"picked":"SKIP","floor":25},{"not_picked":["Sunder","Streamline"],"picked":"Capacitor+1","floor":31}],"player_experience":1674118,"relics_obtained":[{"floor":7,"key":"Strawberry"},{"floor":9,"key":"Tiny Chest"},{"floor":12,"key":"MawBank"},{"floor":23,"key":"Incense Burner"},{"floor":25,"key":"Peace Pipe"},{"floor":26,"key":"Gremlin Horn"},{"floor":28,"key":"Singing Bowl"},{"floor":31,"key":"Art of War"}],"event_choices":[{"damage_healed":0,"gold_gain":0,"cards_transformed":["Defend_B"],"player_choice":"Transformed","damage_taken":0,"max_hp_gain":0,"max_hp_loss":0,"event_name":"Transmorgrifier","floor":2,"gold_loss":0,"cards_obtained":["Force Field"]},{"cards_removed":["Hologram"],"damage_healed":0,"gold_gain":0,"player_choice":"Gave Card","damage_taken":0,"relics_obtained":["Frozen Egg 2"],"max_hp_gain":0,"max_hp_loss":0,"event_name":"WeMeetAgain","floor":14,"gold_loss":0},{"cards_removed":["Defend_B"],"damage_healed":0,"gold_gain":0,"player_choice":"Elegance","damage_taken":0,"max_hp_gain":0,"max_hp_loss":0,"event_name":"Back to Basics","floor":21,"gold_loss":0},{"damage_healed":0,"gold_gain":50,"player_choice":"Stole From Cult","damage_taken":0,"max_hp_gain":0,"max_hp_loss":0,"event_name":"Nest","floor":22,"gold_loss":0}],"is_beta":false,"boss_relics":[{"not_picked":["Eternal Feather","Philosopher\u0027s Stone"],"picked":"Cursed Key"}],"items_purged_floors":[],"is_endless":false,"potions_floor_spawned":[12,16,19,23,31],"killed_by":"Collector","ascension_level":20}