{"gold_per_floor":[115,115,130,12,31,31,65,65,65,83,48,64,64,79,79,175,175,194,194,208,123,123,123,123],"floor_reached":24,"playtime":1019,"items_purged":["Strike_B"],"score":235,"play_id":"26475172-7235-4b18-a0ea-7ac50a94004b","local_time":"20180915192706","is_ascension_mode":true,"campfire_choices":[{"data":"Fission","floor":6,"key":"SMITH"},{"floor":8,"key":"REST"},{"data":"Fission","floor":13,"key":"SMITH"},{"data":"Zap","floor":15,"key":"SMITH"},{"floor":23,"key":"REST"}],"neow_cost":"NONE","seed_source_timestamp":199515379655295,"circlet_count":0,"master_deck":["Strike_B","Strike_B","Defend_B","Defend_B","Zap+1","Dualcast","Fission+1","Conserve Battery","Core Surge","Conserve Battery","Compile Driver","Conserve Battery","Fission+1","Ball Lightning","Core Surge","Fusion+1","Consume+1","Barrage+1","RitualDagger","Barrage+1"],"relics":["Cracked Core","The Courier","DataDisk","Oddly Smooth Stone","Astrolabe","Molten Egg 2"],"potions_floor_usage":[7,16,24],"damage_taken":[{"damage":9,"enemies":"2 Louse","floor":1,"turns":2},{"damage":4,"enemies":"Jaw Worm","floor":3,"turns":3},{"damage":0,"enemies":"Cultist","floor":5,"turns":3},{"damage":37,"enemies":"3 Sentries","floor":7,"turns":10},{"damage":0,"enemies":"Looter","floor":10,"turns":2},{"damage":0,"enemies":"2 Fungi Beasts","floor":12,"turns":3},{"damage":0,"enemies":"Large Slime","floor":14,"turns":7},{"damage":25,"enemies":"The Guardian","floor":16,"turns":12},{"damage":0,"enemies":"Chosen","floor":18,"turns":4},{"damage":17,"enemies":"3 Byrds","floor":20,"turns":4},{"damage":69,"enemies":"Book of Stabbing","floor":24,"turns":5}],"seed_played":"5655811160467328743","potions_obtained":[{"floor":5,"key":"SkillPotion"},{"floor":7,"key":"Ancient Potion"},{"floor":10,"key":"EssenceOfSteel"},{"floor":18,"key":"Poison Potion"},{"floor":20,"key":"SteroidPotion"}],"is_trial":false,"path_per_floor":["M","?","M","$","M","R","E","R","T","M","?","M","R","M","R","B",null,"M","?","M","?","?","R"],"character_chosen":"DEFECT","items_purchased":["Core Surge"],"campfire_rested":2,"item_purchase_floors":[4],"current_hp_per_floor":[66,54,50,50,50,50,13,35,35,35,53,53,53,53,53,28,75,75,69,52,52,38,62,0],"gold":123,"neow_bonus":"ONE_RANDOM_RARE_CARD","is_prod":false,"is_daily":false,"chose_seed":false,"campfire_upgraded":3,"win_rate":0,"timestamp":1537054026,"path_taken":["M","?","M","?","M","R","E","R","T","M","?","M","R","M","R","BOSS","M","?","M","?","?","R","E"],"build_version":"2018-09-06","purchased_purges":1,"victory":false,"max_hp_per_floor":[75,75,75,75,75,75,75,75,75,75,75,75,75,75,75,75,75,75,75,75,75,80,80,80],"card_choices":[{"not_picked":["Steam","Rip and Tear","Turbo"],"picked":"SKIP","floor":1},{"not_picked":["Self Repair","Lockon"],"picked":"Conserve Battery","floor":3},{"not_picked":["Hologram","Chaos"],"picked":"Conserve Battery","floor":5},{"not_picked":["Heatsinks","Aggregate"],"picked":"Compile Driver","floor":7},{"not_picked":["Gash","Consume"],"picked":"Conserve Battery","floor":10},{"not_picked":["Barrage","Self Repair"],"picked":"Fission","floor":12},{"not_picked":["Conserve Battery","Compile Driver"],"picked":"Ball Lightning","floor":14},{"not_picked":["Meteor Strike","Fission"],"picked":"Core Surge","floor":16},{"not_picked":["Fusion","Barrage","Steam"],"picked":"SKIP","floor":18},{"not_picked":["Turbo+1","Sweeping Beam"],"picked":"Barrage+1","floor":20}],"player_experience":113986,"relics_obtained":[{"floor":7,"key":"DataDisk"},{"floor":9,"key":"Oddly Smooth Stone"}],"event_choices":[{"event_name":"Scrap Ooze","player_choice":"success","floor":2,"damage_taken":12},{"event_name":"The Cleric","player_choice":"Healed","floor":11,"damage_taken":0},{"event_name":"Nest","player_choice":"Joined the Cult","floor":19,"damage_taken":0},{"event_name":"Addict","player_choice":"Obtained Relic","floor":21,"damage_taken":0},{"event_name":"Forgotten Altar","player_choice":"Shed Blood","floor":22,"damage_taken":0}],"is_beta":false,"boss_relics":[{"not_picked":["Fusion Hammer","Ectoplasm"],"picked":"Astrolabe"}],"items_purged_floors":[4],"is_endless":false,"potions_floor_spawned":[5,7,10,18,20],"killed_by":"Book of Stabbing","ascension_level":4}