{"path_per_floor":["M","$","M","?","M","R","?","M","T","R","$","E","R","M","R","B",null,"M","?","M","$","M","E","R","E","T","R","M","E","M","E","R","B",null,"M","M","$","M","M"],"character_chosen":"DEFECT","items_purchased":["Blizzard","Happy Flower","Loop","Hologram+1","Coolheaded+1","Whetstone"],"gold_per_floor":[110,41,55,55,65,65,121,131,182,182,28,57,57,69,69,174,174,184,184,202,50,61,87,87,120,166,166,177,177,195,259,259,362,362,379,393,111,127,145,145],"floor_reached":40,"campfire_rested":1,"playtime":4007,"item_purchase_floors":[],"current_hp_per_floor":[67,67,62,67,65,69,64,47,47,51,51,51,55,35,41,41,70,70,70,76,76,72,25,31,14,14,44,44,44,39,31,39,17,64,64,63,63,79,80,0],"items_purged":["Defend_B","Strike_B"],"gold":145,"score":767,"play_id":"4b1d74c3-942e-4598-aed6-b7fc7764f60e","local_time":"20180525203905","is_prod":false,"is_daily":false,"chose_seed":false,"is_ascension_mode":true,"campfire_upgraded":6,"win_rate":0,"timestamp":1527251945,"campfire_choices":[{"data":"Zap","floor":6.0,"key":"SMITH"},{"data":"Blizzard","floor":10.0,"key":"SMITH"},{"data":"Defragment","floor":13.0,"key":"SMITH"},{"data":"Coolheaded","floor":15.0,"key":"SMITH"},{"data":"Loop","floor":24.0,"key":"SMITH"},{"floor":27.0,"key":"REST"},{"data":"Dualcast","floor":32.0,"key":"SMITH"}],"path_taken":["M","?","M","?","?","R","?","M","T","R","?","E","R","M","R","BOSS","M","?","M","$","?","E","R","E","T","R","M","E","M","E","R","BOSS","M","M","$","M","M","E"],"build_version":"2018-05-24","seed_source_timestamp":0,"purchased_purges":2,"victory":false,"master_deck":["Strike_B+1","Strike_B+1","Strike_B","Defend_B","Defend_B+1","Defend_B","Zap+1","Dualcast+1","Glacier","Blizzard+1","Defragment+1","Leap","Coolheaded+1","Reboot+1","BootSequence","Loop+1","Leap+1","Reprogram+1","Defragment+1","Fusion+1","Echo Form","Self Repair+1","Blizzard","Hologram+1","Coolheaded+1","Auto Shields+1"],"max_hp_per_floor":[75,75,75,80,80,80,80,80,80,80,80,80,80,80,80,80,80,80,80,80,80,80,80,80,80,80,80,80,80,80,80,80,80,80,80,80,80,80,80,80],"relics":["Eternal Feather","Boot","Oddly Smooth Stone","Happy Flower","Dead Branch","Black Star","Unceasing Top","Du-Vu Doll","Toxic Egg 2","The Courier","Pen Nib","Tiny Chest","War Paint","Runic Dome","Whetstone"],"card_choices":[{"not_picked":["Force Field","Capacitor"],"picked":"Glacier","floor":1.0},{"not_picked":["Steam","Leap","Cold Snap"],"picked":"SKIP","floor":3.0},{"not_picked":["Skim","Stack","Steam"],"picked":"SKIP","floor":5.0},{"not_picked":["Axe Kick","Skim"],"picked":"Defragment","floor":7.0},{"not_picked":["Scrape","Biased Cognition"],"picked":"Leap","floor":8.0},{"not_picked":["Go for the Eyes","Skim","Ball Lightning"],"picked":"SKIP","floor":12.0},{"not_picked":["Aggregate","Steam"],"picked":"Coolheaded","floor":14.0},{"not_picked":["Hyperbeam","All For One"],"picked":"Reboot","floor":16.0},{"not_picked":["Redo","Sweeping Beam"],"picked":"BootSequence","floor":18.0},{"not_picked":["Double Energy","Sweeping Beam+1","Rebound"],"picked":"SKIP","floor":20.0},{"not_picked":["Stack","Heatsinks+1"],"picked":"Leap+1","floor":22.0},{"not_picked":["Genetic Algorithm","Tempest","Rip and Tear"],"picked":"SKIP","floor":23.0},{"not_picked":["Lockon+1","Compile Driver","Melter"],"picked":"SKIP","floor":25.0},{"not_picked":["Scrape","Go for the Eyes"],"picked":"Reprogram+1","floor":28.0},{"not_picked":["Capacitor","Beam Cell"],"picked":"Defragment+1","floor":30.0},{"not_picked":["Go for the Eyes","Streamline"],"picked":"Fusion+1","floor":31.0},{"not_picked":["Seek+1","Amplify+1"],"picked":"Echo Form","floor":33.0},{"not_picked":["Force Field+1","Conserve Battery+1"],"picked":"Self Repair+1","floor":35},{"not_picked":["Coolheaded+1","Streamline+1"],"picked":"Blizzard","floor":36},{"not_picked":["Redo+1","Go for the Eyes"],"picked":"Auto Shields+1","floor":38},{"not_picked":["Cold Snap","Sweeping Beam","Steam+1"],"picked":"SKIP","floor":39}],"player_experience":399669,"potions_floor_usage":[],"damage_taken":[{"damage":1.0,"enemies":"Cultist","floor":1.0,"turns":4.0},{"damage":5.0,"enemies":"Small Slimes","floor":3.0,"turns":4.0},{"damage":2.0,"enemies":"Jaw Worm","floor":5.0,"turns":5.0},{"damage":5.0,"enemies":"3 Sentries","floor":7.0,"turns":11.0},{"damage":17.0,"enemies":"Exordium Thugs","floor":8.0,"turns":5.0},{"damage":0.0,"enemies":"3 Sentries","floor":12.0,"turns":10.0},{"damage":20.0,"enemies":"Gremlin Gang","floor":14.0,"turns":5.0},{"damage":0.0,"enemies":"The Guardian","floor":16.0,"turns":13.0},{"damage":0.0,"enemies":"3 Byrds","floor":18.0,"turns":5.0},{"damage":1.0,"enemies":"Shell Parasite","floor":20.0,"turns":8.0},{"damage":4.0,"enemies":"Snake Plant","floor":22.0,"turns":6.0},{"damage":47.0,"enemies":"Slavers","floor":23.0,"turns":10.0},{"damage":17.0,"enemies":"Book of Stabbing","floor":25.0,"turns":8.0},{"damage":0.0,"enemies":"Chosen and Byrds","floor":28.0,"turns":8.0},{"damage":0.0,"enemies":"Gremlin Leader","floor":29.0,"turns":3.0},{"damage":5.0,"enemies":"Centurion and Healer","floor":30.0,"turns":12.0},{"damage":8.0,"enemies":"Book of Stabbing","floor":31.0,"turns":8.0},{"damage":29.0,"enemies":"Collector","floor":33.0,"turns":15.0},{"damage":0,"enemies":"3 Shapes","floor":35,"turns":5},{"damage":21,"enemies":"Flame Bruiser 1 Orb","floor":36,"turns":8},{"damage":4,"enemies":"Spire Growth","floor":38,"turns":7},{"damage":3,"enemies":"Maw","floor":39,"turns":8},{"damage":91,"enemies":"Giant Head","floor":40,"turns":9}],"relics_obtained":[{"floor":7.0,"key":"Boot"},{"floor":9.0,"key":"Oddly Smooth Stone"},{"floor":12.0,"key":"Dead Branch"},{"floor":23.0,"key":"Unceasing Top"},{"floor":23.0,"key":"Du-Vu Doll"},{"floor":25.0,"key":"Toxic Egg 2"},{"floor":25.0,"key":"The Courier"},{"floor":26.0,"key":"Pen Nib"},{"floor":31.0,"key":"Tiny Chest"},{"floor":31.0,"key":"War Paint"}],"event_choices":[{"event_name":"Big Fish","player_choice":"Donut","floor":4.0,"damage_taken":0.0},{"event_name":"Dead Adventurer","player_choice":"Searched \u00272\u0027 times","floor":7.0,"damage_taken":0.0},{"event_name":"Drug Dealer","player_choice":"Ignored","floor":19.0,"damage_taken":0.0}],"boss_relics":[{"not_picked":["Velvet Choker","Inserter"],"picked":"Runic Dome"}],"items_purged_floors":[],"potions_floor_spawned":[1,7,14,16,22,23,25,30,31,38,39],"seed_played":"-3895347386146739020","killed_by":"Giant Head","ascension_level":7,"potions_obtained":[{"floor":1.0,"key":"SkillPotion"},{"floor":7.0,"key":"EssenceOfSteel"},{"floor":14.0,"key":"Energy Potion"},{"floor":16.0,"key":"SteroidPotion"},{"floor":22.0,"key":"Energy Potion"},{"floor":23.0,"key":"Ancient Potion"},{"floor":25.0,"key":"SmokeBomb"},{"floor":30.0,"key":"Swift Potion"},{"floor":31.0,"key":"SkillPotion"},{"floor":38,"key":"Ancient Potion"},{"floor":39,"key":"FearPotion"}],"is_trial":false}