{"gold_per_floor":[117,137,101,115,125,159,159,171,171,171,171,171,42,70,70,172,172,188,203,221,221,66,66,91,91,91,119,143,169,207,236,248,357,369,396,408,439,451,64,64,94,94,94,104,104,123,52,0,0,0],"floor_reached":51,"playtime":4731,"items_purged":[],"score":1190,"play_id":"678df87a-ab88-4d42-84cb-8de1119136c8","local_time":"20180724205017","is_ascension_mode":true,"campfire_choices":[{"floor":7.0,"key":"REST"},{"floor":11.0,"key":"DIG"},{"data":"Zap","floor":15.0,"key":"SMITH"},{"data":"Storm","floor":23.0,"key":"SMITH"},{"floor":25.0,"key":"DIG"},{"floor":32.0,"key":"REST"},{"floor":40.0,"key":"REST"},{"floor":42.0,"key":"DIG"},{"floor":45.0,"key":"DIG"},{"data":"Storm","floor":49,"key":"SMITH"}],"neow_cost":"CURSE","seed_source_timestamp":174126789479138,"circlet_count":0,"master_deck":["Strike_B","Strike_B","Strike_B","Defend_B","Defend_B","Defend_B","Defend_B","Zap+1","Dualcast","Beam Cell","Cold Snap","Self Repair","Defragment","Rebound","Storm+1","Gash","Electrodynamics","Creative AI","Gash","Steam","Rebound","Undo","FTL","Hello World","Force Field+1","Go for the Eyes+1","Gash+1","Gash+1","Force Field","Buffer","Recycle+1","Ball Lightning","Self Repair+1","Madness","Madness","Capacitor","Blind","Beam Cell","Redo","Rebound+1","Storm+1","Storm+1"],"special_seed":0,"relics":["Cracked Core","Du-Vu Doll","Emotion Chip","Shovel","Mummified Hand","Unceasing Top","Bottled Lightning","Cursed Key","Kunai","Mango","MawBank","Torii","Empty Cage","Turnip","Toolbox","Omamori","Bag of Preparation","Oddly Smooth Stone","Bottled Flame","Red Mask"],"potions_floor_usage":[],"damage_taken":[{"damage":6.0,"enemies":"Jaw Worm","floor":1.0,"turns":4.0},{"damage":1.0,"enemies":"2 Louse","floor":2.0,"turns":2.0},{"damage":0.0,"enemies":"Small Slimes","floor":4.0,"turns":2.0},{"damage":2.0,"enemies":"2 Fungi Beasts","floor":5.0,"turns":3.0},{"damage":15.0,"enemies":"3 Sentries","floor":6.0,"turns":6.0},{"damage":12.0,"enemies":"Exordium Wildlife","floor":8.0,"turns":5.0},{"damage":10.0,"enemies":"Lagavulin","floor":14.0,"turns":5.0},{"damage":18.0,"enemies":"The Guardian","floor":16.0,"turns":11.0},{"damage":0.0,"enemies":"Spheric Guardian","floor":18.0,"turns":2.0},{"damage":6.0,"enemies":"3 Byrds","floor":19.0,"turns":3.0},{"damage":3.0,"enemies":"Cultist and Chosen","floor":20.0,"turns":4.0},{"damage":15.0,"enemies":"Book of Stabbing","floor":24.0,"turns":5.0},{"damage":1.0,"enemies":"3 Cultists","floor":27.0,"turns":4.0},{"damage":18.0,"enemies":"Snecko","floor":28.0,"turns":5.0},{"damage":3.0,"enemies":"Sentry and Sphere","floor":29.0,"turns":4.0},{"damage":18.0,"enemies":"Gremlin Leader","floor":30.0,"turns":4.0},{"damage":26.0,"enemies":"Snake Plant","floor":31.0,"turns":3.0},{"damage":26.0,"enemies":"Collector","floor":33.0,"turns":7.0},{"damage":7.0,"enemies":"Orb Walker","floor":35.0,"turns":3.0},{"damage":17.0,"floor":36.0,"turns":6.0},{"damage":7.0,"enemies":"Flame Bruiser 1 Orb","floor":37.0,"turns":4.0},{"damage":7.0,"enemies":"Nemesis","floor":41.0,"turns":5.0},{"damage":17.0,"enemies":"Spire Growth","floor":44.0,"turns":4.0},{"damage":0,"enemies":"Transient","floor":46,"turns":5},{"damage":44,"enemies":"Donu and Deca","floor":50,"turns":5}],"seed_played":"-6345801982574870037","potions_obtained":[{"floor":2.0,"key":"LiquidBronze"},{"floor":14.0,"key":"SteroidPotion"},{"floor":29.0,"key":"Energy Potion"},{"floor":30.0,"key":"Ancient Potion"},{"floor":36.0,"key":"Weak Potion"},{"floor":37.0,"key":"EssenceOfSteel"},{"floor":44.0,"key":"SteroidPotion"}],"is_trial":false,"path_per_floor":["M","M","?","M","M","E","R","M","T","?","R","?","$","E","R","B",null,"M","M","M","?","$","R","E","R","T","M","M","M","E","M","R","B",null,"M","?","M","?","$","R","E","R","T","M","R","M","$","?","R","B"],"character_chosen":"DEFECT","items_purchased":["Storm","Gash","FTL","Hello World","Capacitor","Toolbox","Blind","Beam Cell","Storm"],"campfire_rested":3,"item_purchase_floors":[13,13,22,22,39,39,39,39,47],"current_hp_per_floor":[62,61,61,61,59,51,73,68,68,68,68,68,68,65,65,54,70,70,71,75,75,75,75,67,81,81,87,76,80,69,50,76,57,81,81,71,78,67,67,89,82,82,82,82,82,89,89,89,89,62],"gold":0,"neow_bonus":"ONE_RARE_RELIC","is_prod":false,"is_daily":false,"chose_seed":false,"campfire_upgraded":3,"win_rate":0,"timestamp":1532454617,"path_taken":["M","M","?","M","?","E","R","M","T","?","R","?","?","E","R","BOSS","M","M","M","?","$","R","E","R","T","M","M","M","E","M","R","BOSS","M","?","M","?","?","R","E","R","T","M","R","M","$","?","R","BOSS"],"build_version":"2018-07-19v2","purchased_purges":0,"victory":true,"max_hp_per_floor":[75,75,75,75,75,75,75,75,75,75,75,75,75,75,75,75,75,75,75,75,75,75,75,75,89,89,89,89,89,89,89,89,89,89,89,89,89,89,89,89,89,89,89,89,89,89,89,89,89,89],"card_choices":[{"not_picked":["Leap","Coolheaded"],"picked":"Beam Cell","floor":1.0},{"not_picked":["Compile Driver","Undo","Turbo"],"picked":"SKIP","floor":2.0},{"not_picked":["Skim","Turbo"],"picked":"Cold Snap","floor":4.0},{"not_picked":["Rebound","Auto Shields"],"picked":"Self Repair","floor":5.0},{"not_picked":["Static Discharge","Lockon"],"picked":"Defragment","floor":6.0},{"not_picked":["Hologram","Redo"],"picked":"Rebound","floor":8.0},{"not_picked":["Ball Lightning","Reprogram"],"picked":"Electrodynamics","floor":14.0},{"not_picked":["Seek","Buffer"],"picked":"Creative AI","floor":16.0},{"not_picked":["Steam","Ball Lightning"],"picked":"Gash","floor":18.0},{"not_picked":["Sweeping Beam","Turbo"],"picked":"Steam","floor":19.0},{"not_picked":["Sunder","Hologram"],"picked":"Rebound","floor":20.0},{"not_picked":["Turbo","Electrodynamics"],"picked":"Force Field+1","floor":24.0},{"not_picked":["Leap+1","Coolheaded","Reinforced Body"],"picked":"SKIP","floor":27.0},{"not_picked":["Barrage+1","Auto Shields"],"picked":"Go for the Eyes+1","floor":28.0},{"not_picked":["Sweeping Beam","Turbo+1"],"picked":"Gash+1","floor":29.0},{"not_picked":["Core Surge","Compile Driver"],"picked":"Gash+1","floor":30.0},{"not_picked":["Steam Power","Streamline"],"picked":"Force Field","floor":31.0},{"not_picked":["Meteor Strike","Multi-Cast"],"picked":"Buffer","floor":33.0},{"not_picked":["Rip and Tear+1","Fusion"],"picked":"Recycle+1","floor":35.0},{"not_picked":["Consume","Conserve Battery+1"],"picked":"Ball Lightning","floor":36.0},{"not_picked":["Auto Shields+1","Scrape"],"picked":"Self Repair+1","floor":37.0},{"not_picked":["Leap","Barrage"],"picked":"Redo","floor":41.0},{"not_picked":["Stack+1","Leap"],"picked":"Rebound+1","floor":44.0},{"not_picked":["Hologram+1","Cold Snap+1"],"picked":"Storm+1","floor":46}],"player_experience":600812,"relics_obtained":[{"floor":6.0,"key":"Emotion Chip"},{"floor":9.0,"key":"Shovel"},{"floor":11.0,"key":"Unceasing Top"},{"floor":14.0,"key":"Bottled Lightning"},{"floor":24.0,"key":"Kunai"},{"floor":25.0,"key":"Mango"},{"floor":26.0,"key":"MawBank"},{"floor":30.0,"key":"Torii"},{"floor":36.0,"key":"Turnip"},{"floor":41.0,"key":"Omamori"},{"floor":42.0,"key":"Bag of Preparation"},{"floor":43.0,"key":"Oddly Smooth Stone"},{"floor":45.0,"key":"Bottled Flame"}],"event_choices":[{"event_name":"World of Goop","player_choice":"Left","floor":3.0,"damage_taken":0.0},{"event_name":"Dead Adventurer","player_choice":"Searched \u00271\u0027 times","floor":10.0,"damage_taken":0.0},{"event_name":"Golden Wing","player_choice":"Ignored","floor":12.0,"damage_taken":0.0},{"event_name":"Transmorgrifier","player_choice":"Transform","floor":21.0,"damage_taken":0.0},{"event_name":"MindBloom","player_choice":"Fight","floor":36.0,"damage_taken":0.0},{"event_name":"Winding Halls","player_choice":"Embrace Madness","floor":38.0,"damage_taken":0.0},{"event_name":"Tomb of Lord Red Mask","player_choice":"Paid","floor":48,"damage_taken":0}],"is_beta":false,"boss_relics":[{"not_picked":["Velvet Choker","Runic Pyramid"],"picked":"Cursed Key"},{"not_picked":["White Beast Statue","Black Star"],"picked":"Empty Cage"}],"items_purged_floors":[],"is_endless":false,"potions_floor_spawned":[2,14,20,24,29,30,36,37,44],"ascension_level":6}