{"gold_per_floor":[116,127,13,33,45,76,95,95,119,43,43,63,88,112,124,136],"floor_reached":16,"playtime":866,"items_purged":["Strike_R"],"score":148,"play_id":"ae07b0f8-4ac1-4609-bb50-8d6079217033","local_time":"20190422211426","is_ascension_mode":true,"campfire_choices":[{"floor":8.0,"key":"REST"},{"data":"Body Slam","floor":11.0,"key":"SMITH"},{"floor":15.0,"key":"REST"}],"neow_cost":"NONE","seed_source_timestamp":24991388630700,"circlet_count":0,"master_deck":["Strike_R","Strike_R","Strike_R","Strike_R","Defend_R","Defend_R","Defend_R","Defend_R","Bash","Whirlwind","Spot Weakness","Spot Weakness","Body Slam+1","Flex","Entrench","Battle Trance","Second Wind","Carnage","Exhume","Corruption"],"special_seed":0,"relics":["Burning Blood","Potion Belt","Lantern","PreservedInsect","MawBank"],"potions_floor_usage":[16,16],"damage_taken":[{"damage":8.0,"enemies":"Small Slimes","floor":1.0,"turns":3.0},{"damage":6.0,"enemies":"Cultist","floor":2.0,"turns":3.0},{"damage":17.0,"enemies":"2 Louse","floor":4.0,"turns":3.0},{"damage":16.0,"enemies":"Blue Slaver","floor":5.0,"turns":4.0},{"damage":14.0,"enemies":"Gremlin Nob","floor":6.0,"turns":3.0},{"damage":28.0,"enemies":"Large Slime","floor":7.0,"turns":5.0},{"damage":12.0,"enemies":"2 Fungi Beasts","floor":12.0,"turns":3.0},{"damage":10.0,"enemies":"3 Sentries","floor":13.0,"turns":4.0},{"damage":8.0,"enemies":"Blue Slaver","floor":14.0,"turns":2.0},{"damage":57,"enemies":"Slime Boss","floor":16,"turns":5}],"seed_played":"3697004911776622196","potions_obtained":[{"floor":2.0,"key":"SteroidPotion"},{"floor":7.0,"key":"Ancient Potion"},{"floor":12.0,"key":"Energy Potion"},{"floor":14.0,"key":"Block Potion"}],"is_trial":false,"path_per_floor":["M","M","$","M","M","E","M","R","T","$","R","M","E","M","R","B"],"character_chosen":"IRONCLAD","items_purchased":["Spot Weakness","Second Wind"],"campfire_rested":2,"item_purchase_floors":[3,10],"current_hp_per_floor":[70,70,70,59,49,41,19,43,43,43,43,37,33,31,55,0],"gold":136,"neow_bonus":"RANDOM_COMMON_RELIC","is_prod":false,"is_daily":false,"chose_seed":false,"campfire_upgraded":1,"win_rate":0,"timestamp":1555935266,"path_taken":["M","M","$","M","M","E","M","R","T","$","R","M","E","M","R","BOSS"],"build_version":"2019-01-23","purchased_purges":1,"victory":false,"max_hp_per_floor":[80,80,80,80,80,80,80,80,80,80,80,80,80,80,80,80],"card_choices":[{"not_picked":["Cleave","Shrug It Off"],"picked":"Whirlwind","floor":1.0},{"not_picked":["Clothesline","Havoc"],"picked":"Spot Weakness","floor":2.0},{"not_picked":["Havoc","Flame Barrier"],"picked":"Body Slam","floor":4.0},{"not_picked":["Body Slam","Clash"],"picked":"Flex","floor":5.0},{"not_picked":["Body Slam","Twin Strike"],"picked":"Entrench","floor":6.0},{"not_picked":["Bloodletting","Uppercut"],"picked":"Battle Trance","floor":7.0},{"not_picked":["Metallicize","Shrug It Off"],"picked":"Carnage","floor":12.0},{"not_picked":["Pommel Strike","Body Slam"],"picked":"Exhume","floor":13.0},{"not_picked":["Armaments","Spot Weakness"],"picked":"Corruption","floor":14.0}],"player_experience":345144,"relics_obtained":[{"floor":6.0,"key":"Lantern"},{"floor":9.0,"key":"PreservedInsect"},{"floor":13.0,"key":"MawBank"}],"event_choices":[],"is_beta":false,"boss_relics":[],"items_purged_floors":[3],"is_endless":false,"potions_floor_spawned":[2,7,12,14],"killed_by":"Slime Boss","ascension_level":6}