{"gold_per_floor":[113,113,113,113,132,166,166,92,141,141,141,141,141,171,214,214,342,342,362,302,318,233,233,267,267,300,300,300,325,325,349,362,362,362,493,493,512,512,512,535,47,47,80,80,80,80,119,119,132,132,132,132,132],"floor_reached":54,"playtime":4519,"items_purged":["Steam Power+1"],"score":874,"play_id":"29249e2b-6e02-4554-bf28-dcd298bcdc46","local_time":"20190324213219","is_ascension_mode":true,"campfire_choices":[{"data":"Sunder","floor":11,"key":"SMITH"},{"data":"Reinforced Body","floor":13,"key":"SMITH"},{"data":"Reboot","floor":16,"key":"SMITH"},{"data":"Defragment","floor":25,"key":"SMITH"},{"data":"Scrape","floor":30,"key":"SMITH"},{"data":"Sunder","floor":34,"key":"SMITH"},{"data":"Enlightenment","floor":42,"key":"SMITH"},{"data":"Hologram","floor":44,"key":"SMITH"},{"data":"Secret Technique","floor":48,"key":"SMITH"},{"data":"Go for the Eyes","floor":50,"key":"SMITH"},{"data":"Leap","floor":52,"key":"SMITH"}],"neow_cost":"NONE","seed_source_timestamp":5179280887300,"circlet_count":0,"master_deck":["Rebound+1","Hologram+1","Reboot+1","Coolheaded+1","Conserve Battery+1","Conserve Battery+1","Recycle+1","Reinforced Body+1","Darkness+1","Rebound+1","Sunder+1","Reboot+1","Compile Driver+1","Scrape+1","Stack+1","Turbo+1","Ball Lightning+1","Auto Shields+1","Defragment+1","Auto Shields+1","Turbo+1","Gash+1","Steam+1","Heatsinks+1","Thunder Strike+1","Leap+1","Go for the Eyes+1","Sunder+1","Stack+1","Sadistic Nature","Conserve Battery+1","FTL+1","Enlightenment+1","Secret Technique+1","Hologram+1","Steam+1","Go for the Eyes+1","Hello World+1","Leap+1"],"relics":["Snecko Eye","Golden Idol","Prayer Wheel","Oddly Smooth Stone","Strawberry","Potion Belt","Orrery","Nloth\u0027s Gift","FossilizedHelix","Symbiotic Virus","PreservedInsect","Runic Pyramid","Mark of the Bloom","Art of War","Happy Flower"],"potions_floor_usage":[17,26,35,40,53,53,53,53,53],"damage_taken":[{"damage":1,"enemies":"Jaw Worm","floor":1,"turns":6},{"damage":0,"enemies":"2 Louse","floor":5,"turns":3},{"damage":0,"enemies":"Lagavulin","floor":6,"turns":4},{"damage":0,"enemies":"3 Sentries","floor":15,"turns":3},{"damage":26,"enemies":"Hexaghost","floor":17,"turns":6},{"damage":0,"enemies":"Chosen","floor":19,"turns":3},{"damage":0,"enemies":"Spheric Guardian","floor":21,"turns":1},{"damage":7,"enemies":"Book of Stabbing","floor":24,"turns":6},{"damage":7,"enemies":"Slavers","floor":26,"turns":2},{"damage":1,"enemies":"Centurion and Healer","floor":29,"turns":5},{"damage":0,"enemies":"Shelled Parasite and Fungi","floor":31,"turns":5},{"damage":0,"enemies":"Sentry and Sphere","floor":32,"turns":3},{"damage":41,"enemies":"Champ","floor":35,"turns":8},{"damage":0,"enemies":"3 Shapes","floor":37,"turns":3},{"damage":0,"enemies":"3 Darklings","floor":40,"turns":5},{"damage":0,"enemies":"Reptomancer","floor":43,"turns":5},{"damage":5,"enemies":"Giant Head","floor":47,"turns":7},{"damage":0,"enemies":"Spire Growth","floor":49,"turns":5},{"damage":31,"enemies":"Time Eater","floor":53,"turns":12}],"seed_played":"-1304373644011276850","potions_obtained":[{"floor":6,"key":"LiquidBronze"},{"floor":15,"key":"FearPotion"},{"floor":17,"key":"Strength Potion"},{"floor":19,"key":"AttackPotion"},{"floor":24,"key":"GamblersBrew"},{"floor":29,"key":"LiquidBronze"},{"floor":31,"key":"AttackPotion"},{"floor":35,"key":"Ancient Potion"}],"is_trial":false,"path_per_floor":["M","?","?","?","M","E","?","$","T","T","R","T","R","?","E","R","B",null,"M","?","M","?","?","E","R","E","T","T","M","R","M","M","?","R","B",null,"M","?","?","M","$","R","E","R","T","T","E","R","M","R","?","R","B",null],"character_chosen":"DEFECT","items_purchased":["Sunder","Enlightenment","PowerPotion","Dexterity Potion","Secret Technique","Hologram"],"campfire_rested":0,"item_purchase_floors":[8,41,41,41,41,41],"current_hp_per_floor":[74,67,52,34,34,34,34,34,34,34,34,41,41,41,41,41,15,82,82,82,82,82,82,75,75,68,68,68,67,67,67,67,67,67,26,82,82,82,82,82,82,82,82,82,82,82,77,77,77,77,77,77,46],"gold":132,"neow_bonus":"BOSS_RELIC","is_prod":false,"is_daily":false,"chose_seed":false,"campfire_upgraded":11,"win_rate":0,"timestamp":1553430739,"path_taken":["M","?","?","?","?","E","?","$","T","R","?","R","?","E","R","BOSS","M","?","?","?","?","E","R","E","T","M","R","?","M","?","R","BOSS","M","?","?","M","$","R","E","R","T","E","R","M","R","?","R","BOSS"],"build_version":"2019-01-23","purchased_purges":1,"victory":true,"max_hp_per_floor":[75,75,75,75,75,75,75,75,75,75,75,82,82,82,82,82,82,82,82,82,82,82,82,82,82,82,82,82,82,82,82,82,82,82,82,82,82,82,82,82,82,82,82,82,82,82,82,82,82,82,78,78,78],"card_choices":[{"not_picked":["White Noise","Chaos","Force Field"],"picked":"SKIP","floor":1},{"not_picked":["Tempest","Recycle"],"picked":"Rebound","floor":5},{"not_picked":["Steam","Rip and Tear"],"picked":"Beam Cell","floor":6},{"not_picked":["Sweeping Beam","Cold Snap"],"picked":"Reboot","floor":15},{"not_picked":["Undo","Double Energy"],"picked":"Compile Driver","floor":18},{"not_picked":["Turbo","Tempest"],"picked":"FTL","floor":18},{"not_picked":["Streamline","Tempest"],"picked":"Turbo","floor":18},{"not_picked":["Reinforced Body","White Noise"],"picked":"Scrape","floor":18},{"not_picked":["Cold Snap","Undo"],"picked":"Stack","floor":18},{"not_picked":["Storm","Compile Driver+1"],"picked":"Turbo","floor":19},{"not_picked":["Recycle+1","Hologram"],"picked":"Ball Lightning","floor":19},{"not_picked":["Seek","Compile Driver"],"picked":"Auto Shields","floor":21},{"not_picked":["Leap","Sweeping Beam"],"picked":"Turbo+1","floor":21},{"not_picked":["Tempest","Fission"],"picked":"Gash","floor":24},{"not_picked":["Darkness","Rebound"],"picked":"Steam","floor":26},{"not_picked":["Coolheaded","Conserve Battery+1"],"picked":"Heatsinks+1","floor":29},{"not_picked":["Compile Driver+1","Streamline+1","Loop+1"],"picked":"SKIP","floor":29},{"not_picked":["Barrage","Skim"],"picked":"Thunder Strike","floor":31},{"not_picked":["Conserve Battery","Doom and Gloom"],"picked":"Leap","floor":31},{"not_picked":["Leap+1","Steam"],"picked":"Go for the Eyes","floor":32},{"not_picked":["Rainbow","Loop"],"picked":"Stack","floor":37},{"not_picked":["Loop","Doom and Gloom+1"],"picked":"Steam Power+1","floor":37},{"not_picked":["Flash of Steel","Mind Blast"],"picked":"Sadistic Nature","floor":39},{"not_picked":["Consume","Streamline+1"],"picked":"Conserve Battery+1","floor":40},{"not_picked":["Beam Cell","Rebound"],"picked":"FTL+1","floor":40},{"not_picked":["Barrage","Tempest+1"],"picked":"Steam+1","floor":43},{"not_picked":["Cold Snap+1","Redo+1"],"picked":"Go for the Eyes","floor":47},{"not_picked":["Aggregate","Seek"],"picked":"Hello World+1","floor":49},{"not_picked":["Cold Snap","Ball Lightning"],"picked":"Leap","floor":49}],"player_experience":2546345,"relics_obtained":[{"floor":6,"key":"Prayer Wheel"},{"floor":9,"key":"Oddly Smooth Stone"},{"floor":12,"key":"Strawberry"},{"floor":15,"key":"Potion Belt"},{"floor":24,"key":"FossilizedHelix"},{"floor":26,"key":"Symbiotic Virus"},{"floor":27,"key":"PreservedInsect"},{"floor":43,"key":"Art of War"},{"floor":47,"key":"Happy Flower"}],"event_choices":[{"cards_removed":["Conserve Battery"],"damage_healed":0,"gold_gain":0,"player_choice":"Card Removal","damage_taken":7,"max_hp_gain":0,"max_hp_loss":0,"event_name":"Golden Wing","floor":2,"gold_loss":0},{"damage_healed":0,"gold_gain":0,"player_choice":"Entered Light","damage_taken":15,"max_hp_gain":0,"max_hp_loss":0,"event_name":"Shining Light","floor":3,"gold_loss":0,"cards_upgraded":["Reboot","Darkness"]},{"damage_healed":0,"gold_gain":0,"player_choice":"Take Damage","damage_taken":18,"relics_obtained":["Golden Idol"],"max_hp_gain":0,"max_hp_loss":0,"event_name":"Golden Idol","floor":4,"gold_loss":0},{"cards_removed":["Beam Cell"],"damage_healed":0,"gold_gain":0,"player_choice":"Forget","damage_taken":0,"max_hp_gain":0,"max_hp_loss":0,"event_name":"Living Wall","floor":7,"gold_loss":0},{"damage_healed":0,"gold_gain":30,"player_choice":"Searched \u00271\u0027 times","damage_taken":0,"max_hp_gain":0,"max_hp_loss":0,"event_name":"Dead Adventurer","floor":14,"gold_loss":0},{"damage_healed":0,"gold_gain":0,"cards_transformed":["FTL","Turbo"],"player_choice":"Transformed Cards","damage_taken":0,"max_hp_gain":0,"max_hp_loss":0,"event_name":"Designer","floor":20,"gold_loss":60,"cards_obtained":["Auto Shields","Defragment"]},{"damage_healed":0,"gold_gain":0,"player_choice":"Obtained Relic","damage_taken":0,"relics_obtained":["Ornamental Fan"],"max_hp_gain":0,"max_hp_loss":0,"event_name":"Addict","floor":22,"gold_loss":85},{"damage_healed":0,"gold_gain":0,"player_choice":"Traded Relic","damage_taken":0,"relics_obtained":["Nloth\u0027s Gift"],"max_hp_gain":0,"max_hp_loss":0,"event_name":"N\u0027loth","floor":23,"relics_lost":["Ornamental Fan"],"gold_loss":0},{"damage_healed":0,"gold_gain":0,"player_choice":"Read","damage_taken":0,"max_hp_gain":0,"max_hp_loss":0,"event_name":"The Library","floor":33,"gold_loss":0,"cards_obtained":["Sunder"]},{"damage_healed":0,"gold_gain":0,"player_choice":"Upgrade","damage_taken":0,"relics_obtained":["Mark of the Bloom"],"max_hp_gain":0,"max_hp_loss":0,"event_name":"MindBloom","floor":38,"gold_loss":0,"cards_upgraded":["Rebound","Hologram","Coolheaded","Conserve Battery","Conserve Battery","Recycle","Rebound","Compile Driver","Stack","Turbo","Ball Lightning","Auto Shields","Auto Shields","Gash","Steam","Thunder Strike","Leap","Go for the Eyes","Stack"]},{"damage_healed":0,"gold_gain":0,"player_choice":"Memory 1","damage_taken":0,"max_hp_gain":0,"max_hp_loss":0,"event_name":"SensoryStone","floor":39,"gold_loss":0},{"damage_healed":0,"gold_gain":0,"player_choice":"Max HP","damage_taken":0,"max_hp_gain":0,"max_hp_loss":4,"event_name":"Winding Halls","floor":51,"gold_loss":0}],"is_beta":false,"boss_relics":[{"not_picked":["Ectoplasm","Sozu"],"picked":"Orrery"},{"not_picked":["Coffee Dripper","Runic Dome"],"picked":"Runic Pyramid"}],"items_purged_floors":[41],"is_endless":false,"potions_floor_spawned":[6,15,17,19,24,29,31,35,37,43],"ascension_level":1}