{"path_per_floor":["M","M","$","M","M","E","M","R","T","E","$","R","E","?","R","B",null,"M","M","M","M","M","R","$","R","T","E","R","M","M","?","R"],"character_chosen":"IRONCLAD","items_purchased":["Ancient Potion"],"gold_per_floor":[118,133,58,70,89,120,133,133,133,161,61,61,94,44,44,149,149,149,89,89,89,89,89,37,37,37,37,37,37,37,37,37,37],"floor_reached":33,"campfire_rested":1,"playtime":1543,"current_hp_per_floor":[78,79,79,80,79,68,71,71,71,65,65,65,71,71,71,69,77,70,53,49,31,18,57,57,57,57,55,55,53,30,30,30,0],"items_purged":["Defend_R","Strike_R"],"gold":37,"score":455,"play_id":"e4efad9c-5f18-4130-a125-9e6e39c3ff38","local_time":"20180410234557","is_prod":false,"is_daily":false,"chose_seed":false,"is_ascension_mode":true,"campfire_upgraded":6,"timestamp":1523375157,"path_taken":["M","?","?","M","M","E","M","R","T","E","$","R","E","?","R","BOSS","M","M","M","M","M","R","$","R","T","E","R","M","M","?","R","BOSS"],"build_version":"2018-04-10","seed_source_timestamp":1330676537260671,"purchased_purges":2,"victory":false,"master_deck":["Strike_R","Strike_R","Strike_R","Strike_R","Defend_R","Defend_R","Bash","Bludgeon+1","True Grit+1","Disarm","Disarm","Headbutt","Metallicize+1","Thunderclap","Brutality+1","Metallicize+1","Whirlwind","Flex+1","Double Tap+1","Decay"],"max_hp_per_floor":[80,80,80,80,80,80,80,80,80,80,80,80,80,80,80,80,80,80,80,80,80,80,80,80,80,80,94,94,94,94,94,94,94],"relics":["Burning Blood","Ancient Tea Set","Sundial","Unceasing Top","Regal Pillow","Ectoplasm","Matryoshka","Mango"],"card_choices":[{"not_picked":["Cleave","Seeing Red"],"picked":"True Grit","floor":1},{"not_picked":["Impervious","Sword Boomerang"],"picked":"Disarm","floor":2},{"not_picked":["Rupture","Anger"],"picked":"Disarm","floor":4},{"not_picked":["Combust","Iron Wave"],"picked":"Headbutt","floor":5},{"not_picked":["Corruption","True Grit"],"picked":"Metallicize","floor":6},{"not_picked":["Entrench","Hemokinesis"],"picked":"Thunderclap","floor":10},{"not_picked":["Fiend Fire","Bludgeon"],"picked":"Brutality","floor":16},{"not_picked":["Wild Strike","Havoc"],"picked":"Metallicize","floor":18},{"not_picked":["Power Through","Corruption"],"picked":"Whirlwind","floor":19},{"not_picked":["Iron Wave","Anger"],"picked":"Flex","floor":20},{"not_picked":["Infernal Blade","Second Wind"],"picked":"Double Tap","floor":27}],"player_experience":250868,"potions_floor_usage":[6,10,10,13,21,22,27,33,33,33],"damage_taken":[{"damage":0,"enemies":"Cultist","floor":1,"turns":3},{"damage":5,"enemies":"Jaw Worm","floor":2,"turns":2},{"damage":0,"enemies":"Small Slimes","floor":4,"turns":3},{"damage":7,"enemies":"Blue Slaver","floor":5,"turns":4},{"damage":17,"enemies":"3 Sentries","floor":6,"turns":7},{"damage":3,"enemies":"Large Slime","floor":7,"turns":6},{"damage":12,"enemies":"Lagavulin","floor":10,"turns":4},{"damage":0,"enemies":"Gremlin Nob","floor":13,"turns":3},{"damage":8,"enemies":"Hexaghost","floor":16,"turns":8},{"damage":13,"enemies":"Shell Parasite","floor":18,"turns":5},{"damage":23,"enemies":"2 Thieves","floor":19,"turns":4},{"damage":10,"enemies":"Snecko","floor":20,"turns":4},{"damage":24,"enemies":"Snake Plant","floor":21,"turns":4},{"damage":19,"enemies":"Centurion and Healer","floor":22,"turns":6},{"damage":22,"enemies":"Gremlin Leader","floor":27,"turns":6},{"damage":8,"enemies":"Snecko","floor":29,"turns":3},{"damage":29,"enemies":"Cultist and Chosen","floor":30,"turns":7},{"damage":68,"enemies":"Automaton","floor":33,"turns":6}],"event_choices":[{"event_name":"The Cleric","player_choice":"Card Removal","floor":14,"damage_taken":0},{"event_name":"Forgotten Altar","player_choice":"Smashed Altar","floor":31,"damage_taken":0}],"boss_relics":[{"not_picked":["Orrery","Philosopher\u0027s Stone"],"picked":"Ectoplasm"}],"potions_floor_spawned":[4,5,6,7,16,18,20,22,27,30],"seed_played":"4623781875823986274","killed_by":"Automaton","ascension_level":9,"is_trial":false}