{"path_per_floor":["M","M","$","?","M","R","$","R","T","M","M","R","E","?","R","B",null,"M","M","?","$","?","R","E","?","T","E","M","M","?","M","R","B",null,"M","M","?","M","$"],"character_chosen":"DEFECT","items_purchased":["Blizzard","Capacitor","Defragment","Finesse","Fission"],"gold_per_floor":[369,383,191,191,205,205,105,105,135,155,172,172,203,203,203,302,302,313,332,332,127,127,127,154,154,154,185,205,224,224,243,243,340,340,359,372,372,387,53,53],"floor_reached":40,"campfire_rested":0,"playtime":2421,"current_hp_per_floor":[61,60,60,60,58,58,58,58,58,56,49,49,40,40,40,21,68,56,56,56,56,56,56,50,50,50,42,44,44,44,43,43,37,68,55,44,44,46,46,0],"items_purged":["Strike_B","Defend_B","Strike_B","Pain"],"gold":53,"score":490,"play_id":"d4db0e16-9a59-412a-94e3-094c38a46041","local_time":"20180506145951","is_prod":false,"is_daily":false,"chose_seed":false,"is_ascension_mode":true,"campfire_upgraded":3,"timestamp":1525589991,"path_taken":["M","M","$","?","M","R","?","R","T","M","?","R","E","?","R","BOSS","M","M","?","$","?","R","E","?","T","E","?","M","?","M","R","BOSS","M","M","?","M","$","E"],"build_version":"2018-05-03","seed_source_timestamp":0,"purchased_purges":4,"victory":false,"master_deck":["Strike_B","Strike_B","Defend_B","Defend_B","Defend_B","Zap+1","Dualcast","Glacier","Chill+1","Blizzard+1","Capacitor+1","Rainbow","Impulse+1","Coolheaded","Blizzard+1","Defragment+1","Hologram+1","Defragment","Writhe","Doom and Gloom+1","Multi-Cast","Sweeping Beam+1","Self Repair","Barrage","Finesse","Fission"],"max_hp_per_floor":[68,68,68,68,68,68,68,68,68,68,68,68,68,68,68,68,68,68,68,68,68,68,68,68,68,68,68,68,68,68,68,68,68,68,68,68,68,68,68,68],"relics":["Cracked Core","Tiny Chest","Girya","Velvet Choker","Lantern","Meat on the Bone","Oddly Smooth Stone","Orichalcum","Black Star"],"card_choices":[{"not_picked":["Darkness","Sweeping Beam"],"picked":"Glacier","floor":1.0},{"not_picked":["Tempest","Barrage"],"picked":"Chill","floor":2.0},{"not_picked":["Biased Cognition","Machine Learning"],"picked":"Rainbow","floor":16.0},{"not_picked":["Static Discharge","Skim"],"picked":"Impulse","floor":18.0},{"not_picked":["Loop","Rebound"],"picked":"Coolheaded","floor":19},{"not_picked":["Melter","Impulse"],"picked":"Hologram","floor":24},{"not_picked":["Sweeping Beam","Multi-Cast"],"picked":"Defragment","floor":27},{"not_picked":["BootSequence","Go for the Eyes"],"picked":"Doom and Gloom","floor":31},{"not_picked":["Meteor Strike","All For One"],"picked":"Multi-Cast","floor":33},{"not_picked":["Skim","Turbo"],"picked":"Sweeping Beam","floor":36},{"not_picked":["Beam Cell","Rip and Tear"],"picked":"Barrage","floor":38}],"player_experience":342147,"potions_floor_usage":[27,27,28,35],"damage_taken":[{"damage":7.0,"enemies":"Small Slimes","floor":1.0,"turns":3.0},{"damage":1.0,"enemies":"Cultist","floor":2.0,"turns":3.0},{"damage":2.0,"enemies":"Jaw Worm","floor":5.0,"turns":4.0},{"damage":2.0,"enemies":"Exordium Thugs","floor":10.0,"turns":5.0},{"damage":7.0,"enemies":"2 Fungi Beasts","floor":11.0,"turns":3.0},{"damage":9.0,"enemies":"Lagavulin","floor":13.0,"turns":7.0},{"damage":19.0,"enemies":"Slime Boss","floor":16.0,"turns":11.0},{"damage":12.0,"enemies":"Chosen","floor":18.0,"turns":6.0},{"damage":0.0,"enemies":"Spheric Guardian","floor":19.0,"turns":5.0},{"damage":6,"enemies":"Book of Stabbing","floor":24,"turns":5},{"damage":8,"enemies":"Gremlin Leader","floor":27,"turns":6},{"damage":10,"enemies":"Snake Plant","floor":28,"turns":4},{"damage":12,"enemies":"Chosen and Byrds","floor":29,"turns":6},{"damage":13,"enemies":"Centurion and Healer","floor":31,"turns":6},{"damage":6,"enemies":"Champ","floor":33,"turns":9},{"damage":13,"enemies":"3 Darklings","floor":35,"turns":3},{"damage":11,"enemies":"Orb Walker","floor":36,"turns":5},{"damage":17,"enemies":"Flame Bruiser 2 Orb","floor":38,"turns":5},{"damage":70,"enemies":"Giant Head","floor":40,"turns":6}],"event_choices":[{"event_name":"Upgrade Shrine","player_choice":"Upgraded","floor":4.0,"damage_taken":0.0},{"event_name":"Liars Game","player_choice":"disagreed","floor":14.0,"damage_taken":0.0},{"event_name":"Duplicator","player_choice":"One dupe","floor":20,"damage_taken":0},{"event_name":"Upgrade Shrine","player_choice":"Upgraded","floor":22,"damage_taken":0},{"event_name":"The Lab","player_choice":"Got Potions","floor":25,"damage_taken":0},{"event_name":"The Mausoleum","player_choice":"Yes","floor":30,"damage_taken":0},{"event_name":"Match and Keep!","player_choice":"2 cards matched","floor":37,"damage_taken":0}],"boss_relics":[{"not_picked":["White Beast Statue","Runic Pyramid"],"picked":"Black Star"}],"potions_floor_spawned":[1,2,13,19,28,29,33,36],"seed_played":"-7067443784659134934","killed_by":"Giant Head","ascension_level":3,"is_trial":false}