{"gold_per_floor":[210,226,56,71,71,71,90,122,147,175,175,191,191,219,219,291,291,303,320,320,337,102,102,131,131,131,146,174,188,188,208,208,285,285,305,305,315,97,111,111,143,143,169,169,198,198,230,247,247,247,247,247,247,72,98,98],"floor_reached":57,"playtime":2688,"items_purged":["Defend_B"],"score":2900,"play_id":"c4132859-8ca3-4583-b5b4-ddd170a56da7","local_time":"20190221162838","is_ascension_mode":true,"campfire_choices":[{"data":"Defragment","floor":6.0,"key":"SMITH"},{"floor":11.0,"key":"REST"},{"data":"Loop","floor":15.0,"key":"SMITH"},{"data":"Zap","floor":23.0,"key":"SMITH"},{"floor":25.0,"key":"REST"},{"data":"Blizzard","floor":32.0,"key":"SMITH"},{"data":"Biased Cognition","floor":40.0,"key":"SMITH"},{"data":"Reboot","floor":42.0,"key":"SMITH"},{"floor":49.0,"key":"RECALL"},{"data":"Discovery","floor":53.0,"key":"SMITH"}],"neow_cost":"NONE","seed_source_timestamp":100755981543300,"circlet_count":0,"master_deck":["AscendersBane","Defend_B","Defend_B+1","Zap+1","Defragment+1","Panacea","Self Repair","Ball Lightning","Cold Snap","Loop+1","Core Surge","Coolheaded+1","Reboot+1","Reinforced Body","Defragment+1","Cold Snap","Biased Cognition+1","Blizzard+1","Cold Snap","Bite","Bite","Bite","Bite","Bite","Cold Snap","Electrodynamics","Discovery+1","Coolheaded","Echo Form","White Noise"],"special_seed":0,"relics":["Cracked Core","Centennial Puzzle","Oddly Smooth Stone","Mercury Hourglass","Runic Dome","Bag of Preparation","Bronze Scales","War Paint","Bag of Marbles","Philosopher\u0027s Stone","Runic Capacitor","Omamori","Unceasing Top","DataDisk","Orichalcum"],"potions_floor_usage":[56,56],"damage_taken":[{"damage":0.0,"enemies":"Cultist","floor":1.0,"turns":3.0},{"damage":2.0,"enemies":"2 Louse","floor":2.0,"turns":2.0},{"damage":2.0,"enemies":"Jaw Worm","floor":4.0,"turns":4.0},{"damage":23.0,"enemies":"Gremlin Gang","floor":7.0,"turns":6.0},{"damage":36.0,"enemies":"Gremlin Nob","floor":8.0,"turns":4.0},{"damage":7.0,"enemies":"Lagavulin","floor":10.0,"turns":7.0},{"damage":10.0,"enemies":"Exordium Thugs","floor":12.0,"turns":4.0},{"damage":8.0,"enemies":"Gremlin Nob","floor":14.0,"turns":3.0},{"damage":22.0,"enemies":"Hexaghost","floor":16.0,"turns":7.0},{"damage":23.0,"enemies":"2 Thieves","floor":18.0,"turns":4.0},{"damage":20.0,"enemies":"Chosen","floor":19.0,"turns":4.0},{"damage":8.0,"enemies":"Snecko","floor":21.0,"turns":5.0},{"damage":25.0,"enemies":"Slavers","floor":24.0,"turns":5.0},{"damage":13.0,"enemies":"Shelled Parasite and Fungi","floor":27.0,"turns":3.0},{"damage":0.0,"enemies":"Gremlin Leader","floor":28.0,"turns":7.0},{"damage":8.0,"enemies":"Snake Plant","floor":29.0,"turns":2.0},{"damage":3.0,"enemies":"Centurion and Healer","floor":31.0,"turns":6.0},{"damage":12.0,"enemies":"Champ","floor":33.0,"turns":12.0},{"damage":6.0,"enemies":"3 Shapes","floor":35.0,"turns":3.0},{"damage":10.0,"enemies":"Orb Walker","floor":37.0,"turns":3.0},{"damage":18.0,"enemies":"Jaw Worm Horde","floor":39.0,"turns":4.0},{"damage":1.0,"enemies":"Reptomancer","floor":41.0,"turns":5.0},{"damage":7.0,"enemies":"Nemesis","floor":45.0,"turns":9.0},{"damage":0.0,"enemies":"Giant Head","floor":47.0,"turns":8.0},{"damage":0.0,"enemies":"Transient","floor":48.0,"turns":6.0},{"damage":15.0,"enemies":"Donu and Deca","floor":50.0,"turns":8.0},{"damage":11.0,"enemies":"Awakened One","floor":51.0,"turns":14.0},{"damage":29.0,"enemies":"Shield and Spear","floor":55.0,"turns":7.0},{"damage":61,"enemies":"The Heart","floor":56,"turns":11}],"seed_played":"-7480836433374878650","potions_obtained":[{"floor":1.0,"key":"LiquidBronze"},{"floor":2.0,"key":"Strength Potion"},{"floor":8.0,"key":"Block Potion"},{"floor":14.0,"key":"Poison Potion"},{"floor":16.0,"key":"SpeedPotion"},{"floor":19.0,"key":"SkillPotion"},{"floor":24.0,"key":"Explosive Potion"},{"floor":33.0,"key":"Poison Potion"},{"floor":37.0,"key":"Block Potion"},{"floor":45.0,"key":"Ancient Potion"},{"floor":47.0,"key":"Energy Potion"}],"is_trial":false,"path_per_floor":["M","M","$","M","?","R","M","E","T","E","R","M","?","E","R","B",null,"M","M","?","M","$","R","E","R","T","M","E","M","?","M","R","B",null,"M","?","M","$","M","R","E","R","T","?","E","?","E","M","R","B","B",null,"R","$","E","B",null],"character_chosen":"DEFECT","items_purchased":["Panacea","Self Repair","Bag of Preparation","Runic Capacitor","Echo Form"],"campfire_rested":2,"item_purchase_floors":[3,3,22,38,54],"current_hp_per_floor":[64,62,62,67,60,60,44,15,15,17,38,37,37,31,31,18,58,44,33,33,34,34,34,18,39,39,35,44,45,45,61,61,71,71,65,65,61,61,47,47,63,63,63,53,69,69,71,71,71,71,71,71,71,71,54,16],"gold":98,"neow_bonus":"HUNDRED_GOLD","is_prod":false,"is_daily":false,"chose_seed":false,"campfire_upgraded":7,"win_rate":0,"timestamp":1550734118,"path_taken":["M","M","$","?","?","R","M","E","T","E","R","M","?","E","R","BOSS","M","?","?","?","$","R","E","R","T","M","E","M","?","M","R","BOSS","M","?","M","$","M","R","E","R","T","?","E","?","E","M","R","BOSS","BOSS","R","$","E","BOSS"],"build_version":"2019-01-23","purchased_purges":1,"victory":true,"max_hp_per_floor":[71,71,71,71,71,71,71,71,71,71,71,71,71,71,71,71,71,71,71,71,71,71,71,71,71,71,71,71,71,71,71,71,71,71,71,71,71,71,71,71,71,71,71,71,71,71,71,71,71,71,71,71,71,71,71,71],"card_choices":[{"not_picked":["Conserve Battery","Chaos"],"picked":"Defragment","floor":1.0},{"not_picked":["Sweeping Beam","Steam","Darkness"],"picked":"SKIP","floor":2.0},{"not_picked":["Go for the Eyes","Sweeping Beam","Genetic Algorithm"],"picked":"SKIP","floor":4.0},{"not_picked":["Barrage","Conserve Battery"],"picked":"Ball Lightning","floor":7.0},{"not_picked":["Coolheaded","Undo"],"picked":"Cold Snap","floor":8.0},{"not_picked":["Hologram","Conserve Battery"],"picked":"Loop","floor":10.0},{"not_picked":["Compile Driver","Steam Power","Sweeping Beam"],"picked":"SKIP","floor":12.0},{"not_picked":["Stack","Leap"],"picked":"Coolheaded","floor":14.0},{"not_picked":["Machine Learning","Hyperbeam"],"picked":"Reboot","floor":16.0},{"not_picked":["Beam Cell","Hello World+1","Reprogram"],"picked":"SKIP","floor":18.0},{"not_picked":["Scrape+1","Beam Cell"],"picked":"Reinforced Body","floor":19.0},{"not_picked":["Compile Driver","Rebound"],"picked":"Cold Snap","floor":21.0},{"not_picked":["Aggregate+1","Chaos+1"],"picked":"Biased Cognition","floor":24.0},{"not_picked":["Auto Shields","Stack","Fusion"],"picked":"SKIP","floor":27.0},{"not_picked":["Steam+1","FTL"],"picked":"Blizzard","floor":28.0},{"not_picked":["Beam Cell","Ball Lightning"],"picked":"Cold Snap","floor":29.0},{"not_picked":["Gash+1","Sweeping Beam"],"picked":"Cold Snap","floor":31.0},{"not_picked":["Meteor Strike","Rainbow"],"picked":"Electrodynamics","floor":33.0},{"not_picked":["Ball Lightning+1","Rebound","Cold Snap"],"picked":"SKIP","floor":35.0},{"not_picked":["Fusion","Auto Shields+1","Hello World"],"picked":"SKIP","floor":37.0},{"not_picked":["Hologram","Go for the Eyes","Redo"],"picked":"SKIP","floor":39.0},{"not_picked":["Barrage+1","Leap","Genetic Algorithm+1"],"picked":"SKIP","floor":41.0},{"not_picked":["Finesse","Secret Technique"],"picked":"Discovery","floor":44.0},{"not_picked":["Steam","Lockon"],"picked":"Coolheaded","floor":45.0},{"not_picked":["Reprogram+1","Cold Snap","Streamline"],"picked":"SKIP","floor":47.0},{"not_picked":["Rebound","Gash","Beam Cell"],"picked":"SKIP","floor":48.0},{"not_picked":["Cold Snap","Self Repair"],"picked":"White Noise","floor":55.0}],"player_experience":1695535,"relics_obtained":[{"floor":8.0,"key":"Blood Vial"},{"floor":9.0,"key":"Centennial Puzzle"},{"floor":10.0,"key":"Oddly Smooth Stone"},{"floor":14.0,"key":"Mercury Hourglass"},{"floor":24.0,"key":"Bronze Scales"},{"floor":26.0,"key":"War Paint"},{"floor":28.0,"key":"Bag of Marbles"},{"floor":41.0,"key":"Omamori"},{"floor":45.0,"key":"Unceasing Top"},{"floor":47.0,"key":"DataDisk"},{"floor":55.0,"key":"Orichalcum"}],"event_choices":[{"cards_removed":["Defend_B"],"damage_healed":0.0,"max_hp_gain":0.0,"max_hp_loss":0.0,"gold_gain":0.0,"event_name":"Golden Wing","player_choice":"Card Removal","floor":5.0,"gold_loss":0.0,"damage_taken":7.0},{"damage_healed":0.0,"max_hp_gain":0.0,"max_hp_loss":0.0,"gold_gain":0.0,"cards_transformed":["Strike_B"],"event_name":"Transmorgrifier","player_choice":"Transformed","floor":13.0,"gold_loss":0.0,"damage_taken":0.0,"cards_obtained":["Core Surge"]},{"damage_healed":0.0,"max_hp_gain":0.0,"max_hp_loss":0.0,"gold_gain":0.0,"event_name":"Duplicator","player_choice":"Copied","floor":20.0,"gold_loss":0.0,"damage_taken":0.0,"cards_obtained":["Defragment"]},{"damage_healed":0.0,"max_hp_gain":0.0,"max_hp_loss":0.0,"gold_gain":0.0,"event_name":"Vampires","player_choice":"Became a vampire (Vial)","floor":30.0,"relics_lost":["Blood Vial"],"gold_loss":0.0,"damage_taken":0.0,"cards_obtained":["Bite","Bite","Bite","Bite","Bite"]},{"cards_removed":["Dualcast"],"damage_healed":0.0,"max_hp_gain":0.0,"max_hp_loss":0.0,"gold_gain":0.0,"event_name":"Falling","player_choice":"Removed Skill","floor":36.0,"gold_loss":0.0,"damage_taken":0.0},{"damage_healed":0.0,"max_hp_gain":0.0,"max_hp_loss":0.0,"gold_gain":0.0,"event_name":"SensoryStone","player_choice":"Memory 3","floor":44.0,"gold_loss":0.0,"damage_taken":10.0},{"damage_healed":0.0,"max_hp_gain":0.0,"max_hp_loss":0.0,"gold_gain":0.0,"event_name":"Tomb of Lord Red Mask","player_choice":"Ignored","floor":46.0,"gold_loss":0.0,"damage_taken":0.0}],"is_beta":false,"boss_relics":[{"not_picked":["Pandora\u0027s Box","White Beast Statue"],"picked":"Runic Dome"},{"not_picked":["Snecko Eye","Tiny House"],"picked":"Philosopher\u0027s Stone"}],"items_purged_floors":[22],"is_endless":false,"potions_floor_spawned":[1,2,8,14,16,19,21,24,33,37,45,47],"ascension_level":20}