{"path_per_floor":["M","M","?","?","M","R","$","E","T","?","R","E","M","?","R","B",null,"M","M","$","?","?","R","E","?","T","?","M","$","E","?","R","B",null,"M","M","?","?","M","R","E","$","T","?","?","$"],"character_chosen":"IRONCLAD","items_purchased":["Purity","Apotheosis","AttackPotion","AttackPotion","Sword Boomerang","Flex","Bandage Up","Purity","Flex","Heavy Blade"],"gold_per_floor":[15,33,33,33,49,49,49,76,100,100,100,130,143,318,318,417,417,431,445,6,6,0,0,30,30,56,56,71,47,79,2,2,100,130,150,168,168,168,181,181,209,22,22,22,22,2,2],"floor_reached":47,"campfire_rested":5,"playtime":1991,"item_purchase_floors":[20,20,20,20,20,29,42,42,42,46],"current_hp_per_floor":[76,76,76,69,73,73,73,51,51,51,75,49,45,45,69,39,70,56,38,38,38,38,70,47,47,47,73,55,55,22,22,54,23,71,54,37,85,85,54,85,46,46,46,41,41,41,0],"items_purged":[],"gold":2,"score":753,"play_id":"5ec1db50-edeb-4cea-a1be-97a752f03a84","local_time":"20180525231258","is_prod":false,"is_daily":false,"chose_seed":false,"is_ascension_mode":true,"campfire_upgraded":1,"win_rate":0,"timestamp":1527279178,"campfire_choices":[{"data":"Sever Soul","floor":6,"key":"SMITH"},{"floor":11,"key":"REST"},{"floor":15,"key":"REST"},{"floor":23,"key":"REST"},{"floor":32,"key":"REST"},{"floor":40,"key":"REST"}],"path_taken":["M","M","?","?","?","R","?","E","T","?","R","E","M","?","R","BOSS","M","M","$","?","?","R","E","?","T","?","M","$","E","?","R","BOSS","M","M","?","?","M","R","E","$","T","?","?","?","M"],"build_version":"2018-05-24","seed_source_timestamp":347863907915368,"purchased_purges":0,"victory":false,"master_deck":["Strike_R+1","Strike_R","Strike_R","Strike_R","Defend_R+1","Defend_R","Defend_R+1","Bash","Spot Weakness+1","Regret","Sever Soul+1","Spot Weakness","Doubt","Demon Form","Heavy Blade","Heavy Blade","Apotheosis","Sword Boomerang","Offering","Cleave+1","Flex","J.A.X.","Offering","Spot Weakness+1","Bandage Up","Purity","Flex","Good Instincts","Finesse","Heavy Blade"],"max_hp_per_floor":[80,80,80,80,80,80,80,80,80,80,80,80,80,80,80,80,80,80,80,80,80,80,80,80,80,80,80,80,80,80,80,80,80,85,85,85,85,85,85,85,85,85,85,85,85,85,85],"relics":["Burning Blood","Du-Vu Doll","War Paint","Mummified Hand","Juzu Bracelet","Vajra","Meat on the Bone","Eternal Feather","Happy Flower","The Courier","Tiny House","Regal Pillow","Blue Candle"],"card_choices":[{"not_picked":["Warcry","Uppercut"],"picked":"Spot Weakness","floor":1},{"not_picked":["Whirlwind","Battle Trance","Reckless Charge"],"picked":"SKIP","floor":2},{"not_picked":["Iron Wave","Headbutt"],"picked":"Sever Soul","floor":5},{"not_picked":["Clash","Clothesline"],"picked":"Spot Weakness","floor":8},{"not_picked":["Shockwave","Pommel Strike","Anger"],"picked":"SKIP","floor":12},{"not_picked":["Cleave","Shrug It Off","Feel No Pain"],"picked":"SKIP","floor":13},{"not_picked":["Feed","Exhume"],"picked":"Demon Form","floor":16},{"not_picked":["Warcry+1","Wild Strike"],"picked":"Heavy Blade","floor":18},{"not_picked":["Wild Strike","Iron Wave"],"picked":"Heavy Blade","floor":19},{"not_picked":["Sever Soul","Berserk"],"picked":"Offering","floor":24},{"not_picked":["Twin Strike+1","Rampage+1"],"picked":"Cleave+1","floor":28},{"not_picked":["Headbutt","Second Wind","Corruption+1"],"picked":"SKIP","floor":30},{"not_picked":["Immolate","Juggernaut"],"picked":"Offering","floor":33},{"not_picked":["Carnage","Second Wind+1","Shockwave"],"picked":"SKIP","floor":35},{"not_picked":["Perfected Strike","Headbutt+1","Iron Wave+1"],"picked":"SKIP","floor":36},{"not_picked":["Anger+1","Rage+1","Shrug It Off"],"picked":"SKIP","floor":39},{"not_picked":["Twin Strike+1","Anger+1"],"picked":"Spot Weakness+1","floor":41},{"not_picked":["Madness","Purity"],"picked":"Good Instincts","floor":44},{"not_picked":["Deep Breath","Apotheosis"],"picked":"Finesse","floor":44}],"player_experience":436027,"potions_floor_usage":[16,16,19,24,24,33,35,41,47],"damage_taken":[{"damage":2,"enemies":"Jaw Worm","floor":1,"turns":3},{"damage":6,"enemies":"2 Louse","floor":2,"turns":4},{"damage":2,"enemies":"Cultist","floor":5,"turns":3},{"damage":28,"enemies":"3 Sentries","floor":8,"turns":7},{"damage":32,"enemies":"Gremlin Nob","floor":12,"turns":4},{"damage":22,"enemies":"Exordium Wildlife","floor":13,"turns":3},{"damage":48,"enemies":"Hexaghost","floor":16,"turns":9},{"damage":32,"enemies":"Chosen","floor":18,"turns":4},{"damage":36,"enemies":"2 Thieves","floor":19,"turns":3},{"damage":29,"enemies":"Slavers","floor":24,"turns":4},{"damage":36,"enemies":"Sentry and Sphere","floor":28,"turns":5},{"damage":51,"enemies":"Book of Stabbing","floor":30,"turns":4},{"damage":49,"enemies":"Champ","floor":33,"turns":7},{"damage":23,"enemies":"Orb Walker","floor":35,"turns":2},{"damage":35,"enemies":"3 Darklings","floor":36,"turns":4},{"damage":49,"enemies":"Maw","floor":39,"turns":5},{"damage":57,"enemies":"2 Orb Walkers","floor":41,"turns":4},{"damage":45,"enemies":"4 Shapes","floor":47,"turns":3}],"relics_obtained":[{"floor":8,"key":"Juzu Bracelet"},{"floor":9,"key":"Vajra"},{"floor":12,"key":"Meat on the Bone"},{"floor":26,"key":"Happy Flower"},{"floor":30,"key":"The Courier"},{"floor":41,"key":"Regal Pillow"},{"floor":43,"key":"Blue Candle"}],"event_choices":[{"event_name":"Big Fish","player_choice":"Box","floor":3,"damage_taken":0},{"event_name":"Scrap Ooze","player_choice":"success","floor":4,"damage_taken":7},{"event_name":"Upgrade Shrine","player_choice":"Upgraded","floor":10,"damage_taken":0},{"event_name":"Liars Game","player_choice":"agreed","floor":14,"damage_taken":0},{"event_name":"Ghosts","player_choice":"Ignored","floor":21,"damage_taken":0},{"event_name":"Masked Bandits","player_choice":"Paid Bandits 6 gold","floor":22,"damage_taken":0},{"event_name":"Back to Basics","player_choice":"Elegance","floor":25,"damage_taken":0},{"event_name":"The Library","player_choice":"Heal","floor":27,"damage_taken":0},{"event_name":"Drug Dealer","player_choice":"Got JAXXED","floor":31,"damage_taken":0},{"event_name":"Bonfire Elementals","player_choice":"UNCOMMON","floor":37,"damage_taken":0},{"event_name":"Purifier","player_choice":"One Purge","floor":38,"damage_taken":0},{"event_name":"SensoryStone","player_choice":"Memory 2","floor":44,"damage_taken":0},{"event_name":"Fountain of Cleansing","player_choice":"Ignored","floor":45,"damage_taken":0}],"boss_relics":[{"not_picked":["Runic Dome","Runic Pyramid"],"picked":"Eternal Feather"},{"not_picked":["Pandora\u0027s Box","Sozu"],"picked":"Tiny House"}],"items_purged_floors":[],"potions_floor_spawned":[2,8,18,24,30,39],"seed_played":"-9163916582470623869","killed_by":"4 Shapes","ascension_level":8,"potions_obtained":[{"floor":2,"key":"Dexterity Potion"},{"floor":8,"key":"SpeedPotion"},{"floor":18,"key":"Poison Potion"},{"floor":24,"key":"Fire Potion"},{"floor":30,"key":"Weak Potion"},{"floor":34,"key":"GamblersBrew"},{"floor":39,"key":"Weak Potion"}],"is_trial":false}