{"gold_per_floor":[362,332,349,349,14,74,93,93,116,136,169,169,179,141,141,214,214,227,227,242,256,76,76,106,106,151,168,168,168,200,210,210,284,284,300,300,312,312,332,364,364,364,388,388,414,428,445,445,445,445,445,445,445,88,120,120],"floor_reached":57,"playtime":3106,"items_purged":["Strike_B","Defend_B","Strike_B"],"score":2895,"play_id":"c36aec79-ab4b-4053-87bb-4d07b792fc98","local_time":"20190222172605","is_ascension_mode":true,"campfire_choices":[{"floor":8.0,"key":"REST"},{"data":"Apotheosis","floor":12.0,"key":"SMITH"},{"floor":15.0,"key":"REST"},{"floor":23.0,"key":"REST"},{"floor":25.0,"key":"RECALL"},{"floor":29.0,"key":"REST"},{"floor":32.0,"key":"REST"},{"floor":42.0,"key":"REST"},{"floor":44.0,"key":"REST"},{"floor":49.0,"key":"REST"},{"floor":53.0,"key":"REST"}],"neow_cost":"PERCENT_DAMAGE","seed_source_timestamp":189841819717700,"circlet_count":0,"master_deck":["AscendersBane","Strike_B","Defend_B","Zap","Dualcast","Apotheosis+1","Sunder","Electrodynamics","Coolheaded","Cold Snap","Conserve Battery","Creative AI","Defragment","Glacier","Chill","Discovery","Fission","Creative AI","Turbo","Biased Cognition","Loop+1","Cold Snap","Coolheaded","Self Repair+1","Echo Form+1","Loop+1"],"special_seed":0,"relics":["FrozenCore","Membership Card","Tiny Chest","Pen Nib","Bronze Scales","Fusion Hammer","Blood Vial","Bottled Lightning","Omamori","Orichalcum","Frozen Egg 2","StoneCalendar","Vajra","DollysMirror","Ice Cream","Anchor"],"potions_floor_usage":[56],"damage_taken":[{"damage":0.0,"enemies":"Cultist","floor":1.0,"turns":3.0},{"damage":4.0,"enemies":"Jaw Worm","floor":3.0,"turns":3.0},{"damage":11.0,"enemies":"Gremlin Nob","floor":6.0,"turns":3.0},{"damage":3.0,"enemies":"2 Louse","floor":7.0,"turns":2.0},{"damage":16.0,"enemies":"Red Slaver","floor":10.0,"turns":4.0},{"damage":16.0,"enemies":"Lagavulin","floor":11.0,"turns":7.0},{"damage":2.0,"enemies":"2 Fungi Beasts","floor":13.0,"turns":2.0},{"damage":0.0,"enemies":"The Guardian","floor":16.0,"turns":8.0},{"damage":0.0,"enemies":"Spheric Guardian","floor":18.0,"turns":3.0},{"damage":4.0,"enemies":"3 Byrds","floor":20.0,"turns":2.0},{"damage":11.0,"enemies":"Sentry and Sphere","floor":21.0,"turns":4.0},{"damage":10.0,"enemies":"Book of Stabbing","floor":24.0,"turns":6.0},{"damage":0.0,"enemies":"Centurion and Healer","floor":27.0,"turns":6.0},{"damage":29.0,"enemies":"Slavers","floor":30.0,"turns":5.0},{"damage":20.0,"enemies":"Shelled Parasite and Fungi","floor":31.0,"turns":4.0},{"damage":0.0,"enemies":"Automaton","floor":33.0,"turns":12.0},{"damage":7.0,"enemies":"3 Darklings","floor":35.0,"turns":3.0},{"damage":1.0,"enemies":"3 Shapes","floor":37.0,"turns":2.0},{"damage":24.0,"enemies":"Spire Growth","floor":39.0,"turns":6.0},{"damage":0.0,"enemies":"Nemesis","floor":40.0,"turns":7.0},{"damage":6.0,"enemies":"Reptomancer","floor":45.0,"turns":5.0},{"damage":19.0,"enemies":"Transient","floor":46.0,"turns":6.0},{"damage":30.0,"enemies":"3 Darklings","floor":47.0,"turns":2.0},{"damage":16.0,"enemies":"Awakened One","floor":50.0,"turns":19.0},{"damage":35.0,"enemies":"Time Eater","floor":51.0,"turns":9.0},{"damage":25.0,"enemies":"Shield and Spear","floor":55.0,"turns":9.0},{"damage":66,"enemies":"The Heart","floor":56,"turns":11}],"seed_played":"-2118717610252204700","potions_obtained":[{"floor":2.0,"key":"SkillPotion"},{"floor":2.0,"key":"Fruit Juice"},{"floor":3.0,"key":"Strength Potion"},{"floor":6.0,"key":"FocusPotion"},{"floor":11.0,"key":"Fire Potion"},{"floor":24.0,"key":"Strength Potion"},{"floor":31.0,"key":"LiquidBronze"},{"floor":33.0,"key":"PowerPotion"},{"floor":55.0,"key":"FearPotion"}],"is_trial":false,"path_per_floor":["M","?","M","?","$","E","M","R","T","M","E","R","M","$","R","B",null,"M","?","M","M","$","R","E","R","T","M","?","R","E","M","R","B",null,"M","T","M","?","M","E","?","R","T","R","E","M","M","?","R","B","B",null,"R","$","E","B",null],"character_chosen":"DEFECT","items_purchased":["Membership Card","Apotheosis","Sunder","Blood Vial","Discovery","DollysMirror","Ice Cream","Energy Potion"],"campfire_rested":9,"item_purchase_floors":[5,5,5,22,22,54,54,54],"current_hp_per_floor":[46,51,47,40,40,29,26,48,48,32,16,16,14,14,36,36,66,66,66,62,51,51,73,65,65,65,67,67,76,47,29,51,53,70,65,65,66,66,44,46,46,68,68,76,70,63,45,76,76,76,41,67,76,76,71,17],"gold":120,"neow_bonus":"TWO_FIFTY_GOLD","is_prod":false,"is_daily":false,"chose_seed":false,"campfire_upgraded":1,"win_rate":0,"timestamp":1550823965,"path_taken":["M","?","?","?","$","E","M","R","T","M","E","R","M","?","R","BOSS","M","?","M","M","$","R","E","R","T","M","?","R","E","M","R","BOSS","M","?","M","?","M","E","?","R","T","R","E","M","?","?","R","BOSS","BOSS","R","$","E","BOSS"],"build_version":"2019-01-23","purchased_purges":3,"victory":true,"max_hp_per_floor":[71,76,76,76,76,76,76,76,76,76,76,76,76,76,76,76,76,76,76,76,76,76,76,76,76,76,76,76,76,76,76,76,76,76,76,76,76,76,76,76,76,76,76,76,76,76,76,76,76,76,76,76,76,76,76,76],"card_choices":[{"not_picked":["Leap","Beam Cell","Storm"],"picked":"SKIP","floor":1.0},{"not_picked":["Ball Lightning","Hello World","Stack"],"picked":"SKIP","floor":3.0},{"not_picked":["Steam","Darkness"],"picked":"Electrodynamics","floor":6.0},{"not_picked":["Turbo","Blizzard"],"picked":"Coolheaded","floor":7.0},{"not_picked":["Gash","Streamline"],"picked":"Cold Snap","floor":10.0},{"not_picked":["Skim","Go for the Eyes"],"picked":"Conserve Battery","floor":11.0},{"not_picked":["Storm","Barrage","Compile Driver"],"picked":"SKIP","floor":13.0},{"not_picked":["All For One","Amplify"],"picked":"Creative AI","floor":16.0},{"not_picked":["Loop","Streamline"],"picked":"Defragment","floor":18.0},{"not_picked":["Beam Cell+1","Reprogram","Sweeping Beam"],"picked":"SKIP","floor":20.0},{"not_picked":["Static Discharge","Leap+1"],"picked":"Chill","floor":21.0},{"not_picked":["Steam","Redo"],"picked":"Fission","floor":24.0},{"not_picked":["Leap","Go for the Eyes","Sunder"],"picked":"SKIP","floor":27.0},{"not_picked":["Sunder","Cold Snap"],"picked":"Creative AI","floor":30.0},{"not_picked":["Go for the Eyes","Compile Driver"],"picked":"Turbo","floor":31.0},{"not_picked":["Buffer","Seek"],"picked":"Biased Cognition","floor":33.0},{"not_picked":["Cold Snap","Turbo"],"picked":"Loop","floor":35.0},{"not_picked":["Ball Lightning+1","Barrage+1","Cold Snap"],"picked":"SKIP","floor":37.0},{"not_picked":["Turbo","Barrage"],"picked":"Cold Snap","floor":39.0},{"not_picked":["Hyperbeam","Stack"],"picked":"Coolheaded","floor":40.0},{"not_picked":["Rebound+1","Streamline"],"picked":"Self Repair+1","floor":45.0},{"not_picked":["Tempest","Fusion","Rebound"],"picked":"SKIP","floor":46.0},{"not_picked":["Hologram","Leap"],"picked":"Echo Form+1","floor":47.0},{"not_picked":["Doom and Gloom","Stack","Conserve Battery"],"picked":"SKIP","floor":55.0}],"player_experience":1735547,"relics_obtained":[{"floor":6.0,"key":"Tiny Chest"},{"floor":9.0,"key":"Pen Nib"},{"floor":11.0,"key":"Bronze Scales"},{"floor":24.0,"key":"Bottled Lightning"},{"floor":26.0,"key":"Omamori"},{"floor":30.0,"key":"Orichalcum"},{"floor":36.0,"key":"Frozen Egg 2"},{"floor":40.0,"key":"StoneCalendar"},{"floor":45.0,"key":"Vajra"},{"floor":55.0,"key":"Anchor"}],"event_choices":[{"damage_healed":0.0,"max_hp_gain":0.0,"max_hp_loss":0.0,"gold_gain":0.0,"event_name":"The Woman in Blue","player_choice":"Bought 2 Potions","floor":2.0,"gold_loss":0.0,"damage_taken":0.0},{"cards_removed":["Defend_B"],"damage_healed":0.0,"max_hp_gain":0.0,"max_hp_loss":0.0,"gold_gain":0.0,"event_name":"Golden Wing","player_choice":"Card Removal","floor":4.0,"gold_loss":0.0,"damage_taken":7.0},{"damage_healed":0.0,"max_hp_gain":0.0,"max_hp_loss":0.0,"gold_gain":0.0,"event_name":"The Library","player_choice":"Read","floor":19.0,"gold_loss":0.0,"damage_taken":0.0,"cards_obtained":["Glacier"]},{"cards_removed":["Defend_B"],"damage_healed":0.0,"max_hp_gain":0.0,"max_hp_loss":0.0,"gold_gain":0.0,"event_name":"Bonfire Elementals","player_choice":"Offered Basic","floor":28.0,"gold_loss":0.0,"damage_taken":0.0},{"cards_removed":["Strike_B"],"damage_healed":0.0,"max_hp_gain":0.0,"max_hp_loss":0.0,"gold_gain":0.0,"event_name":"Falling","player_choice":"Removed Attack","floor":38.0,"gold_loss":0.0,"damage_taken":0.0},{"damage_healed":0.0,"max_hp_gain":0.0,"max_hp_loss":0.0,"gold_gain":0.0,"event_name":"Accursed Blacksmith","player_choice":"Forge","floor":41.0,"gold_loss":0.0,"damage_taken":0.0,"cards_upgraded":["Loop"]},{"damage_healed":31.0,"max_hp_gain":0.0,"max_hp_loss":0.0,"gold_gain":0.0,"event_name":"MindBloom","player_choice":"Heal","floor":48.0,"gold_loss":0.0,"damage_taken":0.0,"cards_obtained":["Doubt"]}],"is_beta":false,"boss_relics":[{"not_picked":["Cursed Key","Nuclear Battery"],"picked":"Fusion Hammer"},{"not_picked":["Coffee Dripper","Philosopher\u0027s Stone"],"picked":"FrozenCore"}],"items_purged_floors":[14,22,54],"is_endless":false,"potions_floor_spawned":[3,6,11,24,31,33,35,37,55],"ascension_level":20}