{"gold_per_floor":[111,36,1,1,20,20,34,34,61,75,150,164,205,205,205,205],"floor_reached":16,"playtime":528,"items_purged":["Strike_R"],"score":200,"play_id":"90e112c2-14a2-4394-8ec8-bd210113400b","local_time":"20190312112559","is_ascension_mode":true,"campfire_choices":[{"data":"Bash","floor":6,"key":"SMITH"},{"data":"Thunderclap","floor":8,"key":"SMITH"},{"data":"Flex","floor":15,"key":"SMITH"}],"neow_cost":"PERCENT_DAMAGE","seed_source_timestamp":263382144557000,"circlet_count":0,"master_deck":["AscendersBane","Strike_R","Strike_R","Defend_R","Defend_R","Defend_R","Defend_R","Bash+1","Thunderclap+1","Headbutt","Battle Trance","Dropkick","Flex+1"],"relics":["Burning Blood","Golden Idol","Ancient Tea Set","Ornamental Fan"],"potions_floor_usage":[16],"damage_taken":[{"damage":14,"enemies":"Jaw Worm","floor":1,"turns":4},{"damage":15,"enemies":"2 Louse","floor":5,"turns":6},{"damage":5,"enemies":"Small Slimes","floor":7,"turns":4},{"damage":4,"enemies":"3 Louse","floor":10,"turns":3},{"damage":11,"enemies":"Blue Slaver","floor":12,"turns":4},{"damage":8,"enemies":"Gremlin Nob","floor":13,"turns":3},{"damage":32,"enemies":"Hexaghost","floor":16,"turns":8}],"seed_played":"-379529029968251656","potions_obtained":[{"floor":1,"key":"Fire Potion"},{"floor":10,"key":"Block Potion"}],"is_trial":false,"path_per_floor":["M","$","?","?","M","R","M","R","T","M","?","M","E","?","R","B"],"character_chosen":"IRONCLAD","items_purchased":[],"campfire_rested":0,"item_purchase_floors":[],"current_hp_per_floor":[42,42,60,60,51,51,52,52,52,54,43,38,36,36,36,4],"gold":205,"neow_bonus":"REMOVE_TWO","is_prod":false,"is_daily":false,"chose_seed":false,"campfire_upgraded":3,"win_rate":0,"timestamp":1552357559,"path_taken":["M","$","?","?","M","R","M","R","T","?","?","M","E","?","R","BOSS"],"build_version":"2019-01-23","purchased_purges":1,"victory":false,"max_hp_per_floor":[75,75,75,68,68,68,68,68,68,68,68,68,68,68,68,68],"card_choices":[{"not_picked":["Power Through","Metallicize"],"picked":"Thunderclap","floor":1},{"not_picked":["Clash","Rupture"],"picked":"Headbutt","floor":5},{"not_picked":["Combust","Warcry","Sword Boomerang"],"picked":"SKIP","floor":7},{"not_picked":["Havoc","Uppercut"],"picked":"Battle Trance","floor":10},{"not_picked":["Headbutt","Armaments"],"picked":"Dropkick","floor":12},{"not_picked":["Body Slam","Clothesline"],"picked":"Flex","floor":13}],"player_experience":2198646,"relics_obtained":[{"floor":9,"key":"Ancient Tea Set"},{"floor":13,"key":"Ornamental Fan"}],"event_choices":[{"damage_healed":18,"gold_gain":0,"player_choice":"Healed","damage_taken":0,"max_hp_gain":0,"max_hp_loss":0,"event_name":"The Cleric","floor":3,"gold_loss":35},{"damage_healed":0,"gold_gain":0,"player_choice":"Lose Max HP","damage_taken":0,"relics_obtained":["Golden Idol"],"max_hp_gain":0,"max_hp_loss":7,"event_name":"Golden Idol","floor":4,"gold_loss":0},{"damage_healed":0,"gold_gain":75,"player_choice":"Gather Gold","damage_taken":11,"max_hp_gain":0,"max_hp_loss":0,"event_name":"World of Goop","floor":11,"gold_loss":0},{"damage_healed":0,"gold_gain":0,"player_choice":"Ignored","damage_taken":0,"max_hp_gain":0,"max_hp_loss":0,"event_name":"Liars Game","floor":14,"gold_loss":0}],"is_beta":false,"boss_relics":[],"items_purged_floors":[2],"is_endless":false,"potions_floor_spawned":[1,10],"killed_by":"Hexaghost","ascension_level":20}