{"gold_per_floor":[111,111,76,86,1,1,26,26,26,38,68,68,101,118,118,190,190,200,250,88,88,115,115,142,142,188,216,216,216,216,232,232,310,310,320,320,320,338,349,349,349,349,402,402,363,374,404,404],"floor_reached":48,"playtime":1769,"items_purged":["Strike_B"],"score":1270,"play_id":"1b3e34b9-f5eb-4af3-91ee-1921a6e821e2","local_time":"20190415203024","is_ascension_mode":true,"campfire_choices":[{"data":"Buffer","floor":6,"key":"SMITH"},{"data":"Electrodynamics","floor":8,"key":"SMITH"},{"data":"Zap","floor":15,"key":"SMITH"},{"data":"Capacitor","floor":23,"key":"SMITH"},{"data":"Strike_B","floor":25,"key":"PURGE"},{"data":"Strike_B","floor":28,"key":"PURGE"},{"data":"Strike_B","floor":32,"key":"PURGE"},{"data":"Defend_B","floor":40,"key":"PURGE"},{"data":"Finesse","floor":42,"key":"SMITH"},{"data":"Dualcast","floor":44,"key":"PURGE"}],"neow_cost":"NONE","seed_source_timestamp":289943357824200,"circlet_count":0,"master_deck":["AscendersBane","Defend_B","Defend_B","Zap+1","Electrodynamics+1","Conserve Battery","Buffer+1","Glacier","Chill","Rip and Tear","Echo Form","FTL","Capacitor+1","White Noise+1","Gash","Ghostly","Ghostly","Ghostly","Gash+1","Core Surge","Static Discharge+1","Finesse+1","Deep Breath","Defragment","Reboot"],"relics":["Cracked Core","Anchor","Boot","DataDisk","Pen Nib","Du-Vu Doll","Sozu","Red Mask","Peace Pipe","Bag of Preparation","Bottled Tornado","Ancient Tea Set","Runic Dome","Pantograph","Orichalcum"],"potions_floor_usage":[22],"damage_taken":[{"damage":0,"enemies":"Jaw Worm","floor":1,"turns":3},{"damage":0,"enemies":"Small Slimes","floor":4,"turns":2},{"damage":0,"enemies":"Lagavulin","floor":7,"turns":7},{"damage":0,"enemies":"2 Louse","floor":10,"turns":2},{"damage":0,"enemies":"3 Sentries","floor":11,"turns":2},{"damage":0,"enemies":"Lagavulin","floor":13,"turns":7},{"damage":0,"enemies":"Large Slime","floor":14,"turns":3},{"damage":7,"enemies":"The Guardian","floor":16,"turns":11},{"damage":0,"enemies":"Chosen","floor":18,"turns":3},{"damage":8,"enemies":"Masked Bandits","floor":22,"turns":5},{"damage":13,"enemies":"Slavers","floor":24,"turns":3},{"damage":1,"enemies":"Book of Stabbing","floor":27,"turns":8},{"damage":0,"enemies":"Shell Parasite","floor":31,"turns":6},{"damage":0,"enemies":"Collector","floor":33,"turns":10},{"damage":0,"enemies":"3 Shapes","floor":35,"turns":3},{"damage":0,"enemies":"3 Darklings","floor":38,"turns":4},{"damage":14,"enemies":"Jaw Worm Horde","floor":39,"turns":5},{"damage":0,"enemies":"Maw","floor":46,"turns":7},{"damage":6,"enemies":"Nemesis","floor":47,"turns":9},{"damage":9,"enemies":"4 Shapes","floor":48,"turns":2}],"seed_played":"5484351605009284216","potions_obtained":[{"floor":1,"key":"AttackPotion"},{"floor":4,"key":"SpeedPotion"}],"is_trial":false,"path_per_floor":["M","?","?","M","$","R","E","R","T","M","E","?","E","M","R","B",null,"M","?","$","?","?","R","E","R","T","E","R","?","T","M","R","B",null,"M","?","?","M","M","R","?","R","T","R","$","M","E","M"],"character_chosen":"DEFECT","items_purchased":["Buffer","Capacitor","Defragment"],"campfire_rested":0,"item_purchase_floors":[5,20,45],"current_hp_per_floor":[64,53,70,70,70,70,70,70,70,70,70,70,70,70,70,63,69,69,69,69,69,61,61,48,48,48,47,47,35,35,35,35,35,35,35,25,25,25,11,11,11,11,11,11,11,11,5,0],"gold":404,"neow_bonus":"ONE_RANDOM_RARE_CARD","is_prod":false,"is_daily":false,"chose_seed":false,"campfire_upgraded":5,"win_rate":0,"timestamp":1555327824,"path_taken":["M","?","?","M","$","R","E","R","T","M","E","?","E","M","R","BOSS","M","?","$","?","?","R","E","R","T","E","R","?","?","?","R","BOSS","M","?","?","M","M","R","?","R","T","R","$","?","E","M"],"build_version":"2019-01-23","purchased_purges":1,"victory":false,"max_hp_per_floor":[71,71,71,71,71,71,71,71,71,71,71,71,71,71,71,71,71,71,71,71,71,71,71,71,71,71,71,71,35,35,35,35,35,35,35,35,33,33,33,33,33,33,33,33,33,33,33,33],"card_choices":[{"not_picked":["Genetic Algorithm","Barrage","Beam Cell"],"picked":"SKIP","floor":1},{"not_picked":["Streamline","Stack"],"picked":"Conserve Battery","floor":4},{"not_picked":["Gash","Turbo"],"picked":"Glacier","floor":7},{"not_picked":["Reinforced Body","Turbo"],"picked":"Chill","floor":10},{"not_picked":["Lockon","Go for the Eyes","Conserve Battery"],"picked":"SKIP","floor":11},{"not_picked":["Gash","Sweeping Beam","Melter"],"picked":"SKIP","floor":13},{"not_picked":["Genetic Algorithm","Conserve Battery","Barrage"],"picked":"SKIP","floor":14},{"not_picked":["Creative AI","Biased Cognition"],"picked":"Echo Form","floor":16},{"not_picked":["Conserve Battery","Genetic Algorithm"],"picked":"FTL","floor":18},{"not_picked":["Leap","Rebound"],"picked":"White Noise+1","floor":22},{"not_picked":["Auto Shields","Genetic Algorithm","Aggregate"],"picked":"SKIP","floor":24},{"not_picked":["Hologram","FTL","Gash"],"picked":"SKIP","floor":27},{"not_picked":["Hologram","FTL"],"picked":"Gash","floor":27},{"not_picked":["Turbo","Reinforced Body"],"picked":"Gash+1","floor":31},{"not_picked":["Electrodynamics","Hyperbeam"],"picked":"Core Surge","floor":33},{"not_picked":["Fusion","Hologram"],"picked":"Static Discharge+1","floor":35},{"not_picked":["Panache","Panacea"],"picked":"Finesse","floor":36},{"not_picked":["Chrysalis","Magnetism"],"picked":"Deep Breath","floor":36},{"not_picked":["Undo","Go for the Eyes","Compile Driver+1"],"picked":"SKIP","floor":38},{"not_picked":["Hologram","Cold Snap","Steam"],"picked":"SKIP","floor":39},{"not_picked":["Double Energy","Barrage","Sweeping Beam"],"picked":"SKIP","floor":46},{"not_picked":["Cold Snap+1","Hologram"],"picked":"Reboot","floor":47}],"player_experience":3162806,"relics_obtained":[{"floor":7,"key":"Boot"},{"floor":9,"key":"DataDisk"},{"floor":11,"key":"Pen Nib"},{"floor":13,"key":"Du-Vu Doll"},{"floor":22,"key":"Red Mask"},{"floor":24,"key":"Peace Pipe"},{"floor":26,"key":"Bag of Preparation"},{"floor":27,"key":"Bottled Tornado"},{"floor":30,"key":"Ancient Tea Set"},{"floor":47,"key":"Orichalcum"}],"event_choices":[{"damage_healed":0,"gold_gain":0,"player_choice":"Success","damage_taken":11,"relics_obtained":["Anchor"],"max_hp_gain":0,"max_hp_loss":0,"event_name":"Scrap Ooze","floor":2,"gold_loss":0},{"damage_healed":17,"gold_gain":0,"player_choice":"Healed","damage_taken":0,"max_hp_gain":0,"max_hp_loss":0,"event_name":"The Cleric","floor":3,"gold_loss":35},{"damage_healed":0,"gold_gain":0,"cards_transformed":["Defend_B"],"player_choice":"Change","damage_taken":0,"max_hp_gain":0,"max_hp_loss":0,"event_name":"Living Wall","floor":12,"gold_loss":0,"cards_obtained":["Rip and Tear"]},{"damage_healed":0,"gold_gain":50,"player_choice":"Stole From Cult","damage_taken":0,"max_hp_gain":0,"max_hp_loss":0,"event_name":"Nest","floor":19,"gold_loss":0},{"damage_healed":0,"gold_gain":0,"player_choice":"Ignored","damage_taken":0,"max_hp_gain":0,"max_hp_loss":0,"event_name":"The Mausoleum","floor":21,"gold_loss":0},{"damage_healed":0,"gold_gain":0,"player_choice":"Fought Bandits","damage_taken":0,"max_hp_gain":0,"max_hp_loss":0,"event_name":"Masked Bandits","floor":22,"gold_loss":0},{"damage_healed":0,"gold_gain":0,"player_choice":"Became a Ghost","damage_taken":0,"max_hp_gain":0,"max_hp_loss":36,"event_name":"Ghosts","floor":29,"gold_loss":0,"cards_obtained":["Ghostly","Ghostly","Ghostly"]},{"damage_healed":0,"gold_gain":0,"player_choice":"Memory 3","damage_taken":10,"max_hp_gain":0,"max_hp_loss":0,"event_name":"SensoryStone","floor":36,"gold_loss":0},{"damage_healed":0,"gold_gain":0,"player_choice":"Max HP","damage_taken":0,"max_hp_gain":0,"max_hp_loss":2,"event_name":"Winding Halls","floor":37,"gold_loss":0},{"damage_healed":0,"gold_gain":0,"player_choice":"Gave Potion","damage_taken":0,"relics_obtained":["Pantograph"],"max_hp_gain":0,"max_hp_loss":0,"event_name":"WeMeetAgain","floor":41,"gold_loss":0}],"is_beta":false,"boss_relics":[{"not_picked":["FrozenCore","Cursed Key"],"picked":"Sozu"},{"not_picked":["Empty Cage","Eternal Feather"],"picked":"Runic Dome"}],"items_purged_floors":[20],"is_endless":false,"potions_floor_spawned":[1,4,10,11,27,33,35,46],"killed_by":"4 Shapes","ascension_level":20}