{"gold_per_floor":[109,109,34,54,67,94,94,120,120,395,395,32,50,79,79,79],"floor_reached":16,"playtime":372,"items_purged":["Pain","Regret"],"score":236,"play_id":"e4e6e350-d088-4563-abe8-3e4dad307408","local_time":"20190228142354","is_ascension_mode":true,"campfire_choices":[{"data":"Sunder","floor":7,"key":"SMITH"},{"floor":11,"key":"REST"},{"data":"Defragment","floor":15,"key":"SMITH"}],"neow_cost":"NONE","seed_source_timestamp":193796163543400,"circlet_count":0,"master_deck":["AscendersBane","Strike_B","Strike_B","Strike_B","Strike_B","Defend_B","Defend_B","Defend_B","Defend_B","Zap","Dualcast","Cold Snap","Sunder+1","Beam Cell","Core Surge","Glacier+1","Defragment+1"],"relics":["Cracked Core","Strawberry","WarpedTongs","Bird Faced Urn","Mercury Hourglass","Shuriken","Toxic Egg 2","Bottled Lightning"],"potions_floor_usage":[16],"damage_taken":[{"damage":16,"enemies":"Small Slimes","floor":1,"turns":3},{"damage":0,"enemies":"Cultist","floor":4,"turns":3},{"damage":7,"enemies":"Jaw Worm","floor":5,"turns":2},{"damage":16,"enemies":"Lagavulin","floor":6,"turns":5},{"damage":6,"enemies":"Gremlin Nob","floor":8,"turns":3},{"damage":14,"enemies":"Red Slaver","floor":13,"turns":2},{"damage":10,"enemies":"3 Sentries","floor":14,"turns":5},{"damage":22,"enemies":"Hexaghost","floor":16,"turns":10}],"seed_played":"7150831421637204352","potions_obtained":[{"floor":1,"key":"Poison Potion"},{"floor":6,"key":"Ancient Potion"},{"floor":8,"key":"Swift Potion"}],"is_trial":false,"path_per_floor":["M","?","$","M","M","E","R","E","T","?","R","$","M","E","R","B"],"character_chosen":"DEFECT","items_purchased":["Toxic Egg 2"],"campfire_rested":1,"item_purchase_floors":[12],"current_hp_per_floor":[55,55,55,55,48,32,32,26,26,26,49,49,35,25,25,5],"gold":79,"neow_bonus":"RANDOM_COMMON_RELIC","is_prod":false,"is_daily":false,"chose_seed":false,"campfire_upgraded":2,"win_rate":0,"timestamp":1551331434,"path_taken":["M","?","$","?","M","E","R","E","T","?","R","$","M","E","R","BOSS"],"build_version":"2019-01-23","purchased_purges":2,"victory":false,"max_hp_per_floor":[78,78,78,78,78,78,78,78,78,78,78,78,78,78,78,78],"card_choices":[{"not_picked":["Reprogram","Sweeping Beam"],"picked":"Cold Snap","floor":1},{"not_picked":["Blizzard","Coolheaded"],"picked":"Sunder","floor":4},{"not_picked":["FTL","Undo"],"picked":"Beam Cell","floor":5},{"not_picked":["Streamline","Go for the Eyes","Turbo"],"picked":"SKIP","floor":6},{"not_picked":["Turbo","Go for the Eyes"],"picked":"Core Surge","floor":8},{"not_picked":["Coolheaded+1","Force Field+1"],"picked":"Glacier+1","floor":13},{"not_picked":["Static Discharge","Cold Snap"],"picked":"Defragment","floor":14}],"player_experience":1882216,"relics_obtained":[{"floor":6,"key":"Bird Faced Urn"},{"floor":8,"key":"Mercury Hourglass"},{"floor":9,"key":"Shuriken"},{"floor":14,"key":"Bottled Lightning"}],"event_choices":[{"damage_healed":0,"gold_gain":0,"player_choice":"Rummage","damage_taken":0,"relics_obtained":["WarpedTongs"],"max_hp_gain":0,"max_hp_loss":0,"event_name":"Accursed Blacksmith","floor":2,"gold_loss":0,"cards_obtained":["Pain"]},{"damage_healed":0,"gold_gain":275,"player_choice":"Desecrate","damage_taken":0,"max_hp_gain":0,"max_hp_loss":0,"event_name":"Golden Shrine","floor":10,"gold_loss":0,"cards_obtained":["Regret"]}],"is_beta":false,"boss_relics":[],"items_purged_floors":[3,12],"is_endless":false,"potions_floor_spawned":[1,6,8],"killed_by":"Hexaghost","ascension_level":20}