{"gold_per_floor":[116,116,116,134,134,134,166,166,192,203,216,250,269,249,249,249],"floor_reached":16,"playtime":337,"items_purged":[],"score":270,"play_id":"460f246d-2114-46dc-bdfe-5aac94ba10b8","local_time":"20190421193009","is_ascension_mode":true,"campfire_choices":[{"data":"Bash","floor":6,"key":"SMITH"},{"data":"Immolate","floor":15,"key":"SMITH"}],"neow_cost":"NONE","seed_source_timestamp":488095685121200,"circlet_count":0,"master_deck":["AscendersBane","Strike_R+1","Strike_R+1","Strike_R","Strike_R","Defend_R","Defend_R","Defend_R","Defend_R","Bash+1","Feel No Pain","Carnage","Decay","Immolate+1","Shrug It Off"],"relics":["Burning Blood","NeowsBlessing","Mummified Hand","Boot","Pantograph"],"potions_floor_usage":[16,16],"damage_taken":[{"damage":0,"enemies":"2 Louse","floor":1,"turns":1},{"damage":0,"enemies":"Jaw Worm","floor":4,"turns":1},{"damage":0,"enemies":"Gremlin Nob","floor":7,"turns":1},{"damage":9,"enemies":"Small Slimes","floor":10,"turns":3},{"damage":15,"enemies":"3 Louse","floor":11,"turns":5},{"damage":37,"enemies":"Lagavulin","floor":12,"turns":6},{"damage":7,"enemies":"Lots of Slimes","floor":13,"turns":2},{"damage":40,"enemies":"Hexaghost","floor":16,"turns":9}],"seed_played":"8677368202103943800","potions_obtained":[{"floor":1,"key":"Energy Potion"},{"floor":4,"key":"SkillPotion"},{"floor":14,"key":"PowerPotion"}],"is_trial":false,"path_per_floor":["M","?","?","M","?","R","E","?","T","M","M","E","M","?","R","B"],"character_chosen":"IRONCLAD","items_purchased":[],"campfire_rested":0,"item_purchase_floors":[],"current_hp_per_floor":[74,51,51,57,75,75,75,75,75,72,63,32,31,31,31,16],"gold":249,"neow_bonus":"THREE_ENEMY_KILL","is_prod":false,"is_daily":false,"chose_seed":false,"campfire_upgraded":2,"win_rate":0,"timestamp":1555842609,"path_taken":["M","?","?","M","?","R","E","?","T","M","M","E","?","?","R","BOSS"],"build_version":"2019-01-23","purchased_purges":0,"victory":false,"max_hp_per_floor":[75,75,75,75,75,75,75,75,75,75,75,75,75,75,75,75],"card_choices":[{"not_picked":["Fire Breathing","Pummel","Reckless Charge"],"picked":"SKIP","floor":1},{"not_picked":["Flex","Twin Strike"],"picked":"Feel No Pain","floor":4},{"not_picked":["Heavy Blade","Metallicize"],"picked":"Carnage","floor":7},{"not_picked":["Flex","Sword Boomerang","Armaments"],"picked":"SKIP","floor":10},{"not_picked":["Iron Wave","Heavy Blade","Searing Blow"],"picked":"SKIP","floor":11},{"not_picked":["Shockwave","Clash"],"picked":"Immolate","floor":12},{"not_picked":["Flex","Bloodletting"],"picked":"Shrug It Off","floor":13}],"player_experience":3282903,"relics_obtained":[{"floor":7,"key":"Mummified Hand"},{"floor":9,"key":"Boot"},{"floor":12,"key":"Pantograph"}],"event_choices":[{"damage_healed":0,"gold_gain":0,"player_choice":"Entered Light","damage_taken":23,"max_hp_gain":0,"max_hp_loss":0,"event_name":"Shining Light","floor":2,"gold_loss":0,"cards_upgraded":["Strike_R","Strike_R"]},{"cards_removed":["Strike_R"],"damage_healed":0,"gold_gain":0,"player_choice":"Forget","damage_taken":0,"max_hp_gain":0,"max_hp_loss":0,"event_name":"Living Wall","floor":3,"gold_loss":0},{"damage_healed":25,"gold_gain":0,"player_choice":"Banana","damage_taken":0,"max_hp_gain":0,"max_hp_loss":0,"event_name":"Big Fish","floor":5,"gold_loss":0},{"damage_healed":0,"gold_gain":0,"player_choice":"Cursed","damage_taken":0,"max_hp_gain":0,"max_hp_loss":0,"event_name":"Wheel of Change","floor":8,"gold_loss":0,"cards_obtained":["Decay"]},{"damage_healed":0,"gold_gain":0,"player_choice":"Bought 1 Potion","damage_taken":0,"max_hp_gain":0,"max_hp_loss":0,"event_name":"The Woman in Blue","floor":14,"gold_loss":0}],"is_beta":false,"boss_relics":[],"items_purged_floors":[],"is_endless":false,"potions_floor_spawned":[1,4,13],"killed_by":"Hexaghost","ascension_level":20}