{"path_per_floor":["M","M","?","M","?","E","$","M","T","E","R","?","M","?","R","B",null,"M","M","M","M","M","E","R","M","T","M","M","?","E","M","R"],"character_chosen":"IRONCLAD","items_purchased":["Rampage"],"gold_per_floor":[111,125,125,145,145,180,34,50,96,139,139,139,154,154,154,280,280,298,323,341,354,377,445,445,460,460,476,495,495,530,543,543],"floor_reached":33,"campfire_rested":1,"playtime":3054,"current_hp_per_floor":[72,65,58,58,40,42,42,48,48,48,48,48,51,72,72,41,72,71,47,46,42,44,27,63,44,44,23,21,21,39,52,52],"items_purged":["Defend_R"],"gold":543,"play_id":"a6f1e774-57af-44fb-b18b-2f221ff00c06","is_prod":false,"is_daily":false,"is_ascension_mode":false,"campfire_upgraded":3,"path_taken":["M","M","?","M","?","E","$","?","T","E","R","?","M","?","R","BOSS","M","M","?","M","M","E","R","M","T","M","M","?","E","M","R","BOSS"],"build_version":"2018-01-25-PROD3","purchased_purges":1,"victory":false,"master_deck":["Strike_R","Strike_R","Strike_R","Defend_R","Defend_R","Bash+1","Clash","Flex","Heavy Blade","Shrug It Off","Rampage+1","Armaments+1","Anger","Demon Form","Uppercut+1","Twin Strike+1","Shrug It Off+1","Armaments+1","Fire Breathing+1","Cleave","Sever Soul+1","Whirlwind+1","Double Tap+1","Iron Wave+1","Pommel Strike+1","Flex","Dropkick","Headbutt","Flex"],"max_hp_per_floor":[72,72,72,72,72,72,72,72,72,72,72,72,72,72,72,72,72,72,72,72,72,72,72,72,72,72,72,72,72,72,72,72],"relics":["Burning Blood","Red Skull","Meat on the Bone","Golden Idol","Dodecahedron","Regal Pillow","Bag of Marbles","Astrolabe","Tiny Chest","Bottled Flame","Lantern"],"card_choices":[{"not_picked":["Flex","Brutality"],"picked":"Clash"},{"not_picked":["Sword Boomerang","Clothesline"],"picked":"Flex"},{"not_picked":["Flex","Anger"],"picked":"Heavy Blade"},{"not_picked":["Seeing Red","True Grit"],"picked":"Shrug It Off"},{"not_picked":["Power Through","Body Slam"],"picked":"Armaments"},{"not_picked":["Armaments","True Grit"],"picked":"Pummel"},{"not_picked":["Twin Strike","Perfected Strike"],"picked":"Anger"},{"not_picked":["Brutality","Double Tap"],"picked":"Demon Form"},{"not_picked":["Anger","Feel No Pain"],"picked":"Armaments"},{"not_picked":["Body Slam","Armaments"],"picked":"Fire Breathing"},{"not_picked":["Rupture","Iron Wave"],"picked":"Cleave"},{"not_picked":["Flame Barrier","Rampage"],"picked":"Sever Soul"},{"not_picked":["Rupture","Anger"],"picked":"Whirlwind"},{"not_picked":["Flex","Armaments"],"picked":"Double Tap"},{"not_picked":["Thunderclap","Heavy Blade"],"picked":"Iron Wave"},{"not_picked":["Clash","Flex"],"picked":"Pommel Strike"},{"not_picked":["Searing Blow","Rupture"],"picked":"Flex"},{"not_picked":["Iron Wave","Corruption"],"picked":"Headbutt"},{"not_picked":["True Grit","Anger"],"picked":"Flex"}],"player_experience":21913,"potions_floor_usage":[6,10,10,18,20,21,22,27,30],"damage_taken":[{"damage":6,"enemies":"Cultist","floor":1,"turns":3},{"damage":13,"enemies":"2 Louse","floor":2,"turns":2},{"damage":6,"enemies":"Jaw Worm","floor":4,"turns":2},{"damage":16,"enemies":"Lagavulin","floor":6,"turns":4},{"damage":0,"enemies":"Large Slime","floor":8,"turns":4},{"damage":6,"enemies":"Gremlin Nob","floor":10,"turns":3},{"damage":15,"enemies":"Exordium Wildlife","floor":13,"turns":4},{"damage":49,"enemies":"Hexaghost","floor":16,"turns":6},{"damage":7,"enemies":"3 Byrds","floor":18,"turns":5},{"damage":30,"enemies":"Spheric Guardian","floor":19,"turns":4},{"damage":19,"enemies":"Centurion and Healer","floor":20,"turns":3},{"damage":22,"enemies":"Sentry and Sphere","floor":21,"turns":4},{"damage":16,"enemies":"Snecko","floor":22,"turns":4},{"damage":35,"enemies":"Book of Stabbing","floor":23,"turns":5},{"damage":25,"enemies":"Slaver and Parasite","floor":25,"turns":6},{"damage":42,"enemies":"Snake Plant","floor":27,"turns":5},{"damage":20,"enemies":"Sentry and Sphere","floor":28,"turns":4},{"damage":0,"enemies":"Slavers","floor":30,"turns":1},{"damage":5,"enemies":"Centurion and Healer","floor":31,"turns":4},{"damage":78,"enemies":"Collector","floor":33,"turns":5}],"event_choices":[{"event_name":"Scrap Ooze","player_choice":"success","floor":3,"damage_taken":7},{"event_name":"Golden Idol","player_choice":"Take Damage","floor":5,"damage_taken":0},{"event_name":"Living Wall","player_choice":"Grow","floor":12,"damage_taken":0},{"event_name":"Bonfire Elementals","player_choice":"UNCOMMON","floor":14,"damage_taken":0},{"event_name":"The Library","player_choice":"Read","floor":29,"damage_taken":0}],"boss_relics":[{"not_picked":["Lizard Tail","Calling Bell"],"picked":"Astrolabe"}],"potions_floor_spawned":[2,6,8,10,13,18,21,25,28,30],"seed_played":"-59760326251106556","killed_by":"Collector","ascension_level":0,"is_trial":false}