{"gold_per_floor":[115,69,69,88,37,37,56,56,79,79,79,98,98,129,147,147,247,247,257,281,241,259,272,289,289,289,343,343,343],"floor_reached":29,"playtime":1542,"items_purged":[],"score":326,"play_id":"80fa1cf0-4ae3-47e7-8e96-2f45e1a5d506","local_time":"20190414231535","is_ascension_mode":true,"campfire_choices":[{"data":"True Grit","floor":6,"key":"SMITH"},{"data":"True Grit","floor":8,"key":"SMITH"},{"data":"Fiend Fire","floor":13,"key":"SMITH"},{"data":"Armaments","floor":16,"key":"SMITH"},{"floor":26,"key":"REST"}],"neow_cost":"NONE","seed_source_timestamp":213681744600900,"circlet_count":0,"master_deck":["Armaments","Uppercut","Flame Barrier","Headbutt","Shockwave","Fiend Fire+1","Rage","Warcry","Armaments+1","Shrug It Off","Fire Breathing","Heavy Blade","Thunderclap","Fire Breathing","Uppercut","True Grit+1","Pummel","True Grit+1","Twin Strike","Hemokinesis","Havoc","Barricade+1","Twin Strike+1","Sever Soul+1","Clash","Ghostly Armor"],"relics":["Orrery","Omamori","NlothsMask","Pear","Lizard Tail","Molten Egg 2"],"potions_floor_usage":[17,19,23,23,23],"damage_taken":[{"damage":1,"enemies":"Small Slimes","floor":1,"turns":3},{"damage":0,"enemies":"2 Louse","floor":4,"turns":2},{"damage":0,"enemies":"Cultist","floor":7,"turns":3},{"damage":5,"enemies":"Red Slaver","floor":12,"turns":5},{"damage":29,"enemies":"3 Sentries","floor":14,"turns":8},{"damage":0,"enemies":"Blue Slaver","floor":15,"turns":3},{"damage":20,"enemies":"Slime Boss","floor":17,"turns":8},{"damage":16,"enemies":"Chosen","floor":19,"turns":5},{"damage":27,"enemies":"2 Thieves","floor":22,"turns":3},{"damage":32,"enemies":"Cultist and Chosen","floor":23,"turns":8},{"damage":59,"enemies":"Snake Plant","floor":24,"turns":6},{"damage":41,"enemies":"Gremlin Leader","floor":29,"turns":6}],"seed_played":"2112339710535457606","potions_obtained":[{"floor":4,"key":"Poison Potion"},{"floor":7,"key":"Regen Potion"},{"floor":12,"key":"SkillPotion"},{"floor":17,"key":"Energy Potion"},{"floor":22,"key":"SkillPotion"},{"floor":24,"key":"LiquidBronze"}],"is_trial":false,"path_per_floor":["M","$","?","M","$","R","M","R","T","T","?","M","R","E","M","R","B",null,"M","T","?","M","M","M","?","R","T","T","E"],"character_chosen":"IRONCLAD","items_purchased":["True Grit","True Grit"],"campfire_rested":1,"item_purchase_floors":[2,5],"current_hp_per_floor":[71,71,76,76,76,76,76,76,76,76,76,71,71,52,52,52,32,79,77,77,77,50,18,9,9,37,37,37,0],"gold":343,"neow_bonus":"BOSS_RELIC","is_prod":false,"is_daily":false,"chose_seed":false,"campfire_upgraded":4,"win_rate":0,"timestamp":1555251335,"path_taken":["M","$","?","M","$","R","M","R","T","?","M","R","E","?","R","BOSS","M","?","?","?","M","M","?","R","T","E"],"build_version":"2019-01-23","purchased_purges":0,"victory":false,"max_hp_per_floor":[80,80,85,85,85,85,85,85,85,85,85,85,85,95,95,95,95,95,95,95,95,95,95,95,95,95,95,95,95],"card_choices":[{"not_picked":["True Grit","Cleave"],"picked":"Fire Breathing","floor":0},{"not_picked":["Rampage","Thunderclap"],"picked":"Heavy Blade","floor":0},{"not_picked":["Pommel Strike","Flame Barrier"],"picked":"Thunderclap","floor":0},{"not_picked":["Sword Boomerang","Flame Barrier"],"picked":"Fire Breathing","floor":0},{"not_picked":["True Grit","Warcry"],"picked":"Anger","floor":0},{"not_picked":["Whirlwind","Rampage"],"picked":"Uppercut","floor":1},{"not_picked":["Cleave","Inflame"],"picked":"Pummel","floor":4},{"not_picked":["Impervious","Headbutt"],"picked":"Twin Strike","floor":12},{"not_picked":["Infernal Blade","Rage"],"picked":"Hemokinesis","floor":14},{"not_picked":["Inflame","Flex"],"picked":"Havoc","floor":15},{"not_picked":["Reaper","Double Tap"],"picked":"Barricade","floor":17},{"not_picked":["Burning Pact","Rupture"],"picked":"Twin Strike+1","floor":19},{"not_picked":["Infernal Blade","Rupture"],"picked":"Sever Soul+1","floor":22},{"not_picked":["Corruption","Bloodletting"],"picked":"Clash","floor":23},{"not_picked":["Headbutt","Flex"],"picked":"Ghostly Armor","floor":24}],"player_experience":3143533,"relics_obtained":[{"floor":9,"key":"Omamori"},{"floor":14,"key":"Pear"}],"event_choices":[{"damage_healed":0,"gold_gain":0,"player_choice":"Donut","damage_taken":0,"max_hp_gain":5,"max_hp_loss":0,"event_name":"Big Fish","floor":3,"gold_loss":0},{"damage_healed":0,"gold_gain":0,"player_choice":"Trade","damage_taken":0,"relics_obtained":["NlothsMask"],"max_hp_gain":0,"max_hp_loss":0,"event_name":"FaceTrader","floor":11,"gold_loss":0},{"damage_healed":0,"gold_gain":0,"player_choice":"Upgrade","damage_taken":0,"max_hp_gain":0,"max_hp_loss":0,"event_name":"Designer","floor":21,"gold_loss":40,"cards_upgraded":["Barricade"]},{"cards_removed":["Anger"],"damage_healed":0,"gold_gain":0,"player_choice":"Gave Card","damage_taken":0,"relics_obtained":["Molten Egg 2"],"max_hp_gain":0,"max_hp_loss":0,"event_name":"WeMeetAgain","floor":25,"gold_loss":0}],"is_beta":false,"boss_relics":[{"not_picked":["Eternal Feather","White Beast Statue"],"picked":"Lizard Tail"}],"items_purged_floors":[],"is_endless":false,"potions_floor_spawned":[4,7,12,17,22,24],"killed_by":"Gremlin Leader","ascension_level":7}