{"gold_per_floor":[111,141,158,158,172,172,204,204,228,228,243,243,269,344,344,421,421,440,42,74,74,74,74,102,102,148,148,175,192,192,202,202,275,275,293,293,515,527,142,171,171,171,171,171,186,186,215,215,215,215,215,215,215,36,68,68],"floor_reached":57,"playtime":3232,"items_purged":["Defend_B","Strike_B"],"score":2654,"play_id":"1c749ae9-e9f8-48ca-bf9d-84c8d4190c0d","local_time":"20190215165154","is_ascension_mode":true,"campfire_choices":[{"data":"Melter","floor":6.0,"key":"SMITH"},{"data":"Zap","floor":8.0,"key":"SMITH"},{"data":"Dualcast","floor":10.0,"key":"SMITH"},{"data":"Blizzard","floor":12.0,"key":"SMITH"},{"floor":15.0,"key":"REST"},{"floor":23,"key":"REST"},{"data":"Blizzard","floor":25,"key":"SMITH"},{"data":"Chill","floor":27,"key":"SMITH"},{"floor":32,"key":"REST"},{"floor":41,"key":"REST"},{"floor":44,"key":"RECALL"},{"data":"Turbo","floor":46,"key":"SMITH"},{"data":"Coolheaded","floor":49,"key":"SMITH"},{"data":"Echo Form","floor":53,"key":"SMITH"}],"neow_cost":"NONE","seed_source_timestamp":108630306835700,"circlet_count":0,"master_deck":["AscendersBane","Strike_B","Strike_B","Defend_B","Defend_B","Defend_B","Zap+1","Dualcast+1","Melter+1","Coolheaded","Coolheaded+1","Glacier","Blizzard+1","Chill+1","Undo+1","Echo Form+1","Blizzard+1","Self Repair+1","Turbo+1","Conserve Battery+1","Creative AI","Bandage Up+1","Purity+1","Consume+1","Chill+1","Coolheaded+1"],"special_seed":0,"relics":["Cracked Core","NeowsBlessing","Tiny Chest","Strawberry","Bag of Preparation","Torii","Philosopher\u0027s Stone","Bronze Scales","Red Mask","The Courier","PreservedInsect","Centennial Puzzle","Toxic Egg 2","Snecko Eye","Lantern","Art of War","Pantograph","Anchor","Runic Capacitor","Cables"],"potions_floor_usage":[16,29,33,48,56],"damage_taken":[{"damage":0.0,"enemies":"Jaw Worm","floor":1.0,"turns":1.0},{"damage":0.0,"enemies":"Small Slimes","floor":3.0,"turns":1.0},{"damage":0.0,"enemies":"2 Louse","floor":5.0,"turns":1.0},{"damage":10.0,"enemies":"Lagavulin","floor":7.0,"turns":7.0},{"damage":1.0,"enemies":"Exordium Wildlife","floor":11.0,"turns":3.0},{"damage":23.0,"enemies":"Gremlin Nob","floor":13.0,"turns":4.0},{"damage":30,"enemies":"Slime Boss","floor":16,"turns":12},{"damage":17,"enemies":"Chosen","floor":18,"turns":6},{"damage":0,"enemies":"Masked Bandits","floor":20,"turns":3},{"damage":14,"enemies":"Gremlin Leader","floor":24,"turns":6},{"damage":50,"enemies":"Book of Stabbing","floor":28,"turns":6},{"damage":10,"enemies":"2 Thieves","floor":29,"turns":3},{"damage":19,"enemies":"Snake Plant","floor":31,"turns":4},{"damage":43,"enemies":"Collector","floor":33,"turns":10},{"damage":22,"enemies":"Orb Walker","floor":35,"turns":4},{"damage":0,"enemies":"3 Shapes","floor":38,"turns":9},{"damage":46,"enemies":"Reptomancer","floor":40,"turns":10},{"damage":18,"enemies":"Transient","floor":45,"turns":6},{"damage":1,"enemies":"Nemesis","floor":47,"turns":7},{"damage":0,"enemies":"Writhing Mass","floor":48,"turns":6},{"damage":28,"enemies":"Time Eater","floor":50,"turns":16},{"damage":26,"enemies":"Awakened One","floor":51,"turns":13},{"damage":52,"enemies":"Shield and Spear","floor":55,"turns":11},{"damage":19,"enemies":"The Heart","floor":56,"turns":11}],"seed_played":"-8152221140434947331","potions_obtained":[{"floor":1.0,"key":"Dexterity Potion"},{"floor":3.0,"key":"Block Potion"},{"floor":11.0,"key":"Ancient Potion"},{"floor":13.0,"key":"Fire Potion"},{"floor":20,"key":"SteroidPotion"},{"floor":28,"key":"AttackPotion"},{"floor":31,"key":"SkillPotion"},{"floor":38,"key":"SmokeBomb"}],"is_trial":false,"path_per_floor":["M","?","M","?","M","R","E","R","T","R","M","R","E","?","R","B",null,"M","$","?","?","?","R","E","R","T","R","E","M","?","M","R","B",null,"M","?","?","M","$","E","R","?","T","R","M","R","E","M","R","B","B",null,"R","$","E","B",null],"character_chosen":"DEFECT","items_purchased":["Echo Form","Bronze Scales","Blizzard","Lantern","Art of War","PowerPotion","Runic Capacitor"],"campfire_rested":4,"item_purchase_floors":[19,19,19,39,39,39,54],"current_hp_per_floor":[64,64,64,57,57,57,54,54,54,54,53,53,30,19,42,12,62,45,45,45,45,23,47,53,53,53,53,13,23,23,24,48,15,66,54,44,44,60,60,40,64,64,64,64,56,56,83,83,83,77,73,81,81,81,55,83],"gold":68,"neow_bonus":"THREE_ENEMY_KILL","is_prod":false,"is_daily":false,"chose_seed":false,"campfire_upgraded":9,"win_rate":0,"timestamp":1550217114,"path_taken":["M","?","M","?","M","R","E","R","T","R","M","R","E","?","R","BOSS","M","$","?","?","?","R","E","R","T","R","E","?","?","?","R","BOSS","M","?","?","M","$","E","R","?","T","R","M","R","E","M","R","BOSS","BOSS","R","$","E","BOSS"],"build_version":"2019-01-23","purchased_purges":2,"victory":true,"max_hp_per_floor":[71,71,71,71,71,71,78,78,78,78,78,78,78,78,78,78,78,78,78,78,78,83,83,83,83,83,83,83,83,83,83,83,83,83,83,83,83,83,83,83,83,83,83,83,83,83,83,83,83,83,83,83,83,83,83,83],"card_choices":[{"not_picked":["Go for the Eyes","Redo"],"picked":"Melter","floor":1.0},{"not_picked":["Hologram","Leap"],"picked":"Coolheaded","floor":3.0},{"not_picked":["Skim","Hyperbeam"],"picked":"Coolheaded","floor":5.0},{"not_picked":["Redo","Scrape"],"picked":"Glacier","floor":7.0},{"not_picked":["Steam","Static Discharge"],"picked":"Blizzard","floor":11.0},{"not_picked":["Beam Cell","Cold Snap"],"picked":"Chill","floor":13.0},{"not_picked":["Redo","Leap+1"],"picked":"Undo+1","floor":18},{"not_picked":["Blizzard","Reinforced Body"],"picked":"Self Repair+1","floor":20},{"not_picked":["Sunder","Stack+1","Redo"],"picked":"SKIP","floor":24},{"not_picked":["Turbo","Gash","Heatsinks"],"picked":"SKIP","floor":28},{"not_picked":["Gash","Heatsinks"],"picked":"Turbo","floor":28},{"not_picked":["Thunder Strike","Lockon+1","Rebound"],"picked":"SKIP","floor":29},{"not_picked":["Streamline","Rebound"],"picked":"Conserve Battery+1","floor":31},{"not_picked":["All For One","Electrodynamics"],"picked":"Creative AI","floor":33},{"not_picked":["Leap+1","Redo+1","FTL"],"picked":"SKIP","floor":35},{"not_picked":["Swift Strike","Dramatic Entrance"],"picked":"Bandage Up+1","floor":36},{"not_picked":["Secret Technique+1","Sadistic Nature"],"picked":"Purity+1","floor":36},{"not_picked":["Rip and Tear","Fusion+1","Hologram+1"],"picked":"SKIP","floor":38},{"not_picked":["Seek+1","Cold Snap+1"],"picked":"Consume+1","floor":40},{"not_picked":["Compile Driver","White Noise+1"],"picked":"Chill+1","floor":45},{"not_picked":["Steam+1","Stack+1","Go for the Eyes+1"],"picked":"SKIP","floor":47},{"not_picked":["Cold Snap","Genetic Algorithm+1"],"picked":"Coolheaded+1","floor":55}],"player_experience":1598528,"relics_obtained":[{"floor":7.0,"key":"Strawberry"},{"floor":9.0,"key":"Bag of Preparation"},{"floor":13.0,"key":"Torii"},{"floor":20,"key":"Red Mask"},{"floor":24,"key":"The Courier"},{"floor":26,"key":"PreservedInsect"},{"floor":28,"key":"Centennial Puzzle"},{"floor":30,"key":"Toxic Egg 2"},{"floor":40,"key":"Pantograph"},{"floor":47,"key":"Anchor"},{"floor":55,"key":"Cables"}],"event_choices":[{"damage_healed":0.0,"max_hp_gain":0.0,"max_hp_loss":0.0,"gold_gain":0.0,"event_name":"Big Fish","player_choice":"Box","floor":2.0,"gold_loss":0.0,"damage_taken":0.0,"relics_obtained":["Tiny Chest"],"cards_obtained":["Regret"]},{"cards_removed":["Regret"],"damage_healed":0.0,"max_hp_gain":0.0,"max_hp_loss":0.0,"gold_gain":0.0,"event_name":"Golden Wing","player_choice":"Card Removal","floor":4.0,"gold_loss":0.0,"damage_taken":7.0},{"damage_healed":0.0,"max_hp_gain":0.0,"max_hp_loss":0.0,"gold_gain":75.0,"event_name":"World of Goop","player_choice":"Gather Gold","floor":14.0,"gold_loss":0.0,"damage_taken":11.0},{"damage_healed":0,"gold_gain":0,"player_choice":"Fought Bandits","damage_taken":0,"max_hp_gain":0,"max_hp_loss":0,"event_name":"Masked Bandits","floor":20,"gold_loss":0},{"damage_healed":0,"gold_gain":0,"player_choice":"Ignored","damage_taken":0,"max_hp_gain":0,"max_hp_loss":0,"event_name":"Beggar","floor":21,"gold_loss":0},{"damage_healed":0,"gold_gain":0,"player_choice":"Shed Blood","damage_taken":27,"max_hp_gain":5,"max_hp_loss":0,"event_name":"Forgotten Altar","floor":22,"gold_loss":0},{"damage_healed":0,"gold_gain":0,"player_choice":"Relic","damage_taken":0,"max_hp_gain":0,"max_hp_loss":0,"event_name":"Wheel of Change","floor":30,"gold_loss":0},{"damage_healed":0,"gold_gain":0,"player_choice":"Memory 3","damage_taken":10,"max_hp_gain":0,"max_hp_loss":0,"event_name":"SensoryStone","floor":36,"gold_loss":0},{"damage_healed":0,"gold_gain":222,"player_choice":"Wore Mask","damage_taken":0,"max_hp_gain":0,"max_hp_loss":0,"event_name":"Tomb of Lord Red Mask","floor":37,"gold_loss":0},{"cards_removed":["Strike_B"],"damage_healed":0,"gold_gain":0,"player_choice":"Removed Attack","damage_taken":0,"max_hp_gain":0,"max_hp_loss":0,"event_name":"Falling","floor":42,"gold_loss":0}],"is_beta":false,"boss_relics":[{"not_picked":["Pandora\u0027s Box","Nuclear Battery"],"picked":"Philosopher\u0027s Stone"},{"not_picked":["Cursed Key","Busted Crown"],"picked":"Snecko Eye"}],"items_purged_floors":[19,39],"is_endless":false,"potions_floor_spawned":[1,3,11,13,20,28,31,38,45,48],"ascension_level":20}