{"path_per_floor":["M","?","?","M","?","R","E","M","T","E","$","?","M","M","R","B",null,"M"],"character_chosen":"IRONCLAD","items_purchased":["Unceasing Top","Purity"],"gold_per_floor":[362,537,487,505,505,505,540,553,553,586,116,116,127,146,146,249,249,267],"floor_reached":19,"campfire_rested":1,"playtime":1289,"current_hp_per_floor":[72,72,72,71,71,71,65,68,68,34,34,31,37,33,54,13,72,27],"items_purged":["Defend_R"],"gold":267,"score":212,"play_id":"3ca5f4f2-9a32-4ec9-9e56-e82152ca85f9","local_time":"20180303114655","is_prod":false,"is_daily":false,"is_ascension_mode":true,"campfire_upgraded":1,"timestamp":1520070415,"path_taken":["M","?","?","?","?","R","E","?","T","E","$","?","M","M","R","BOSS","M","M"],"build_version":"2018-03-01-PROD1","purchased_purges":1,"victory":false,"master_deck":["Strike_R","Strike_R","Strike_R","Strike_R","Strike_R","Defend_R","Defend_R","Defend_R","Bash+1","Carnage","Dropkick","Juggernaut","Shrug It Off","Clothesline","Purity","Warcry","Havoc","Feed","Normality"],"max_hp_per_floor":[72,72,72,72,72,72,72,72,72,72,72,72,72,72,72,72,72,72],"relics":["Burning Blood","Bird Faced Urn","Torii","Omamori","Unceasing Top","Mummified Hand","Calling Bell","Dodecahedron","Prayer Wheel","Thread and Needle"],"card_choices":[{"not_picked":["Sword Boomerang","Clash"],"picked":"Carnage"},{"not_picked":["Reckless Charge","Combust"],"picked":"Dropkick"},{"not_picked":["Burning Pact","Anger"],"picked":"Juggernaut"},{"not_picked":["Rupture","Entrench"],"picked":"Shrug It Off"},{"not_picked":["Pommel Strike","Twin Strike"],"picked":"Clothesline"},{"not_picked":["Flex","Rage"],"picked":"Warcry"},{"not_picked":["Flex","Shockwave"],"picked":"Havoc"},{"not_picked":["Dark Embrace","Double Tap"],"picked":"Feed"}],"player_experience":229147,"potions_floor_usage":[7,7,7,13,14,16,18],"damage_taken":[{"damage":2,"enemies":"2 Louse","floor":1,"turns":2},{"damage":7,"enemies":"Jaw Worm","floor":4,"turns":3},{"damage":21,"enemies":"3 Sentries","floor":7,"turns":9},{"damage":5,"enemies":"Cultist","floor":8,"turns":4},{"damage":40,"enemies":"Lagavulin","floor":10,"turns":5},{"damage":0,"enemies":"Exordium Wildlife","floor":13,"turns":3},{"damage":10,"enemies":"Gremlin Gang","floor":14,"turns":5},{"damage":62,"enemies":"The Guardian","floor":16,"turns":14},{"damage":51,"enemies":"Spheric Guardian","floor":18,"turns":8},{"damage":28,"enemies":"Shell Parasite","floor":19,"turns":6}],"event_choices":[{"event_name":"Liars Game","player_choice":"agreed","floor":2,"damage_taken":0},{"event_name":"The Cleric","player_choice":"Card Removal","floor":3,"damage_taken":0},{"event_name":"The Lab","player_choice":"Got Potions","floor":5,"damage_taken":0},{"event_name":"Scrap Ooze","player_choice":"success","floor":12,"damage_taken":3}],"boss_relics":[{"not_picked":["Question Card","Philosopher\u0027s Stone"],"picked":"Calling Bell"}],"potions_floor_spawned":[8,13,14,16,18],"seed_played":"5168538421548504988","killed_by":"Shell Parasite","ascension_level":4,"is_trial":false}