{"gold_per_floor":[118,118,142,156,168,168,199,199,223,256,206,239,16,29,29,126,126,143,163,163,17,17],"floor_reached":22,"playtime":1038,"items_purged":[],"score":323,"play_id":"3b8e9814-2cd8-4b3b-b12f-e6a7fdc4ef02","local_time":"20180910093900","is_ascension_mode":true,"campfire_choices":[{"data":"Flex","floor":6,"key":"SMITH"},{"data":"Metallicize","floor":8,"key":"SMITH"},{"data":"Armaments","floor":15,"key":"SMITH"}],"neow_cost":"NONE","seed_source_timestamp":904263792442007,"circlet_count":0,"master_deck":["Strike_R","Strike_R","Strike_R","Strike_R","Strike_R","Defend_R","Defend_R","Defend_R","Bash","AscendersBane","Flex+1","Metallicize+1","Anger","Shrug It Off","Armaments+1","True Grit","Fiend Fire","Feel No Pain","Offering"],"relics":["Black Blood","NeowsBlessing","Red Skull","Meat on the Bone","Regal Pillow","Bottled Lightning","Potion Belt","Happy Flower","Bag of Marbles"],"potions_floor_usage":[10,12,19,22],"damage_taken":[{"damage":0,"enemies":"2 Louse","floor":1,"turns":1},{"damage":0,"enemies":"Cultist","floor":4,"turns":2},{"damage":0,"enemies":"Jaw Worm","floor":5,"turns":1},{"damage":26,"enemies":"Lagavulin","floor":7,"turns":6},{"damage":26,"enemies":"Gremlin Nob","floor":10,"turns":4},{"damage":19,"enemies":"Lagavulin","floor":12,"turns":6},{"damage":9,"enemies":"Red Slaver","floor":14,"turns":2},{"damage":42,"enemies":"Hexaghost","floor":16,"turns":10},{"damage":6,"enemies":"Spheric Guardian","floor":18,"turns":2},{"damage":12,"enemies":"2 Thieves","floor":19,"turns":4},{"damage":35,"enemies":"Colosseum Slavers","floor":22,"turns":4},{"damage":55,"enemies":"Colosseum Nobs","floor":22,"turns":5}],"seed_played":"3557174848998159365","potions_obtained":[{"floor":4,"key":"Swift Potion"},{"floor":10,"key":"Poison Potion"},{"floor":12,"key":"Explosive Potion"},{"floor":16,"key":"SneckoOil"}],"is_trial":false,"path_per_floor":["M","?","T","M","M","R","E","R","T","E","?","E","$","M","R","B",null,"M","M","?","$"],"character_chosen":"IRONCLAD","items_purchased":["Fiend Fire","Happy Flower","Bag of Marbles"],"campfire_rested":0,"item_purchase_floors":[13,13,21],"current_hp_per_floor":[78,78,78,80,80,80,60,60,60,52,52,51,51,48,48,24,66,70,68,68,68,0],"gold":17,"neow_bonus":"THREE_ENEMY_KILL","is_prod":false,"is_daily":false,"chose_seed":false,"campfire_upgraded":3,"win_rate":0,"timestamp":1536543540,"path_taken":["M","?","?","?","?","R","E","R","T","E","?","E","?","M","R","BOSS","M","M","?","$","?"],"build_version":"2018-09-06","purchased_purges":0,"victory":false,"max_hp_per_floor":[80,80,80,80,80,80,80,80,80,80,80,80,80,80,80,80,80,80,80,80,80,80],"card_choices":[{"not_picked":["Rupture","Pummel"],"picked":"Flex","floor":1},{"not_picked":["Clash","Power Through"],"picked":"Anger","floor":4},{"not_picked":["Pommel Strike","Warcry"],"picked":"Shrug It Off","floor":5},{"not_picked":["Body Slam","Cleave","Heavy Blade"],"picked":"SKIP","floor":7},{"not_picked":["Dual Wield","Pummel"],"picked":"Armaments","floor":10},{"not_picked":["Thunderclap","Flame Barrier"],"picked":"True Grit","floor":12},{"not_picked":["Cleave","Sword Boomerang"],"picked":"Feel No Pain","floor":14},{"not_picked":["Bludgeon","Double Tap"],"picked":"Offering","floor":16},{"not_picked":["Iron Wave","Clash","Carnage"],"picked":"SKIP","floor":18},{"not_picked":["Infernal Blade","Armaments","Seeing Red"],"picked":"SKIP","floor":19}],"player_experience":471784,"relics_obtained":[{"floor":3,"key":"Red Skull"},{"floor":7,"key":"Meat on the Bone"},{"floor":9,"key":"Regal Pillow"},{"floor":10,"key":"Bottled Lightning"},{"floor":12,"key":"Potion Belt"}],"event_choices":[{"event_name":"Match and Keep!","player_choice":"1 cards matched","floor":2,"damage_taken":0},{"event_name":"The Cleric","player_choice":"Card Removal","floor":11,"damage_taken":0},{"event_name":"Match and Keep!","player_choice":"0 cards matched","floor":20,"damage_taken":0},{"event_name":"Colosseum","player_choice":"Fight","floor":22,"damage_taken":0},{"event_name":"Colosseum","player_choice":"Fought Nobs","floor":22,"damage_taken":0}],"is_beta":true,"boss_relics":[{"not_picked":["Runic Pyramid","Lizard Tail"],"picked":"Black Blood"}],"items_purged_floors":[],"is_endless":false,"potions_floor_spawned":[4,10,12,16],"killed_by":"Colosseum Nobs","ascension_level":12}