{"gold_per_floor":[109,119,184,202,202,202,228,153,153,153],"floor_reached":10,"playtime":177,"items_purged":["Defend_B"],"score":132,"play_id":"768de9b1-207c-474f-991a-ba660e2f0111","local_time":"20190314193232","is_ascension_mode":true,"campfire_choices":[{"data":"Darkness","floor":6,"key":"SMITH"}],"neow_cost":"PERCENT_DAMAGE","seed_source_timestamp":34201411467899,"circlet_count":0,"master_deck":["AscendersBane","Strike_B","Strike_B","Strike_B","Strike_B","Defend_B","Defend_B","Defend_B","Zap","Dualcast","Core Surge","FTL","Undo","Darkness+1","Capacitor"],"relics":["Cracked Core","Ornamental Fan","Gremlin Horn","Dodecahedron"],"potions_floor_usage":[7],"damage_taken":[{"damage":0,"enemies":"Cultist","floor":1,"turns":3},{"damage":2,"enemies":"Jaw Worm","floor":2,"turns":3},{"damage":0,"enemies":"2 Louse","floor":4,"turns":2},{"damage":33,"enemies":"Gremlin Nob","floor":7,"turns":4}],"seed_played":"-3351925663355433518","potions_obtained":[{"floor":4,"key":"GamblersBrew"}],"is_trial":false,"path_per_floor":["M","M","?","M","?","R","E","$","T","R"],"character_chosen":"DEFECT","items_purchased":[],"campfire_rested":0,"item_purchase_floors":[],"current_hp_per_floor":[46,44,44,44,39,39,6,6,6,6],"gold":153,"neow_bonus":"THREE_RARE_CARDS","is_prod":false,"is_daily":false,"chose_seed":false,"campfire_upgraded":1,"win_rate":0,"timestamp":1552559552,"path_taken":["M","?","?","M","?","R","E","$","T","R"],"build_version":"2019-01-23","purchased_purges":1,"victory":false,"max_hp_per_floor":[71,71,71,71,71,71,71,71,71,71],"card_choices":[{"not_picked":["Multi-Cast","All For One"],"picked":"Core Surge","floor":0},{"not_picked":["Redo","Barrage"],"picked":"FTL","floor":1},{"not_picked":["Leap","Hologram"],"picked":"Undo","floor":2},{"not_picked":["Force Field","Beam Cell"],"picked":"Darkness","floor":4},{"not_picked":["Redo","Static Discharge"],"picked":"Capacitor","floor":7}],"player_experience":2274023,"relics_obtained":[{"floor":7,"key":"Gremlin Horn"},{"floor":9,"key":"Dodecahedron"}],"event_choices":[{"damage_healed":0,"gold_gain":65,"player_choice":"Gained Gold","damage_taken":0,"max_hp_gain":0,"max_hp_loss":0,"event_name":"Golden Wing","floor":3,"gold_loss":0},{"damage_healed":0,"gold_gain":0,"player_choice":"Success","damage_taken":5,"relics_obtained":["Ornamental Fan"],"max_hp_gain":0,"max_hp_loss":0,"event_name":"Scrap Ooze","floor":5,"gold_loss":0}],"is_beta":false,"boss_relics":[],"items_purged_floors":[8],"is_endless":false,"potions_floor_spawned":[4],"ascension_level":20}