{"gold_per_floor":[115,129,143,193,16,16,33,62,62,80,80,111,121,141,141,217,217,237,247,0,14,64,64,94,94,94,112,32,32,32,51,51,51],"floor_reached":33,"playtime":1378,"items_purged":["Defend_B"],"score":583,"play_id":"81d94738-8d2a-4fde-8188-e5554a6d16e7","local_time":"20190215151102","is_ascension_mode":true,"campfire_choices":[{"data":"Beam Cell","floor":6,"key":"SMITH"},{"data":"Loop","floor":11,"key":"SMITH"},{"floor":15,"key":"REST"},{"data":"Fission","floor":23,"key":"SMITH"},{"floor":25,"key":"REST"},{"data":"Loop","floor":32,"key":"SMITH"}],"neow_cost":"NONE","seed_source_timestamp":104557896990600,"circlet_count":0,"master_deck":["AscendersBane","Zap","Dualcast","Beam Cell+1","Glacier","Bandage Up","Lockon","Loop+1","Biased Cognition","Sweeping Beam","Loop+1","Gash","Reboot","Melter","Reprogram","Fission+1","Coolheaded","Loop","Conserve Battery","Gash","Defragment","Cold Snap"],"relics":["Cracked Core","NeowsBlessing","Lantern","Symbiotic Virus","Letter Opener","Pandora\u0027s Box","PreservedInsect","Mango","Turnip","Enchiridion"],"potions_floor_usage":[8,12,16,16,24,30,33],"damage_taken":[{"damage":0,"enemies":"Cultist","floor":1,"turns":1},{"damage":0,"enemies":"2 Louse","floor":2,"turns":1},{"damage":0,"enemies":"Small Slimes","floor":3,"turns":1},{"damage":3,"enemies":"Blue Slaver","floor":7,"turns":3},{"damage":24,"enemies":"Gremlin Nob","floor":8,"turns":4},{"damage":0,"enemies":"Large Slime","floor":10,"turns":5},{"damage":12,"enemies":"3 Sentries","floor":12,"turns":14},{"damage":29,"enemies":"Lots of Slimes","floor":13,"turns":3},{"damage":2,"enemies":"Exordium Wildlife","floor":14,"turns":3},{"damage":15,"enemies":"Slime Boss","floor":16,"turns":8},{"damage":21,"enemies":"Shell Parasite","floor":18,"turns":3},{"damage":1,"enemies":"Spheric Guardian","floor":19,"turns":3},{"damage":18,"enemies":"Shelled Parasite and Fungi","floor":21,"turns":3},{"damage":29,"enemies":"Book of Stabbing","floor":24,"turns":5},{"damage":9,"enemies":"Centurion and Healer","floor":27,"turns":3},{"damage":0,"enemies":"Snake Plant","floor":31,"turns":4},{"damage":24,"enemies":"Automaton","floor":33,"turns":10}],"seed_played":"-8412673248472124983","potions_obtained":[{"floor":3,"key":"FearPotion"},{"floor":8,"key":"SkillPotion"},{"floor":10,"key":"FocusPotion"},{"floor":14,"key":"Explosive Potion"},{"floor":18,"key":"AttackPotion"},{"floor":27,"key":"GamblersBrew"},{"floor":30,"key":"LiquidBronze"},{"floor":30,"key":"Fruit Juice"}],"is_trial":false,"path_per_floor":["M","M","M","?","$","R","M","E","T","M","R","E","M","M","R","B",null,"M","M","$","M","?","R","E","R","T","M","$","?","?","M","R","B"],"character_chosen":"DEFECT","items_purchased":["Bandage Up","PreservedInsect","Loop","Defragment"],"campfire_rested":2,"item_purchase_floors":[5,20,20,28],"current_hp_per_floor":[64,64,64,57,57,57,58,34,34,38,38,30,5,3,24,13,57,40,43,43,29,29,29,18,43,43,34,34,13,18,22,22,2],"gold":51,"neow_bonus":"THREE_ENEMY_KILL","is_prod":false,"is_daily":false,"chose_seed":false,"campfire_upgraded":4,"win_rate":0,"timestamp":1550211062,"path_taken":["M","?","M","?","$","R","M","E","T","M","R","E","?","M","R","BOSS","M","M","$","M","?","R","E","R","T","M","$","?","?","?","R","BOSS"],"build_version":"2019-01-23","purchased_purges":1,"victory":false,"max_hp_per_floor":[71,71,71,71,71,71,71,71,71,71,71,71,71,71,71,71,71,71,71,71,71,71,71,85,85,85,85,85,85,90,90,90,90],"card_choices":[{"not_picked":["Gash","Steam"],"picked":"Beam Cell","floor":1},{"not_picked":["Sweeping Beam","Hologram"],"picked":"Glacier","floor":2},{"not_picked":["Reprogram","Steam","Hologram"],"picked":"SKIP","floor":3},{"not_picked":["Double Energy","Redo"],"picked":"Lockon","floor":7},{"not_picked":["Conserve Battery","Hologram","Compile Driver"],"picked":"SKIP","floor":8},{"not_picked":["Go for the Eyes","Self Repair"],"picked":"Loop","floor":10},{"not_picked":["BootSequence","Genetic Algorithm"],"picked":"Biased Cognition","floor":12},{"not_picked":["Ball Lightning","Streamline","Redo"],"picked":"SKIP","floor":13},{"not_picked":["Ball Lightning","Auto Shields","Sweeping Beam"],"picked":"SKIP","floor":14},{"not_picked":["Barrage","Turbo"],"picked":"Coolheaded","floor":18},{"not_picked":["Streamline","Barrage","Redo"],"picked":"SKIP","floor":19},{"not_picked":["Tempest","Multi-Cast"],"picked":"Conserve Battery","floor":21},{"not_picked":["Leap","Barrage"],"picked":"Gash","floor":24},{"not_picked":["Beam Cell","Compile Driver","Ball Lightning"],"picked":"SKIP","floor":27},{"not_picked":["Go for the Eyes+1","Force Field"],"picked":"Cold Snap","floor":31}],"player_experience":1594531,"relics_obtained":[{"floor":8,"key":"Lantern"},{"floor":9,"key":"Symbiotic Virus"},{"floor":12,"key":"Letter Opener"},{"floor":24,"key":"Mango"},{"floor":26,"key":"Turnip"},{"floor":29,"key":"Enchiridion"}],"event_choices":[{"damage_healed":0,"gold_gain":50,"player_choice":"Touch","damage_taken":7,"max_hp_gain":0,"max_hp_loss":0,"event_name":"FaceTrader","floor":4,"gold_loss":0},{"damage_healed":0,"gold_gain":50,"player_choice":"Stole From Cult","damage_taken":0,"max_hp_gain":0,"max_hp_loss":0,"event_name":"Nest","floor":22,"gold_loss":0},{"damage_healed":0,"gold_gain":0,"player_choice":"Obtained Book","damage_taken":21,"max_hp_gain":0,"max_hp_loss":0,"event_name":"Cursed Tome","floor":29,"gold_loss":0},{"damage_healed":0,"gold_gain":0,"player_choice":"Got Potions","damage_taken":0,"max_hp_gain":0,"max_hp_loss":0,"event_name":"Lab","floor":30,"gold_loss":0}],"is_beta":false,"boss_relics":[{"not_picked":["Sozu","Snecko Eye"],"picked":"Pandora\u0027s Box"}],"items_purged_floors":[5],"is_endless":false,"potions_floor_spawned":[3,8,10,14,18,27],"killed_by":"Automaton","ascension_level":20}