{"gold_per_floor":[110,17,37,47,97,97,129,129,129,129,143,143,160,160],"floor_reached":14,"playtime":428,"items_purged":[],"score":176,"play_id":"73ece9b7-86ac-4693-91f7-64b9dd0c0603","local_time":"20190421130339","is_ascension_mode":true,"campfire_choices":[{"floor":6,"key":"REST"},{"floor":10,"key":"REST"},{"data":"Storm","floor":12,"key":"SMITH"}],"neow_cost":"NONE","seed_source_timestamp":848024980537295,"circlet_count":0,"master_deck":["AscendersBane","Strike_B","Strike_B","Strike_B","Strike_B","Defend_B","Defend_B","Defend_B","Defend_B","Zap","Dualcast","Streamline","Defragment","Ball Lightning","Melter","Storm+1","Buffer","Chaos","Heatsinks"],"relics":["Cracked Core","Boot","Meat on the Bone","Matryoshka"],"potions_floor_usage":[7,11],"damage_taken":[{"damage":9,"enemies":"Jaw Worm","floor":1,"turns":3},{"damage":0,"enemies":"Cultist","floor":3,"turns":3},{"damage":0,"enemies":"Small Slimes","floor":4,"turns":3},{"damage":29,"enemies":"Gremlin Nob","floor":7,"turns":4},{"damage":3,"enemies":"Looter","floor":11,"turns":3},{"damage":31,"enemies":"Exordium Wildlife","floor":13,"turns":3},{"damage":14,"enemies":"3 Louse","floor":14,"turns":2}],"seed_played":"5549679663824863975","potions_obtained":[{"floor":3,"key":"Weak Potion"},{"floor":7,"key":"Strength Potion"},{"floor":8,"key":"SkillPotion"},{"floor":8,"key":"Ancient Potion"},{"floor":11,"key":"FearPotion"}],"is_trial":false,"path_per_floor":["M","$","M","M","?","R","E","?","T","R","M","R","M","M"],"character_chosen":"DEFECT","items_purchased":["Defragment","Ball Lightning"],"campfire_rested":2,"item_purchase_floors":[2,2],"current_hp_per_floor":[55,55,55,55,55,71,42,42,42,63,60,60,41,27],"gold":160,"neow_bonus":"RANDOM_COMMON_RELIC","is_prod":false,"is_daily":false,"chose_seed":false,"campfire_upgraded":1,"win_rate":0,"timestamp":1555841019,"path_taken":["M","$","M","M","?","R","E","?","T","R","?","R","M","M"],"build_version":"2019-01-23","purchased_purges":0,"victory":false,"max_hp_per_floor":[71,71,71,71,71,71,71,71,71,71,71,71,71,71],"card_choices":[{"not_picked":["Beam Cell","Coolheaded"],"picked":"Streamline","floor":1},{"not_picked":["Cold Snap","Conserve Battery"],"picked":"Melter","floor":3},{"not_picked":["Fusion","Go for the Eyes"],"picked":"Storm","floor":4},{"not_picked":["Rebound","Sweeping Beam"],"picked":"Buffer","floor":7},{"not_picked":["Steam","Doom and Gloom"],"picked":"Chaos","floor":11},{"not_picked":["Ball Lightning","Stack"],"picked":"Heatsinks","floor":13}],"player_experience":1226479,"relics_obtained":[{"floor":7,"key":"Meat on the Bone"},{"floor":9,"key":"Matryoshka"}],"event_choices":[{"damage_healed":0,"gold_gain":50,"player_choice":"Gained Gold","damage_taken":0,"max_hp_gain":0,"max_hp_loss":0,"event_name":"Golden Wing","floor":5,"gold_loss":0},{"damage_healed":0,"gold_gain":0,"player_choice":"Got Potions","damage_taken":0,"max_hp_gain":0,"max_hp_loss":0,"event_name":"Lab","floor":8,"gold_loss":0}],"is_beta":false,"boss_relics":[],"items_purged_floors":[],"is_endless":false,"potions_floor_spawned":[3,7,11],"killed_by":"3 Louse","ascension_level":19}