{"gold_per_floor":[368,338,299,69,89,89,122,122,122,151,151,151,186,5,5,79,79,95,5,5,25,43,68,68,100,100,118,148,148,148,73,73,149,149,163,163,181,281,297,297,329,329,400,431,481,506,506,121,121,121,121,121,121,121,150,150],"floor_reached":57,"playtime":2425,"items_purged":["Strike_B","Strike_B"],"score":3301,"play_id":"c8034ec9-358f-4fc6-bfae-f425f8124a23","local_time":"20190314140152","is_ascension_mode":true,"campfire_choices":[{"data":"Defragment","floor":6,"key":"SMITH"},{"data":"Zap","floor":8,"key":"SMITH"},{"floor":11,"key":"REST"},{"data":"Barrage","floor":15,"key":"SMITH"},{"floor":24,"key":"REST"},{"data":"Blizzard","floor":29,"key":"SMITH"},{"data":"Coolheaded","floor":32,"key":"SMITH"},{"data":"Chill","floor":40,"key":"SMITH"},{"floor":42,"key":"RECALL"},{"data":"Reinforced Body","floor":49,"key":"SMITH"},{"floor":53,"key":"REST"}],"neow_cost":"PERCENT_DAMAGE","seed_source_timestamp":12093070300500,"circlet_count":0,"master_deck":["AscendersBane","Defend_B","Defend_B+1","Defend_B+1","Zap+1","Dualcast","Defragment+1","Seek+1","Conserve Battery","Barrage+1","Glacier","Self Repair","Cold Snap+1","Core Surge+1","Barrage+1","Chill+1","Defragment+1","Blizzard+1","Coolheaded+1","Genetic Algorithm+1","Turbo+1","Glacier","Glacier","Echo Form+1","Capacitor+1","Loop+1","Reinforced Body+1","Defragment+1","Reboot","Amplify"],"relics":["Cracked Core","Runic Capacitor","Pen Nib","Letter Opener","Lantern","War Paint","Empty Cage","Darkstone Periapt","Meat on the Bone","Frozen Egg 2","Red Mask","Black Star","Emotion Chip","Ornamental Fan","Thread and Needle","Singing Bowl","Sundial","Pocketwatch","StoneCalendar","Whetstone","Dodecahedron","DataDisk","Oddly Smooth Stone"],"potions_floor_usage":[7,10,13,13,28,55,56,56],"damage_taken":[{"damage":1,"enemies":"2 Louse","floor":1,"turns":3},{"damage":1,"enemies":"Cultist","floor":5,"turns":4},{"damage":8,"enemies":"Gremlin Nob","floor":7,"turns":3},{"damage":20,"enemies":"Lagavulin","floor":10,"turns":6},{"damage":30,"enemies":"Gremlin Nob","floor":13,"turns":4},{"damage":0,"enemies":"Hexaghost","floor":16,"turns":9},{"damage":8,"enemies":"Shell Parasite","floor":18,"turns":5},{"damage":18,"enemies":"2 Thieves","floor":21,"turns":5},{"damage":2,"enemies":"3 Cultists","floor":22,"turns":4},{"damage":31,"enemies":"Slavers","floor":23,"turns":7},{"damage":0,"enemies":"Book of Stabbing","floor":25,"turns":5},{"damage":0,"enemies":"Centurion and Healer","floor":27,"turns":6},{"damage":1,"enemies":"Masked Bandits","floor":28,"turns":5},{"damage":0,"enemies":"Automaton","floor":33,"turns":12},{"damage":12,"enemies":"Orb Walker","floor":35,"turns":4},{"damage":7,"enemies":"3 Shapes","floor":37,"turns":10},{"damage":18,"enemies":"Mind Bloom Boss Battle","floor":38,"turns":9},{"damage":22,"enemies":"Jaw Worm Horde","floor":39,"turns":6},{"damage":0,"enemies":"Giant Head","floor":41,"turns":9},{"damage":7,"enemies":"Nemesis","floor":44,"turns":9},{"damage":7,"enemies":"2 Orb Walkers","floor":45,"turns":5},{"damage":0,"enemies":"Giant Head","floor":46,"turns":7},{"damage":0,"enemies":"Donu and Deca","floor":50,"turns":8},{"damage":34,"enemies":"Time Eater","floor":51,"turns":12},{"damage":41,"enemies":"Shield and Spear","floor":55,"turns":8},{"damage":56,"enemies":"The Heart","floor":56,"turns":9}],"seed_played":"-9159267856974067130","potions_obtained":[{"floor":1,"key":"Fire Potion"},{"floor":2,"key":"FearPotion"},{"floor":7,"key":"Poison Potion"},{"floor":10,"key":"Ancient Potion"},{"floor":25,"key":"FocusPotion"},{"floor":27,"key":"Dexterity Potion"},{"floor":28,"key":"Fruit Juice"},{"floor":33,"key":"Weak Potion"},{"floor":35,"key":"GamblersBrew"},{"floor":45,"key":"Swift Potion"},{"floor":55,"key":"PowerPotion"}],"is_trial":false,"path_per_floor":["M","?","$","$","M","R","E","R","T","E","R","?","E","$","R","B",null,"M","$","?","M","M","E","R","E","T","M","?","R","?","$","R","B",null,"M","?","M","?","M","R","E","R","T","E","?","E","?","$","R","B","B",null,"R","$","E","B",null],"character_chosen":"DEFECT","items_purchased":["Defragment","Runic Capacitor","Glacier","Self Repair","Cold Snap","Chill","Dodecahedron"],"campfire_rested":3,"item_purchase_floors":[3,4,14,14,14,19,48],"current_hp_per_floor":[45,45,45,45,44,44,36,36,36,16,37,37,7,7,7,14,57,56,56,56,38,43,19,40,40,40,47,58,58,58,58,58,65,73,75,75,76,72,64,64,76,76,76,78,80,80,76,76,76,76,49,69,76,76,61,24],"gold":150,"neow_bonus":"TWO_FIFTY_GOLD","is_prod":false,"is_daily":false,"chose_seed":false,"campfire_upgraded":7,"win_rate":0,"timestamp":1552539712,"path_taken":["M","?","?","$","?","R","E","R","T","E","R","?","E","?","R","BOSS","M","$","?","?","M","E","R","E","T","M","?","R","?","?","R","BOSS","M","?","M","?","M","R","E","R","T","E","?","E","?","$","R","BOSS","BOSS","R","$","E","BOSS"],"build_version":"2019-01-23","purchased_purges":2,"victory":true,"max_hp_per_floor":[71,71,71,71,71,71,71,71,71,71,71,71,71,71,71,71,71,71,71,71,71,71,71,71,71,71,71,76,76,76,76,76,76,76,76,76,76,76,76,76,76,76,76,78,80,80,76,76,76,76,76,76,76,76,76,76],"card_choices":[{"not_picked":["Fusion","Beam Cell","Hologram"],"picked":"SKIP","floor":1},{"not_picked":["Compile Driver","Lockon","FTL"],"picked":"SKIP","floor":5},{"not_picked":["Steam","Scrape"],"picked":"Seek","floor":7},{"not_picked":["Thunder Strike","Steam Power"],"picked":"Conserve Battery","floor":10},{"not_picked":["Capacitor","Amplify"],"picked":"Barrage","floor":13},{"not_picked":["Creative AI","Fission"],"picked":"Core Surge","floor":16},{"not_picked":["Compile Driver","Go for the Eyes"],"picked":"Barrage+1","floor":18},{"not_picked":["Rebound","Gash"],"picked":"Blizzard","floor":21},{"not_picked":["Steam","Hologram"],"picked":"Coolheaded","floor":22},{"not_picked":["Redo","Blizzard","FTL"],"picked":"SKIP","floor":23},{"not_picked":["Stack","Sweeping Beam"],"picked":"Genetic Algorithm+1","floor":25},{"not_picked":["Ball Lightning","Cold Snap"],"picked":"Turbo+1","floor":27},{"not_picked":["Redo","Double Energy"],"picked":"Glacier","floor":28},{"not_picked":["Machine Learning+1","All For One"],"picked":"Echo Form+1","floor":33},{"not_picked":["Turbo","Sweeping Beam"],"picked":"Capacitor+1","floor":35},{"not_picked":["Hello World+1","Capacitor+1"],"picked":"Loop+1","floor":37},{"not_picked":["Go for the Eyes","Doom and Gloom"],"picked":"Reinforced Body","floor":38},{"not_picked":["Stack","Go for the Eyes","Storm+1"],"picked":"SKIP","floor":39},{"not_picked":["Steam","Hologram"],"picked":"Defragment+1","floor":41},{"not_picked":["Steam","Genetic Algorithm","Capacitor+1"],"picked":"Singing Bowl","floor":44},{"not_picked":["Cold Snap+1","Recycle","Leap"],"picked":"Singing Bowl","floor":45},{"not_picked":["Sunder","Compile Driver"],"picked":"Reboot","floor":46},{"not_picked":["Conserve Battery","Steam"],"picked":"Amplify","floor":55}],"player_experience":2262262,"relics_obtained":[{"floor":7,"key":"Pen Nib"},{"floor":9,"key":"Letter Opener"},{"floor":10,"key":"Lantern"},{"floor":13,"key":"War Paint"},{"floor":23,"key":"Darkstone Periapt"},{"floor":25,"key":"Meat on the Bone"},{"floor":26,"key":"Frozen Egg 2"},{"floor":28,"key":"Red Mask"},{"floor":38,"key":"Emotion Chip"},{"floor":41,"key":"Ornamental Fan"},{"floor":41,"key":"Thread and Needle"},{"floor":44,"key":"Singing Bowl"},{"floor":44,"key":"Sundial"},{"floor":45,"key":"Pocketwatch"},{"floor":46,"key":"StoneCalendar"},{"floor":46,"key":"Whetstone"},{"floor":55,"key":"DataDisk"},{"floor":55,"key":"Oddly Smooth Stone"}],"event_choices":[{"damage_healed":0,"gold_gain":0,"player_choice":"Bought 2 Potions","damage_taken":0,"max_hp_gain":0,"max_hp_loss":0,"event_name":"The Woman in Blue","floor":2,"gold_loss":0},{"damage_healed":0,"gold_gain":0,"player_choice":"Upgraded","damage_taken":0,"max_hp_gain":0,"max_hp_loss":0,"event_name":"Upgrade Shrine","floor":12,"gold_loss":0,"cards_upgraded":["Seek"]},{"damage_healed":0,"gold_gain":0,"player_choice":"Copied","damage_taken":0,"max_hp_gain":0,"max_hp_loss":0,"event_name":"Duplicator","floor":20,"gold_loss":0,"cards_obtained":["Defragment"]},{"damage_healed":0,"gold_gain":0,"player_choice":"Fought Bandits","damage_taken":0,"max_hp_gain":0,"max_hp_loss":0,"event_name":"Masked Bandits","floor":28,"gold_loss":0},{"damage_healed":0,"gold_gain":0,"player_choice":"Read","damage_taken":0,"max_hp_gain":0,"max_hp_loss":0,"event_name":"The Library","floor":30,"gold_loss":0,"cards_obtained":["Glacier"]},{"cards_removed":["Strike_B"],"damage_healed":0,"gold_gain":0,"player_choice":"Removed Attack","damage_taken":0,"max_hp_gain":0,"max_hp_loss":0,"event_name":"Falling","floor":36,"gold_loss":0},{"damage_healed":0,"gold_gain":0,"player_choice":"Fight","damage_taken":0,"max_hp_gain":0,"max_hp_loss":0,"event_name":"MindBloom","floor":38,"gold_loss":0},{"damage_healed":0,"gold_gain":0,"player_choice":"Fight","damage_taken":0,"max_hp_gain":0,"max_hp_loss":0,"event_name":"Mysterious Sphere","floor":45,"gold_loss":0},{"damage_healed":0,"gold_gain":0,"player_choice":"Max HP","damage_taken":0,"max_hp_gain":0,"max_hp_loss":4,"event_name":"Winding Halls","floor":47,"gold_loss":0}],"is_beta":false,"boss_relics":[{"not_picked":["Velvet Choker","Lizard Tail"],"picked":"Empty Cage"},{"not_picked":["Calling Bell","White Beast Statue"],"picked":"Black Star"}],"items_purged_floors":[31,48],"is_endless":false,"potions_floor_spawned":[1,7,10,25,27,28,33,35,38,39,45,55],"ascension_level":20}