{"path_per_floor":["M","M","?","M","M","E","R","$","T","M","M","?","?","M","R"],"character_chosen":"IRONCLAD","items_purchased":["Molten Egg 2"],"gold_per_floor":[113,130,205,216,234,261,261,16,16,31,42,42,217,234,234],"floor_reached":16,"campfire_rested":2,"playtime":3218,"current_hp_per_floor":[80,80,69,70,71,58,80,80,80,74,79,79,79,67,80],"items_purged":[],"gold":234,"play_id":"48796ef7-8ec0-4a26-880b-1514771dc987","is_prod":false,"is_daily":false,"is_ascension_mode":false,"campfire_upgraded":0,"path_taken":["M","M","?","M","M","E","R","$","T","M","M","?","?","M","R","BOSS"],"build_version":"2018-02-01-PROD3","purchased_purges":0,"victory":false,"master_deck":["Strike_R","Strike_R","Strike_R","Strike_R","Strike_R","Defend_R","Defend_R","Defend_R","Defend_R","Bash","Cleave","Anger","Intimidate","Cleave","Pummel","Twin Strike","Infernal Blade","Cleave+1","Doubt","Heavy Blade+1"],"max_hp_per_floor":[80,80,80,80,80,80,80,80,80,80,80,80,80,80,80],"relics":["Burning Blood","Matryoshka","Molten Egg 2","Lantern","Letter Opener"],"card_choices":[{"not_picked":["Wild Strike","Battle Trance"],"picked":"Cleave"},{"not_picked":["Thunderclap","Cleave"],"picked":"Anger"},{"not_picked":["Anger","True Grit"],"picked":"Intimidate"},{"not_picked":["Corruption","Shrug It Off"],"picked":"Cleave"},{"not_picked":["Thunderclap","Pommel Strike"],"picked":"Pummel"},{"not_picked":["Impervious","Warcry"],"picked":"Twin Strike"},{"not_picked":["Armaments","Havoc"],"picked":"Infernal Blade"},{"not_picked":["Dual Wield","Headbutt"],"picked":"Cleave"},{"not_picked":["Havoc","Headbutt"],"picked":"Heavy Blade"}],"player_experience":82299,"potions_floor_usage":[5,6,16],"damage_taken":[{"damage":0,"enemies":"Small Slimes","floor":1,"turns":3},{"damage":3,"enemies":"Jaw Worm","floor":2,"turns":4},{"damage":5,"enemies":"2 Louse","floor":4,"turns":2},{"damage":5,"enemies":"Looter","floor":5,"turns":3},{"damage":19,"enemies":"Gremlin Nob","floor":6,"turns":4},{"damage":12,"enemies":"Large Slime","floor":10,"turns":3},{"damage":1,"enemies":"2 Fungi Beasts","floor":11,"turns":2},{"damage":18,"enemies":"Exordium Wildlife","floor":14,"turns":3},{"damage":81,"enemies":"The Guardian","floor":16,"turns":7}],"event_choices":[{"event_name":"World of Goop","player_choice":"Gather Gold","floor":3,"damage_taken":0},{"event_name":"The Cleric","player_choice":"Leave","floor":12,"damage_taken":0},{"event_name":"Liars Game","player_choice":"agreed","floor":13,"damage_taken":0}],"boss_relics":[],"potions_floor_spawned":[2,4,14],"seed_played":"-6184603853809558558","killed_by":"The Guardian","ascension_level":0,"is_trial":false}