{"gold_per_floor":[13,13,288,306,231,266,266,17,42,62,62,72,72,72,84,168,180,211,223,235,69,69,69,69,69,69,69,115,115,125,175,175,249,249,269,319,319,332,349,378,378,389,442,472,492,518,564,564,564,564,564,564,564,162,189,189],"floor_reached":57,"playtime":2464,"items_purged":["Regret","Bash","Strike_R+1"],"score":2814,"play_id":"d9a5f7f7-7860-4d6a-aac2-877b1f89977a","local_time":"20190409132850","is_ascension_mode":true,"campfire_choices":[{"data":"Uppercut","floor":7.0,"key":"SMITH"},{"data":"Armaments","floor":11.0,"key":"SMITH"},{"data":"Entrench","floor":13.0,"key":"SMITH"},{"floor":15.0,"key":"REST"},{"data":"True Grit","floor":23.0,"key":"SMITH"},{"data":"Ghostly","floor":25.0,"key":"SMITH"},{"data":"Ghostly","floor":27.0,"key":"SMITH"},{"data":"Ghostly","floor":29.0,"key":"SMITH"},{"data":"Shrug It Off","floor":32.0,"key":"SMITH"},{"floor":41.0,"key":"RECALL"},{"data":"Barricade","floor":49,"key":"SMITH"},{"data":"Evolve","floor":53,"key":"SMITH"}],"neow_cost":"NO_GOLD","seed_source_timestamp":212013986157300,"circlet_count":0,"master_deck":["AscendersBane","Defend_R","Defend_R","Defend_R","Uppercut+1","Rampage+1","Seeing Red","Armaments+1","Entrench+1","Feed","Feed","Impervious","Body Slam","True Grit+1","Shrug It Off+1","Ghostly+1","Ghostly+1","Ghostly+1","Barricade+1","Dark Shackles","Evolve+1","Entrench+1"],"special_seed":0,"relics":["Burning Blood","Gremlin Horn","Strawberry","Whetstone","MawBank","Sozu","Mummified Hand","Juzu Bracelet","Orrery","Bag of Marbles","Centennial Puzzle","Unceasing Top","Sundial","Blue Candle"],"potions_floor_usage":[],"damage_taken":[{"damage":19.0,"enemies":"Jaw Worm","floor":1.0,"turns":3.0},{"damage":3.0,"enemies":"2 Louse","floor":4.0,"turns":3.0},{"damage":66.0,"enemies":"Lagavulin","floor":6.0,"turns":8.0},{"damage":1.0,"enemies":"Cultist","floor":10.0,"turns":3.0},{"damage":1.0,"enemies":"2 Fungi Beasts","floor":12.0,"turns":3.0},{"damage":29.0,"enemies":"The Guardian","floor":16.0,"turns":15.0},{"damage":17.0,"enemies":"Chosen","floor":18.0,"turns":6.0},{"damage":12.0,"enemies":"Shell Parasite","floor":30.0,"turns":6.0},{"damage":25.0,"enemies":"Champ","floor":33.0,"turns":17.0},{"damage":1.0,"enemies":"3 Darklings","floor":35.0,"turns":10.0},{"damage":3.0,"enemies":"3 Shapes","floor":38.0,"turns":7.0},{"damage":11.0,"enemies":"Sphere and 2 Shapes","floor":39.0,"turns":6.0},{"damage":1.0,"enemies":"Nemesis","floor":40.0,"turns":11.0},{"damage":3.0,"enemies":"Writhing Mass","floor":42.0,"turns":9.0},{"damage":22.0,"enemies":"Reptomancer","floor":44.0,"turns":6.0},{"damage":0.0,"enemies":"Jaw Worm Horde","floor":45.0,"turns":10.0},{"damage":1.0,"enemies":"Giant Head","floor":46.0,"turns":8.0},{"damage":24,"enemies":"2 Orb Walkers","floor":47,"turns":14},{"damage":0,"enemies":"Time Eater","floor":50,"turns":20},{"damage":21,"enemies":"Donu and Deca","floor":51,"turns":12},{"damage":1,"enemies":"Shield and Spear","floor":55,"turns":11},{"damage":51,"enemies":"The Heart","floor":56,"turns":12}],"seed_played":"-1609925619734788458","potions_obtained":[{"floor":4.0,"key":"GamblersBrew"},{"floor":16.0,"key":"Ancient Potion"}],"is_trial":false,"path_per_floor":["M","?","?","M","?","E","R","$","T","M","R","M","R","?","R","B",null,"M","?","?","$","?","R","?","R","T","R","T","R","M","?","R","B",null,"M","?","?","M","M","E","R","M","T","E","M","E","?","?","R","B","B",null,"R","$","E","B",null],"character_chosen":"IRONCLAD","items_purchased":["Rampage","Seeing Red","Armaments","Body Slam","True Grit","Sundial"],"campfire_rested":1,"item_purchase_floors":[8,8,8,21,21,54],"current_hp_per_floor":[55,75,75,75,75,22,22,22,22,27,27,32,32,6,30,7,63,55,55,55,55,55,55,42,42,42,42,42,42,40,40,40,21,40,49,44,39,46,45,54,54,60,60,44,57,65,51,51,51,61,50,78,78,78,87,42],"gold":189,"neow_bonus":"REMOVE_TWO","is_prod":false,"is_daily":false,"chose_seed":false,"campfire_upgraded":10,"win_rate":0,"timestamp":1554784130,"path_taken":["M","?","?","?","?","E","R","$","T","?","R","M","R","?","R","BOSS","M","?","?","$","?","R","?","R","T","R","?","R","M","?","R","BOSS","M","?","?","M","M","E","R","M","T","E","M","E","?","?","R","BOSS","BOSS","R","$","E","BOSS"],"build_version":"2019-01-23","purchased_purges":3,"victory":true,"max_hp_per_floor":[75,75,75,75,75,82,82,82,82,82,82,82,82,82,82,82,82,85,85,85,85,85,85,42,42,42,42,42,42,46,46,46,46,46,50,50,50,54,58,62,62,65,65,65,72,75,79,79,79,83,87,87,87,87,91,91],"card_choices":[{"not_picked":["True Grit","Anger"],"picked":"Uppercut","floor":1.0},{"not_picked":["Wild Strike","Clothesline","Pommel Strike"],"picked":"SKIP","floor":4.0},{"not_picked":["Twin Strike","Thunderclap","Cleave"],"picked":"SKIP","floor":6.0},{"not_picked":["Dropkick","Perfected Strike"],"picked":"Entrench","floor":10.0},{"not_picked":["Headbutt","Sentinel","Iron Wave"],"picked":"SKIP","floor":12.0},{"not_picked":["Reaper","Double Tap"],"picked":"Feed","floor":16.0},{"not_picked":["Pummel","Perfected Strike","Twin Strike"],"picked":"SKIP","floor":18.0},{"not_picked":["Thunderclap+1","Combust","Anger+1"],"picked":"SKIP","floor":30.0},{"not_picked":["Reaper","Impervious"],"picked":"Barricade","floor":33.0},{"not_picked":["Wild Strike","Power Through+1","Reckless Charge"],"picked":"SKIP","floor":35.0},{"not_picked":["Blind","Mind Blast"],"picked":"Dark Shackles","floor":37.0},{"not_picked":["Cleave+1","Ghostly Armor","Flex+1"],"picked":"SKIP","floor":38.0},{"not_picked":["Cleave+1","Ghostly Armor","Flex+1"],"picked":"SKIP","floor":38.0},{"not_picked":["Clothesline+1","Perfected Strike"],"picked":"Evolve","floor":39.0},{"not_picked":["Hemokinesis+1","Sever Soul+1"],"picked":"Entrench+1","floor":40.0},{"not_picked":["Berserk","Power Through","Clothesline"],"picked":"SKIP","floor":42.0},{"not_picked":["Combust+1","Flex","Searing Blow"],"picked":"SKIP","floor":44.0},{"not_picked":["Pommel Strike","Infernal Blade","Burning Pact"],"picked":"SKIP","floor":45.0},{"not_picked":["Flame Barrier+1","Thunderclap","Spot Weakness+1"],"picked":"SKIP","floor":46.0},{"not_picked":["Carnage","Rage+1","Searing Blow+1"],"picked":"SKIP","floor":55}],"player_experience":3002455,"relics_obtained":[{"floor":6.0,"key":"Strawberry"},{"floor":9.0,"key":"Whetstone"},{"floor":26.0,"key":"Mummified Hand"},{"floor":28.0,"key":"Juzu Bracelet"},{"floor":40.0,"key":"Bag of Marbles"},{"floor":46.0,"key":"Centennial Puzzle"},{"floor":47,"key":"Unceasing Top"},{"floor":55,"key":"Blue Candle"}],"event_choices":[{"damage_healed":25.0,"max_hp_gain":0.0,"max_hp_loss":0.0,"gold_gain":0.0,"event_name":"Big Fish","player_choice":"Banana","floor":2.0,"gold_loss":0.0,"damage_taken":0.0},{"damage_healed":0.0,"max_hp_gain":0.0,"max_hp_loss":0.0,"gold_gain":275.0,"event_name":"Golden Shrine","player_choice":"Desecrate","floor":3.0,"gold_loss":0.0,"damage_taken":0.0,"cards_obtained":["Regret"]},{"damage_healed":0.0,"max_hp_gain":0.0,"max_hp_loss":0.0,"gold_gain":0.0,"event_name":"WeMeetAgain","player_choice":"Paid Gold","floor":5.0,"gold_loss":75.0,"damage_taken":0.0,"relics_obtained":["Gremlin Horn"]},{"damage_healed":0.0,"max_hp_gain":0.0,"max_hp_loss":0.0,"gold_gain":0.0,"event_name":"Scrap Ooze","player_choice":"Success","floor":14.0,"gold_loss":0.0,"damage_taken":26.0,"relics_obtained":["MawBank"]},{"cards_removed":["Strike_R"],"damage_healed":0.0,"max_hp_gain":0.0,"max_hp_loss":0.0,"gold_gain":0.0,"event_name":"Back to Basics","player_choice":"Elegance","floor":19.0,"gold_loss":0.0,"damage_taken":0.0},{"damage_healed":0.0,"max_hp_gain":0.0,"max_hp_loss":0.0,"gold_gain":0.0,"cards_transformed":["Strike_R","Defend_R"],"event_name":"Drug Dealer","player_choice":"Became Test Subject","floor":20.0,"gold_loss":0.0,"damage_taken":0.0,"cards_obtained":["Feed","Impervious"]},{"damage_healed":0.0,"max_hp_gain":0.0,"max_hp_loss":0.0,"gold_gain":0.0,"event_name":"The Library","player_choice":"Read","floor":22.0,"gold_loss":0.0,"damage_taken":0.0,"cards_obtained":["Shrug It Off"]},{"damage_healed":0.0,"max_hp_gain":0.0,"max_hp_loss":43.0,"gold_gain":0.0,"event_name":"Ghosts","player_choice":"Became a Ghost","floor":24.0,"gold_loss":0.0,"damage_taken":0.0,"cards_obtained":["Ghostly","Ghostly","Ghostly"]},{"damage_healed":0.0,"max_hp_gain":0.0,"max_hp_loss":0.0,"gold_gain":50.0,"event_name":"Nest","player_choice":"Stole From Cult","floor":31.0,"gold_loss":0.0,"damage_taken":0.0},{"damage_healed":0.0,"max_hp_gain":0.0,"max_hp_loss":0.0,"gold_gain":50.0,"event_name":"FaceTrader","player_choice":"Touch","floor":36.0,"gold_loss":0.0,"damage_taken":5.0},{"damage_healed":0.0,"max_hp_gain":0.0,"max_hp_loss":0.0,"gold_gain":0.0,"event_name":"SensoryStone","player_choice":"Memory 2","floor":37.0,"gold_loss":0.0,"damage_taken":5.0},{"damage_healed":0,"gold_gain":0,"player_choice":"Fight","damage_taken":0,"max_hp_gain":0,"max_hp_loss":0,"event_name":"Mysterious Sphere","floor":47,"gold_loss":0},{"damage_healed":0,"gold_gain":0,"player_choice":"Ignored","damage_taken":0,"max_hp_gain":0,"max_hp_loss":0,"event_name":"Tomb of Lord Red Mask","floor":48,"gold_loss":0}],"is_beta":false,"boss_relics":[{"not_picked":["Black Star","Eternal Feather"],"picked":"Sozu"},{"not_picked":["Mark of Pain","Cursed Key"],"picked":"Orrery"}],"items_purged_floors":[8,21,54],"is_endless":false,"potions_floor_spawned":[4,16,33,38,39,40,44],"ascension_level":20}