{"gold_per_floor":[110,110,120,45,62,62,88,100,100,100,149,180,200,219,219,294,294,309,359,359,373,386,421,421,246,246,277,290,290],"floor_reached":29,"playtime":740,"items_purged":["Pain","Strike_B"],"score":546,"play_id":"cd6b275f-c00e-4635-9302-87ba67f34fca","local_time":"20190322195102","is_ascension_mode":true,"campfire_choices":[{"data":"Barrage","floor":6,"key":"SMITH"},{"data":"Chaos","floor":10,"key":"SMITH"},{"data":"Darkness","floor":15,"key":"SMITH"},{"data":"Creative AI","floor":24,"key":"SMITH"}],"neow_cost":"NONE","seed_source_timestamp":263278350834400,"circlet_count":0,"master_deck":["AscendersBane","Strike_B","Strike_B","Strike_B","Defend_B","Zap","Dualcast","Barrage+1","Beam Cell","Chaos+1","Darkness+1","Creative AI+1","Coolheaded","Cold Snap","Biased Cognition","Hello World+1","Melter+1","Electrodynamics+1","Hologram+1","Cold Snap","Coolheaded+1","Defragment","Biased Cognition","Cold Snap"],"relics":["Cracked Core","NeowsBlessing","WarpedTongs","Ornamental Fan","Blue Candle","Orichalcum","Odd Mushroom","Astrolabe","Nloth\u0027s Gift","Cables","Mercury Hourglass","Centennial Puzzle"],"potions_floor_usage":[7,16,16,23,23],"damage_taken":[{"damage":0,"enemies":"Small Slimes","floor":1,"turns":1},{"damage":0,"enemies":"Cultist","floor":3,"turns":1},{"damage":0,"enemies":"2 Louse","floor":5,"turns":1},{"damage":9,"enemies":"Lagavulin","floor":7,"turns":6},{"damage":2,"enemies":"Looter","floor":8,"turns":3},{"damage":6,"enemies":"Gremlin Nob","floor":12,"turns":3},{"damage":13,"enemies":"The Mushroom Lair","floor":13,"turns":3},{"damage":2,"enemies":"3 Louse","floor":14,"turns":3},{"damage":12,"enemies":"Slime Boss","floor":16,"turns":7},{"damage":2,"enemies":"Chosen","floor":18,"turns":4},{"damage":11,"enemies":"Spheric Guardian","floor":21,"turns":4},{"damage":6,"enemies":"3 Cultists","floor":22,"turns":4},{"damage":13,"enemies":"Book of Stabbing","floor":23,"turns":4},{"damage":12,"enemies":"Gremlin Leader","floor":27,"turns":5},{"damage":16,"enemies":"Snake Plant","floor":28,"turns":2},{"damage":0,"enemies":"Slavers","floor":29,"turns":1}],"seed_played":"-5393389208958402213","potions_obtained":[{"floor":1,"key":"SteroidPotion"},{"floor":8,"key":"FearPotion"},{"floor":13,"key":"SmokeBomb"},{"floor":14,"key":"Swift Potion"},{"floor":16,"key":"SteroidPotion"},{"floor":21,"key":"GamblersBrew"},{"floor":28,"key":"Weak Potion"}],"is_trial":false,"path_per_floor":["M","?","M","$","M","R","E","M","T","R","T","E","?","M","R","B",null,"M","?","?","M","M","E","R","$","T","E","M","E"],"character_chosen":"DEFECT","items_purchased":["Defragment"],"campfire_rested":0,"item_purchase_floors":[25],"current_hp_per_floor":[64,64,64,64,64,64,55,53,53,53,53,57,44,42,42,30,68,66,66,66,55,49,36,36,36,36,24,8,8],"gold":290,"neow_bonus":"THREE_ENEMY_KILL","is_prod":false,"is_daily":false,"chose_seed":false,"campfire_upgraded":4,"win_rate":0,"timestamp":1553251862,"path_taken":["M","?","?","$","M","R","E","M","T","R","?","E","?","M","R","BOSS","M","?","?","?","M","E","R","$","T","E","?","E"],"build_version":"2019-01-23","purchased_purges":2,"victory":false,"max_hp_per_floor":[71,71,71,71,71,71,71,71,71,71,71,81,81,81,81,81,81,81,81,81,81,81,81,81,81,81,81,81,81],"card_choices":[{"not_picked":["Steam Power","Conserve Battery"],"picked":"Barrage","floor":1},{"not_picked":["Rebound","Blizzard","Multi-Cast"],"picked":"SKIP","floor":3},{"not_picked":["Compile Driver","Lockon"],"picked":"Beam Cell","floor":5},{"not_picked":["Leap","Rebound"],"picked":"Chaos","floor":7},{"not_picked":["Coolheaded","Fusion"],"picked":"Darkness","floor":8},{"not_picked":["Turbo","Hologram"],"picked":"Creative AI","floor":12},{"not_picked":["Redo","Turbo"],"picked":"Coolheaded","floor":13},{"not_picked":["Ball Lightning","Coolheaded"],"picked":"Cold Snap","floor":14},{"not_picked":["Machine Learning","Reboot"],"picked":"Biased Cognition","floor":16},{"not_picked":["Beam Cell","Gash"],"picked":"Hologram+1","floor":18},{"not_picked":["Lockon","Barrage+1"],"picked":"Cold Snap","floor":21},{"not_picked":["Barrage","Static Discharge"],"picked":"Coolheaded+1","floor":22},{"not_picked":["Auto Shields","Chaos","Go for the Eyes"],"picked":"SKIP","floor":23},{"not_picked":["Rainbow","Sweeping Beam"],"picked":"Biased Cognition","floor":27},{"not_picked":["Compile Driver","Streamline"],"picked":"Cold Snap","floor":28}],"player_experience":2476411,"relics_obtained":[{"floor":7,"key":"Ornamental Fan"},{"floor":9,"key":"Blue Candle"},{"floor":11,"key":"Orichalcum"},{"floor":12,"key":"Pear"},{"floor":13,"key":"Odd Mushroom"},{"floor":23,"key":"Cables"},{"floor":26,"key":"Mercury Hourglass"},{"floor":27,"key":"Centennial Puzzle"}],"event_choices":[{"damage_healed":0,"gold_gain":0,"player_choice":"Rummage","damage_taken":0,"relics_obtained":["WarpedTongs"],"max_hp_gain":0,"max_hp_loss":0,"event_name":"Accursed Blacksmith","floor":2,"gold_loss":0,"cards_obtained":["Pain"]},{"damage_healed":0,"gold_gain":0,"player_choice":"Fought Mushrooms","damage_taken":0,"max_hp_gain":0,"max_hp_loss":0,"event_name":"Mushrooms","floor":13,"gold_loss":0},{"damage_healed":0,"gold_gain":50,"player_choice":"Stole From Cult","damage_taken":0,"max_hp_gain":0,"max_hp_loss":0,"event_name":"Nest","floor":19,"gold_loss":0},{"damage_healed":0,"gold_gain":0,"player_choice":"Traded Relic","damage_taken":0,"relics_obtained":["Nloth\u0027s Gift"],"max_hp_gain":0,"max_hp_loss":0,"event_name":"N\u0027loth","floor":20,"relics_lost":["Pear"],"gold_loss":0}],"is_beta":false,"boss_relics":[{"not_picked":["Tiny House","Fusion Hammer"],"picked":"Astrolabe"}],"items_purged_floors":[4,25],"is_endless":false,"potions_floor_spawned":[1,8,13,14,16,21,28],"killed_by":"Slavers","ascension_level":20}