{"gold_per_floor":[112,131,131,151,97,97,115,129,129,155,155,166,193,204,204,281,281,300,300,317,330,330,330,330],"floor_reached":24,"playtime":767,"items_purged":[],"score":420,"play_id":"7accbe58-333b-4df0-8777-8365a5374f36","local_time":"20190419133923","is_ascension_mode":true,"campfire_choices":[{"data":"Zap","floor":6,"key":"SMITH"},{"data":"Doom and Gloom","floor":11,"key":"SMITH"},{"data":"Creative AI","floor":15,"key":"SMITH"},{"floor":23,"key":"REST"}],"neow_cost":"NONE","seed_source_timestamp":293823729887500,"circlet_count":0,"master_deck":["AscendersBane","Strike_B","Strike_B","Defend_B","Defend_B","Defend_B","Defend_B","Zap+1","Dualcast","Chill","Doom and Gloom+1","Cold Snap","White Noise","Creative AI+1","Glacier","Electrodynamics","Melter","Rebound","Streamline","Fission","Recycle","Decay"],"relics":["Cracked Core","Blood Vial","Boot","Du-Vu Doll","Art of War","Nuclear Battery"],"potions_floor_usage":[10,16,16],"damage_taken":[{"damage":0,"enemies":"Cultist","floor":1,"turns":3},{"damage":4,"enemies":"Small Slimes","floor":2,"turns":3},{"damage":3,"enemies":"2 Louse","floor":4,"turns":2},{"damage":15,"enemies":"Exordium Wildlife","floor":7,"turns":7},{"damage":12,"enemies":"Large Slime","floor":8,"turns":6},{"damage":11,"enemies":"3 Sentries","floor":10,"turns":7},{"damage":5,"enemies":"2 Fungi Beasts","floor":12,"turns":3},{"damage":6,"enemies":"Gremlin Nob","floor":13,"turns":3},{"damage":0,"enemies":"Gremlin Gang","floor":14,"turns":2},{"damage":9,"enemies":"The Guardian","floor":16,"turns":11},{"damage":0,"enemies":"3 Byrds","floor":18,"turns":2},{"damage":14,"enemies":"Chosen","floor":20,"turns":5},{"damage":42,"enemies":"Shelled Parasite and Fungi","floor":21,"turns":3},{"damage":12,"enemies":"Book of Stabbing","floor":24,"turns":3}],"seed_played":"-5466989158272776838","potions_obtained":[{"floor":2,"key":"Dexterity Potion"},{"floor":4,"key":"Swift Potion"},{"floor":13,"key":"EssenceOfSteel"}],"is_trial":false,"path_per_floor":["M","M","?","M","$","R","M","M","T","E","R","M","E","M","R","B",null,"M","?","M","M","?","R","E"],"character_chosen":"DEFECT","items_purchased":["Fire Potion"],"campfire_rested":1,"item_purchase_floors":[5],"current_hp_per_floor":[66,64,64,63,63,63,50,40,40,31,31,28,24,26,26,19,58,60,60,48,8,8,29,19],"gold":330,"neow_bonus":"RANDOM_COMMON_RELIC","is_prod":false,"is_daily":false,"chose_seed":false,"campfire_upgraded":3,"win_rate":0,"timestamp":1555648763,"path_taken":["M","?","?","M","$","R","M","?","T","E","R","M","E","M","R","BOSS","M","?","M","M","?","R","E"],"build_version":"2019-01-23","purchased_purges":0,"victory":false,"max_hp_per_floor":[71,71,71,71,71,71,71,71,71,71,71,71,71,71,71,71,71,71,71,71,71,71,71,71],"card_choices":[{"not_picked":["Turbo","Rip and Tear"],"picked":"Loop","floor":1},{"not_picked":["Go for the Eyes","Gash","Rebound"],"picked":"SKIP","floor":2},{"not_picked":["Heatsinks","White Noise"],"picked":"Chill","floor":4},{"not_picked":["Stack","Capacitor"],"picked":"Doom and Gloom","floor":7},{"not_picked":["Gash","Reinforced Body"],"picked":"Cold Snap","floor":8},{"not_picked":["Stack","Beam Cell"],"picked":"White Noise","floor":10},{"not_picked":["Leap","Machine Learning","Streamline"],"picked":"SKIP","floor":12},{"not_picked":["Leap","Hologram"],"picked":"Creative AI","floor":13},{"not_picked":["Doom and Gloom","Chaos"],"picked":"Glacier","floor":14},{"not_picked":["Core Surge","Creative AI"],"picked":"Electrodynamics","floor":16},{"not_picked":["Undo","Redo"],"picked":"Melter","floor":18},{"not_picked":["Gash+1","Beam Cell"],"picked":"Fission","floor":20},{"not_picked":["Rebound","Coolheaded"],"picked":"Recycle","floor":21}],"player_experience":3224718,"relics_obtained":[{"floor":10,"key":"Du-Vu Doll"},{"floor":13,"key":"Art of War"}],"event_choices":[{"cards_removed":["Loop"],"damage_healed":0,"gold_gain":0,"player_choice":"Gave Card","damage_taken":0,"relics_obtained":["Boot"],"max_hp_gain":0,"max_hp_loss":0,"event_name":"WeMeetAgain","floor":3,"gold_loss":0},{"damage_healed":0,"gold_gain":0,"cards_transformed":["Strike_B","Strike_B"],"player_choice":"Became Test Subject","damage_taken":0,"max_hp_gain":0,"max_hp_loss":0,"event_name":"Drug Dealer","floor":19,"gold_loss":0,"cards_obtained":["Rebound","Streamline"]},{"damage_healed":0,"gold_gain":0,"player_choice":"Smashed Altar","damage_taken":0,"max_hp_gain":0,"max_hp_loss":0,"event_name":"Forgotten Altar","floor":22,"gold_loss":0,"cards_obtained":["Decay"]}],"is_beta":false,"boss_relics":[{"not_picked":["Philosopher\u0027s Stone","Fusion Hammer"],"picked":"Nuclear Battery"}],"items_purged_floors":[],"is_endless":false,"potions_floor_spawned":[2,4,7,13,14],"killed_by":"Book of Stabbing","ascension_level":20}