{"gold_per_floor":[114,114,114,114,135,135,166,182,182,6,31,54,54,98,98,191,191,206,206,206,222,235,235,269,269,269,269,296,296,312,412,412,489,489,500,500,43,53,68,68,402,402,449,449,549,576,596,609,609,609,609,609,609,209,234,234],"floor_reached":57,"playtime":2846,"items_purged":["Strike_B"],"score":2941,"play_id":"3cc842d6-a4a1-47ad-bd75-944d327f554d","local_time":"20190322165156","is_ascension_mode":true,"campfire_choices":[{"data":"Streamline","floor":6,"key":"SMITH"},{"data":"Loop","floor":13,"key":"SMITH"},{"data":"Defragment","floor":15,"key":"SMITH"},{"data":"Seek","floor":23,"key":"SMITH"},{"data":"Chill","floor":25,"key":"SMITH"},{"floor":27,"key":"REST"},{"data":"Biased Cognition","floor":29,"key":"SMITH"},{"data":"Turbo","floor":32,"key":"SMITH"},{"data":"Defragment","floor":40,"key":"SMITH"},{"data":"Creative AI","floor":42,"key":"SMITH"},{"floor":49,"key":"RECALL"},{"floor":53,"key":"DIG"}],"neow_cost":"NONE","seed_source_timestamp":250416794471700,"circlet_count":0,"master_deck":["AscendersBane","Strike_B","Strike_B","Strike_B","Defend_B+1","Defend_B+1","Defend_B","Zap","Dualcast","Chill+1","Auto Shields","Streamline+1","Biased Cognition+1","Defragment+1","Self Repair","Loop+1","Seek+1","Echo Form","Cold Snap","Turbo+1","Darkness","Creative AI+1","Defragment+1","Chill","Coolheaded+1","Deep Breath","Heatsinks","Heatsinks","Capacitor","Capacitor"],"relics":["FrozenCore","NeowsBlessing","The Courier","Bloody Idol","War Paint","Bottled Lightning","Matryoshka","Singing Bowl","Potion Belt","Sundial","Oddly Smooth Stone","Prayer Wheel","Symbiotic Virus","Philosopher\u0027s Stone","ClockworkSouvenir","Bottled Tornado","Old Coin","Orichalcum","Centennial Puzzle","Shovel","Mummified Hand","Pantograph","Gremlin Horn"],"potions_floor_usage":[11,18,18,35,56,56,56],"damage_taken":[{"damage":0,"enemies":"Small Slimes","floor":1,"turns":1},{"damage":0,"enemies":"2 Louse","floor":5,"turns":1},{"damage":0,"enemies":"Gremlin Nob","floor":7,"turns":1},{"damage":4,"enemies":"Jaw Worm","floor":8,"turns":3},{"damage":9,"enemies":"Gremlin Gang","floor":11,"turns":5},{"damage":3,"enemies":"Looter","floor":12,"turns":2},{"damage":0,"enemies":"3 Sentries","floor":14,"turns":12},{"damage":19,"enemies":"Hexaghost","floor":16,"turns":8},{"damage":2,"enemies":"3 Byrds","floor":18,"turns":5},{"damage":0,"enemies":"Spheric Guardian","floor":21,"turns":7},{"damage":17,"enemies":"Centurion and Healer","floor":22,"turns":10},{"damage":42,"enemies":"Slavers","floor":24,"turns":7},{"damage":29,"enemies":"Book of Stabbing","floor":28,"turns":10},{"damage":0,"enemies":"Snecko","floor":30,"turns":8},{"damage":3,"enemies":"Colosseum Slavers","floor":31,"turns":7},{"damage":7,"enemies":"Colosseum Nobs","floor":31,"turns":9},{"damage":51,"enemies":"Automaton","floor":33,"turns":12},{"damage":0,"enemies":"3 Shapes","floor":35,"turns":5},{"damage":12,"enemies":"Orb Walker","floor":38,"turns":4},{"damage":11,"enemies":"Maw","floor":39,"turns":6},{"damage":14,"enemies":"Giant Head","floor":41,"turns":8},{"damage":0,"enemies":"Mind Bloom Boss Battle","floor":45,"turns":8},{"damage":12,"enemies":"Nemesis","floor":46,"turns":5},{"damage":0,"enemies":"3 Darklings","floor":47,"turns":5},{"damage":2,"enemies":"Transient","floor":48,"turns":6},{"damage":0,"enemies":"Donu and Deca","floor":50,"turns":7},{"damage":4,"enemies":"Time Eater","floor":51,"turns":7},{"damage":12,"enemies":"Shield and Spear","floor":55,"turns":5},{"damage":40,"enemies":"The Heart","floor":56,"turns":9}],"seed_played":"-268085006573666017","potions_obtained":[{"floor":7,"key":"Ancient Potion"},{"floor":11,"key":"Poison Potion"},{"floor":12,"key":"Poison Potion"},{"floor":30,"key":"EssenceOfSteel"},{"floor":31,"key":"AttackPotion"},{"floor":33,"key":"AttackPotion"},{"floor":35,"key":"Weak Potion"},{"floor":38,"key":"Strength Potion"},{"floor":47,"key":"SpeedPotion"},{"floor":48,"key":"FearPotion"}],"is_trial":false,"path_per_floor":["M","?","?","?","M","R","E","M","T","$","M","M","R","E","R","B",null,"M","?","T","M","M","R","E","R","T","R","E","R","M","?","R","B",null,"M","?","$","M","M","R","E","R","T","?","?","E","M","M","R","B","B",null,"R","$","E","B",null],"character_chosen":"DEFECT","items_purchased":["Defragment","Self Repair","Loop","ClockworkSouvenir","Bottled Tornado","Defragment","Capacitor","Capacitor","LiquidBronze","FairyPotion","Ancient Potion"],"campfire_rested":1,"item_purchase_floors":[10,10,10,37,37,37,54,54,54,54,54],"current_hp_per_floor":[64,64,46,46,46,46,46,42,42,42,40,37,37,44,44,32,56,64,64,64,64,64,64,43,43,43,62,45,45,64,66,66,34,58,70,70,70,72,76,76,76,76,76,70,82,84,86,88,88,88,88,88,88,88,90,57],"gold":234,"neow_bonus":"THREE_ENEMY_KILL","is_prod":false,"is_daily":false,"chose_seed":false,"campfire_upgraded":9,"win_rate":0,"timestamp":1553241116,"path_taken":["M","?","?","?","M","R","E","M","T","$","M","M","R","E","R","BOSS","M","?","?","M","M","R","E","R","T","R","E","R","?","?","R","BOSS","M","?","$","M","M","R","E","R","T","?","?","E","M","M","R","BOSS","BOSS","R","$","E","BOSS"],"build_version":"2019-01-23","purchased_purges":1,"victory":true,"max_hp_per_floor":[71,71,71,64,64,64,64,64,64,64,64,64,64,64,64,64,64,64,64,64,64,64,64,66,66,66,66,66,66,66,66,66,66,66,70,70,70,72,76,76,76,76,76,80,82,84,86,88,88,88,88,88,88,88,90,90],"card_choices":[{"not_picked":["Coolheaded","Chaos"],"picked":"Chill","floor":1},{"not_picked":["Ball Lightning","Beam Cell"],"picked":"Streamline","floor":5},{"not_picked":["Sweeping Beam","Rebound","Leap"],"picked":"SKIP","floor":7},{"not_picked":["Beam Cell","Barrage"],"picked":"Biased Cognition","floor":8},{"not_picked":["Gash","Self Repair","Heatsinks"],"picked":"SKIP","floor":11},{"not_picked":["Static Discharge","Steam Power","Hello World"],"picked":"SKIP","floor":12},{"not_picked":["Static Discharge","Steam Power","Hello World"],"picked":"SKIP","floor":12},{"not_picked":["Double Energy","Rebound"],"picked":"Seek","floor":14},{"not_picked":["Reboot","Biased Cognition"],"picked":"Echo Form","floor":16},{"not_picked":["Go for the Eyes","Heatsinks","Redo"],"picked":"SKIP","floor":18},{"not_picked":["Leap","Steam","Rip and Tear+1"],"picked":"SKIP","floor":21},{"not_picked":["Hello World","Streamline","Redo"],"picked":"SKIP","floor":22},{"not_picked":["Force Field","Skim+1","Chaos"],"picked":"Singing Bowl","floor":24},{"not_picked":["Melter","Static Discharge"],"picked":"Cold Snap","floor":28},{"not_picked":["Coolheaded","Stack"],"picked":"Turbo","floor":30},{"not_picked":["Compile Driver+1","Barrage"],"picked":"Darkness","floor":31},{"not_picked":["Fission","Meteor Strike"],"picked":"Creative AI","floor":33},{"not_picked":["Beam Cell","Turbo","Hologram"],"picked":"Singing Bowl","floor":35},{"not_picked":["Melter","Sweeping Beam","Stack+1"],"picked":"Singing Bowl","floor":35},{"not_picked":["Leap","Stack","Genetic Algorithm"],"picked":"Singing Bowl","floor":38},{"not_picked":["Rebound+1","Gash"],"picked":"Chill","floor":38},{"not_picked":["Streamline","Skim+1","Aggregate"],"picked":"Singing Bowl","floor":39},{"not_picked":["Turbo","Aggregate+1","Hologram"],"picked":"Singing Bowl","floor":39},{"not_picked":["Go for the Eyes+1","Compile Driver+1"],"picked":"Coolheaded+1","floor":41},{"not_picked":["Mayhem","Magnetism"],"picked":"Deep Breath","floor":44},{"not_picked":["Blind","Dark Shackles","Enlightenment"],"picked":"Singing Bowl","floor":44},{"not_picked":["Forethought","Dark Shackles","Mayhem"],"picked":"Singing Bowl","floor":44},{"not_picked":["Rip and Tear+1","Go for the Eyes","Stack"],"picked":"Singing Bowl","floor":45},{"not_picked":["Hyperbeam","Gash+1","Sweeping Beam+1"],"picked":"Singing Bowl","floor":46},{"not_picked":["Steam","Sunder+1","Consume+1"],"picked":"Singing Bowl","floor":47},{"not_picked":["Cold Snap","Gash+1"],"picked":"Heatsinks","floor":47},{"not_picked":["Sweeping Beam","Rebound","Leap+1"],"picked":"Singing Bowl","floor":48},{"not_picked":["Hologram","Multi-Cast"],"picked":"Heatsinks","floor":48},{"not_picked":["FTL","Conserve Battery+1","Auto Shields"],"picked":"Singing Bowl","floor":55}],"player_experience":2464013,"relics_obtained":[{"floor":7,"key":"War Paint"},{"floor":14,"key":"Bottled Lightning"},{"floor":20,"key":"Matryoshka"},{"floor":24,"key":"Singing Bowl"},{"floor":26,"key":"Potion Belt"},{"floor":26,"key":"Sundial"},{"floor":28,"key":"Oddly Smooth Stone"},{"floor":31,"key":"Prayer Wheel"},{"floor":31,"key":"Symbiotic Virus"},{"floor":41,"key":"Old Coin"},{"floor":43,"key":"Orichalcum"},{"floor":43,"key":"Centennial Puzzle"},{"floor":45,"key":"Shovel"},{"floor":46,"key":"Mummified Hand"},{"floor":53,"key":"Pantograph"},{"floor":55,"key":"Gremlin Horn"}],"event_choices":[{"damage_healed":0,"gold_gain":0,"cards_transformed":["Defend_B"],"player_choice":"Change","damage_taken":0,"max_hp_gain":0,"max_hp_loss":0,"event_name":"Living Wall","floor":2,"gold_loss":0,"cards_obtained":["Auto Shields"]},{"damage_healed":0,"gold_gain":0,"player_choice":"Success","damage_taken":18,"relics_obtained":["The Courier"],"max_hp_gain":0,"max_hp_loss":0,"event_name":"Scrap Ooze","floor":3,"gold_loss":0},{"damage_healed":0,"gold_gain":0,"player_choice":"Lose Max HP","damage_taken":0,"relics_obtained":["Golden Idol"],"max_hp_gain":0,"max_hp_loss":7,"event_name":"Golden Idol","floor":4,"gold_loss":0},{"damage_healed":0,"gold_gain":0,"player_choice":"Gave Idol","damage_taken":0,"relics_obtained":["Bloody Idol"],"max_hp_gain":0,"max_hp_loss":0,"event_name":"Forgotten Altar","floor":19,"relics_lost":["Golden Idol"],"gold_loss":0},{"damage_healed":0,"gold_gain":0,"player_choice":"Fight","damage_taken":0,"max_hp_gain":0,"max_hp_loss":0,"event_name":"Colosseum","floor":31,"gold_loss":0},{"damage_healed":0,"gold_gain":0,"player_choice":"Fought Nobs","damage_taken":0,"max_hp_gain":0,"max_hp_loss":0,"event_name":"Colosseum","floor":31,"gold_loss":0},{"damage_healed":0,"gold_gain":0,"player_choice":"Ignored","damage_taken":0,"max_hp_gain":0,"max_hp_loss":0,"event_name":"Tomb of Lord Red Mask","floor":36,"gold_loss":0},{"damage_healed":0,"gold_gain":0,"player_choice":"Memory 3","damage_taken":10,"max_hp_gain":0,"max_hp_loss":0,"event_name":"SensoryStone","floor":44,"gold_loss":0},{"damage_healed":0,"gold_gain":0,"player_choice":"Fight","damage_taken":0,"max_hp_gain":0,"max_hp_loss":0,"event_name":"MindBloom","floor":45,"gold_loss":0}],"is_beta":false,"boss_relics":[{"not_picked":["Black Star","Eternal Feather"],"picked":"FrozenCore"},{"not_picked":["Busted Crown","Empty Cage"],"picked":"Philosopher\u0027s Stone"}],"items_purged_floors":[54],"is_endless":false,"potions_floor_spawned":[7,11,12,30,31,31,33,35,38,47,48],"ascension_level":20}