{"gold_per_floor":[112,112,212,227,227,256,256,256,334,347,361,390,390,406,406,507,507,524,85,85,99,64,64,64,78,78,78,78,110,110,130,130,130],"floor_reached":33,"playtime":1571,"items_purged":[],"score":462,"play_id":"8f774e6f-4b16-4fda-81f6-43fe10da1006","local_time":"20180906123126","is_ascension_mode":true,"campfire_choices":[{"floor":8.0,"key":"REST"},{"floor":13,"key":"REST"},{"floor":15,"key":"REST"},{"floor":23,"key":"REST"},{"floor":27,"key":"REST"},{"floor":32,"key":"REST"}],"neow_cost":"NONE","seed_source_timestamp":1879236282720737,"circlet_count":0,"master_deck":["Strike_B+1","Strike_B+1","Strike_B+1","Strike_B+1","Defend_B+1","Defend_B+1","Defend_B+1","Defend_B+1","Zap+1","Dualcast","AscendersBane","Ball Lightning","Rebound+1","Reprogram","Hello World","Auto Shields","Self Repair","Fission","Sunder+1","Rip and Tear+1","Stack+1","Chill+1","Melter+1","Redo+1","Ball Lightning+1","White Noise+1"],"special_seed":0,"relics":["Cracked Core","Molten Egg 2","Dodecahedron","Darkstone Periapt","Inserter","Toxic Egg 2","Shuriken","Enchiridion","Mango"],"potions_floor_usage":[12,18,21,29,29],"damage_taken":[{"damage":10.0,"enemies":"2 Louse","floor":1.0,"turns":3.0},{"damage":1.0,"enemies":"Cultist","floor":4.0,"turns":3.0},{"damage":40.0,"enemies":"3 Sentries","floor":6.0,"turns":7.0},{"damage":2.0,"enemies":"Jaw Worm","floor":10.0,"turns":3.0},{"damage":8.0,"enemies":"Large Slime","floor":11.0,"turns":4.0},{"damage":15,"enemies":"Lagavulin","floor":12,"turns":5},{"damage":11,"enemies":"Blue Slaver","floor":14,"turns":3},{"damage":45,"enemies":"The Guardian","floor":16,"turns":10},{"damage":28,"enemies":"Spheric Guardian","floor":18,"turns":4},{"damage":2,"enemies":"Chosen","floor":21,"turns":4},{"damage":23,"enemies":"Snake Plant","floor":25,"turns":4},{"damage":9,"enemies":"Gremlin Leader","floor":29,"turns":9},{"damage":0,"enemies":"Sentry and Sphere","floor":31,"turns":2},{"damage":94,"enemies":"Automaton","floor":33,"turns":6}],"seed_played":"-5188793725094978821","potions_obtained":[{"floor":0.0,"key":"Explosive Potion"},{"floor":0.0,"key":"FearPotion"},{"floor":12,"key":"Ancient Potion"},{"floor":21,"key":"FearPotion"},{"floor":31,"key":"FearPotion"}],"is_trial":false,"path_per_floor":["M","?","?","M","?","E","?","R","T","M","M","E","R","M","R","B",null,"M","$","?","M","$","R","?","M","T","R","?","E","?","M","R"],"character_chosen":"DEFECT","items_purchased":["Rip and Tear+1","Toxic Egg 2","Regen Potion","Stack+1","Melter+1"],"campfire_rested":6,"item_purchase_floors":[19,19,19,19,22],"current_hp_per_floor":[58,58,58,57,75,35,35,57,57,55,47,32,54,43,65,27,63,42,42,42,59,59,75,75,59,59,75,59,71,54,54,82,0],"gold":130,"neow_bonus":"THREE_SMALL_POTIONS","is_prod":false,"is_daily":false,"chose_seed":false,"campfire_upgraded":0,"win_rate":0,"timestamp":1536226286,"path_taken":["M","?","?","M","?","E","?","R","T","M","M","E","R","M","R","BOSS","M","$","?","M","$","R","?","?","T","R","?","E","?","M","R","BOSS"],"build_version":"2018-08-30","purchased_purges":0,"victory":false,"max_hp_per_floor":[75,75,75,75,75,75,75,75,75,75,75,75,75,75,75,75,75,75,75,75,75,75,75,75,75,75,75,75,89,94,94,94,94],"card_choices":[{"not_picked":["Coolheaded","Skim"],"picked":"Ball Lightning","floor":1.0},{"not_picked":["Go for the Eyes","Recycle","Beam Cell"],"picked":"SKIP","floor":4.0},{"not_picked":["Aggregate","Beam Cell"],"picked":"Rebound","floor":6.0},{"not_picked":["Go for the Eyes+1","Turbo"],"picked":"Reprogram","floor":10.0},{"not_picked":["Fusion","Beam Cell+1"],"picked":"Hello World","floor":11.0},{"not_picked":["Tempest","Aggregate"],"picked":"Auto Shields","floor":12},{"not_picked":["Reinforced Body","Hologram"],"picked":"Self Repair","floor":14},{"not_picked":["Multi-Cast","Rainbow"],"picked":"Fission","floor":16},{"not_picked":["Reinforced Body","Turbo"],"picked":"Sunder+1","floor":18},{"not_picked":["Compile Driver+1","Beam Cell+1"],"picked":"Chill+1","floor":21},{"not_picked":["Storm","Cold Snap+1"],"picked":"Redo+1","floor":25},{"not_picked":["Stack+1","Force Field+1"],"picked":"Ball Lightning+1","floor":29},{"not_picked":["Gash+1","Coolheaded+1"],"picked":"White Noise+1","floor":31}],"player_experience":681257,"relics_obtained":[{"floor":6.0,"key":"Molten Egg 2"},{"floor":9.0,"key":"Dodecahedron"},{"floor":12,"key":"Darkstone Periapt"},{"floor":26,"key":"Shuriken"},{"floor":28,"key":"Enchiridion"},{"floor":29,"key":"Mango"}],"event_choices":[{"event_name":"The Lab","player_choice":"Got Potions","floor":2.0,"damage_taken":0.0},{"event_name":"Golden Shrine","player_choice":"Pray","floor":3.0,"damage_taken":0.0},{"event_name":"Big Fish","player_choice":"Banana","floor":5.0,"damage_taken":0.0},{"event_name":"Accursed Blacksmith","player_choice":"Forge","floor":7.0,"damage_taken":0.0},{"event_name":"Beggar","player_choice":"Ignored","floor":20,"damage_taken":0},{"event_name":"Back to Basics","player_choice":"Simplicity","floor":24,"damage_taken":0},{"event_name":"Cursed Tome","player_choice":"Obtained Book","floor":28,"damage_taken":0},{"event_name":"Forgotten Altar","player_choice":"Shed Blood","floor":30,"damage_taken":0}],"is_beta":false,"boss_relics":[{"not_picked":["Philosopher\u0027s Stone","Cursed Key"],"picked":"Inserter"}],"items_purged_floors":[],"is_endless":false,"potions_floor_spawned":[6,10,11,12,16,21,25,31],"killed_by":"Automaton","ascension_level":12}