{"gold_per_floor":[117,137,149,17,17,17,11,24,24,24,50,125,139,153,153,227,227,241,241,253,90,90,90,48,48,127,127,139,171,185,196,196,274,274,291,203,203,218,97,97,57,86,386,386,397,397,411,429,429,429],"floor_reached":50,"playtime":4054,"items_purged":[],"score":1208,"play_id":"86fdc6c5-7697-4b74-924e-5d363c7e5ced","local_time":"20190421123008","is_ascension_mode":true,"campfire_choices":[{"floor":6.0,"key":"REST"},{"data":"White Noise","floor":10.0,"key":"SMITH"},{"floor":15.0,"key":"REST"},{"data":"Buffer","floor":23.0,"key":"SMITH"},{"data":"Static Discharge","floor":25.0,"key":"SMITH"},{"floor":27.0,"key":"REST"},{"floor":32.0,"key":"REST"},{"floor":40.0,"key":"REST"},{"data":"Storm","floor":44.0,"key":"SMITH"},{"data":"Fission","floor":46.0,"key":"SMITH"},{"data":"White Noise","floor":49,"key":"SMITH"}],"neow_cost":"NONE","seed_source_timestamp":0,"circlet_count":0,"master_deck":["AscendersBane","Strike_B","Strike_B","Strike_B","Strike_B","Defend_B","Defend_B","Defend_B","Defend_B","Zap","Dualcast","Redo","Barrage","Leap","Self Repair","Streamline","White Noise+1","Melter","Buffer+1","Ball Lightning","Echo Form","Stack","Loop","Static Discharge+1","Chill","Hello World","Chill","Streamline+1","Conserve Battery","Static Discharge","Fission+1","Static Discharge+1","Self Repair","Storm+1","Static Discharge","Glacier","White Noise+1","Cold Snap","Conserve Battery"],"special_seed":0,"relics":["Cracked Core","Mercury Hourglass","Lantern","White Beast Statue","Cables","Unceasing Top","Eternal Feather","Art of War","Old Coin"],"potions_floor_usage":[48,50,50],"damage_taken":[{"damage":4.0,"enemies":"Small Slimes","floor":1.0,"turns":3.0},{"damage":9.0,"enemies":"Jaw Worm","floor":2.0,"turns":4.0},{"damage":1.0,"enemies":"Cultist","floor":3.0,"turns":3.0},{"damage":13.0,"enemies":"Exordium Thugs","floor":7.0,"turns":5.0},{"damage":8.0,"enemies":"Looter","floor":8.0,"turns":3.0},{"damage":21.0,"enemies":"Lagavulin","floor":11.0,"turns":7.0},{"damage":9.0,"enemies":"Red Slaver","floor":13.0,"turns":2.0},{"damage":10.0,"enemies":"Large Slime","floor":14.0,"turns":4.0},{"damage":0.0,"enemies":"Slime Boss","floor":16.0,"turns":5.0},{"damage":0.0,"enemies":"Spheric Guardian","floor":18.0,"turns":2.0},{"damage":21.0,"enemies":"Chosen","floor":20.0,"turns":5.0},{"damage":25.0,"enemies":"Centurion and Healer","floor":28.0,"turns":7.0},{"damage":57.0,"enemies":"Book of Stabbing","floor":29.0,"turns":5.0},{"damage":0.0,"enemies":"Chosen and Byrds","floor":30.0,"turns":5.0},{"damage":14.0,"enemies":"Snake Plant","floor":31.0,"turns":4.0},{"damage":0.0,"enemies":"Champ","floor":33.0,"turns":12.0},{"damage":11.0,"enemies":"Orb Walker","floor":35.0,"turns":3.0},{"damage":27.0,"enemies":"3 Darklings","floor":38.0,"turns":4.0},{"damage":40.0,"enemies":"Nemesis","floor":42.0,"turns":7.0},{"damage":41.0,"enemies":"Spire Growth","floor":45.0,"turns":5.0},{"damage":3.0,"enemies":"Sphere and 2 Shapes","floor":47.0,"turns":5.0},{"damage":9,"enemies":"Transient","floor":48,"turns":6},{"damage":85,"enemies":"Awakened One","floor":50,"turns":3}],"seed_played":"-7257317711677172053","potions_obtained":[{"floor":3.0,"key":"PowerPotion"},{"floor":16.0,"key":"EssenceOfSteel"},{"floor":20.0,"key":"Energy Potion"},{"floor":29.0,"key":"Block Potion"},{"floor":30.0,"key":"Poison Potion"},{"floor":31.0,"key":"PowerPotion"},{"floor":33.0,"key":"FearPotion"},{"floor":35.0,"key":"Fire Potion"},{"floor":38.0,"key":"FearPotion"},{"floor":41.0,"key":"AttackPotion"},{"floor":42.0,"key":"Weak Potion"},{"floor":45.0,"key":"FocusPotion"},{"floor":47.0,"key":"Fire Potion"},{"floor":48,"key":"EssenceOfSteel"}],"is_trial":false,"path_per_floor":["M","M","M","$","?","R","M","M","T","R","E","?","M","M","R","B",null,"M","$","M","$","?","R","$","R","T","R","M","E","M","M","R","B",null,"M","$","?","M","$","R","?","E","T","R","M","R","M","M","R","B"],"character_chosen":"DEFECT","items_purchased":["Self Repair","PowerPotion","Static Discharge","Chill","Hello World","Self Repair","Static Discharge","Glacier"],"campfire_rested":5,"item_purchase_floors":[4,4,21,21,24,36,39,39],"current_hp_per_floor":[67,58,57,57,57,78,72,71,71,71,57,46,44,41,64,71,76,78,78,64,64,64,64,64,64,64,78,67,24,31,17,40,47,70,59,59,59,39,39,78,78,66,66,78,51,72,76,78,78,0],"gold":429,"neow_bonus":"TEN_PERCENT_HP_BONUS","is_prod":false,"is_daily":false,"chose_seed":false,"campfire_upgraded":6,"win_rate":0,"timestamp":1555839008,"path_taken":["M","M","M","$","?","R","M","M","T","R","E","?","M","M","R","BOSS","M","$","M","$","?","R","?","R","T","R","M","E","M","M","R","BOSS","M","$","?","M","$","R","?","E","T","R","?","R","M","M","R","BOSS"],"build_version":"2019-01-23","purchased_purges":0,"victory":false,"max_hp_per_floor":[78,78,78,78,78,78,78,78,78,78,78,78,78,78,78,78,78,78,78,78,78,78,78,78,78,78,78,78,78,78,78,78,78,78,78,78,78,78,78,78,78,78,78,78,78,78,78,78,78,78],"card_choices":[{"not_picked":["Beam Cell","Gash"],"picked":"Redo","floor":1.0},{"not_picked":["Double Energy","Stack"],"picked":"Barrage","floor":2.0},{"not_picked":["Steam","Rebound"],"picked":"Leap","floor":3.0},{"not_picked":["Coolheaded","Stack"],"picked":"Streamline","floor":7.0},{"not_picked":["Go for the Eyes","Stack"],"picked":"White Noise","floor":8.0},{"not_picked":["Steam Power","Reprogram"],"picked":"Melter","floor":11.0},{"not_picked":["FTL","Sweeping Beam"],"picked":"Buffer","floor":13.0},{"not_picked":["Cold Snap","Stack"],"picked":"Ball Lightning","floor":14.0},{"not_picked":["Electrodynamics","Biased Cognition"],"picked":"Echo Form","floor":16.0},{"not_picked":["Gash","Compile Driver"],"picked":"Stack","floor":18.0},{"not_picked":["Rip and Tear","Coolheaded"],"picked":"Loop","floor":20.0},{"not_picked":["Steam Power","Compile Driver"],"picked":"Chill","floor":28.0},{"not_picked":["Coolheaded","Conserve Battery"],"picked":"Streamline+1","floor":29.0},{"not_picked":["Go for the Eyes","Hyperbeam"],"picked":"Conserve Battery","floor":30.0},{"not_picked":["Compile Driver","Ball Lightning"],"picked":"Static Discharge","floor":31.0},{"not_picked":["Thunder Strike","Seek"],"picked":"Fission","floor":33.0},{"not_picked":["Chill","Compile Driver+1"],"picked":"Static Discharge+1","floor":35.0},{"not_picked":["Cold Snap","Stack"],"picked":"Storm","floor":38.0},{"not_picked":["Undo","Compile Driver+1"],"picked":"White Noise","floor":42.0},{"not_picked":["Reprogram","Rip and Tear"],"picked":"Cold Snap","floor":45.0},{"not_picked":["Streamline","Go for the Eyes","Rebound"],"picked":"SKIP","floor":47.0},{"not_picked":["Leap","Streamline"],"picked":"Conserve Battery","floor":48}],"player_experience":1220882,"relics_obtained":[{"floor":9.0,"key":"Mercury Hourglass"},{"floor":11.0,"key":"Lantern"},{"floor":26.0,"key":"Cables"},{"floor":29.0,"key":"Unceasing Top"},{"floor":42.0,"key":"Art of War"},{"floor":43.0,"key":"Old Coin"}],"event_choices":[{"damage_healed":0.0,"max_hp_gain":0.0,"max_hp_loss":0.0,"gold_gain":0.0,"event_name":"Golden Wing","player_choice":"Ignored","floor":5.0,"gold_loss":0.0,"damage_taken":0.0},{"damage_healed":0.0,"max_hp_gain":0.0,"max_hp_loss":0.0,"gold_gain":75.0,"event_name":"World of Goop","player_choice":"Gather Gold","floor":12.0,"gold_loss":0.0,"damage_taken":11.0},{"damage_healed":0.0,"max_hp_gain":0.0,"max_hp_loss":0.0,"gold_gain":0.0,"event_name":"Lab","player_choice":"Got Potions","floor":22.0,"gold_loss":0.0,"damage_taken":0.0},{"damage_healed":0.0,"max_hp_gain":0.0,"max_hp_loss":0.0,"gold_gain":0.0,"event_name":"Tomb of Lord Red Mask","player_choice":"Ignored","floor":37.0,"gold_loss":0.0,"damage_taken":0.0},{"damage_healed":0.0,"max_hp_gain":0.0,"max_hp_loss":0.0,"gold_gain":0.0,"event_name":"The Woman in Blue","player_choice":"Bought 3 Potions","floor":41.0,"gold_loss":0.0,"damage_taken":0.0}],"is_beta":false,"boss_relics":[{"not_picked":["Pandora\u0027s Box","Snecko Eye"],"picked":"White Beast Statue"},{"not_picked":["Black Star","Empty Cage"],"picked":"Eternal Feather"}],"items_purged_floors":[],"is_endless":false,"potions_floor_spawned":[3,14,16,18,20,28,29,30,31,33,35,38,42,45,47,48],"killed_by":"Awakened One","ascension_level":19}