{"path_per_floor":["M","M","M","M","M","E","R","$","T","?","M","M","R","E","R","B",null,"M","?","$","?","M","R"],"character_chosen":"THE_SILENT","items_purchased":["Flying Knee","Outmaneuver","Matryoshka"],"gold_per_floor":[110,126,145,162,177,202,202,55,55,155,167,179,179,204,204,307,307,326,356,78,78,66,66],"floor_reached":24,"campfire_rested":3,"playtime":1919,"current_hp_per_floor":[69,68,68,64,63,43,64,64,64,64,59,59,59,55,70,4,70,68,68,68,55,54,75],"items_purged":["Strike_G","Writhe"],"gold":66,"score":218,"play_id":"21da59b6-932d-4c9e-9a37-433dcc2d08f4","local_time":"20180314222500","is_prod":false,"is_daily":false,"is_ascension_mode":true,"campfire_upgraded":1,"timestamp":1521059100,"path_taken":["M","?","M","M","M","E","R","$","T","?","M","M","R","E","R","BOSS","M","?","?","?","?","R","E"],"build_version":"2018-03-09","purchased_purges":2,"victory":false,"master_deck":["Defend_G","Defend_G","Defend_G","Defend_G","Defend_G","Strike_G","Strike_G","Strike_G","Strike_G","Survivor","Neutralize","Phantasmal Killer","Riddle With Holes","All Out Attack","Predator","Masterful Stab","Deflect","Flying Knee","Outmaneuver","Heel Hook","Setup+1","Night Terror+1","Distraction+1","Dodge and Roll+1","All Out Attack","Sucker Punch","Masterful Stab"],"max_hp_per_floor":[70,70,70,70,70,70,70,70,70,70,70,70,70,70,70,70,70,70,70,70,75,75,75],"relics":["Ring of the Snake","Bronze Scales","The Courier","Toxic Egg 2","Orrery","Tiny Chest","Matryoshka"],"card_choices":[{"not_picked":["Cloak And Dagger","Crippling Poison"],"picked":"Riddle With Holes"},{"not_picked":["Poisoned Stab","Backflip"],"picked":"All Out Attack"},{"not_picked":["Backflip","Outmaneuver"],"picked":"Predator"},{"not_picked":["Acrobatics","Escape Plan"],"picked":"Masterful Stab"},{"not_picked":["Poisoned Stab","Crippling Poison"],"picked":"Deflect"},{"not_picked":["Sucker Punch","Tactician"],"picked":"Heel Hook"},{"not_picked":["Deadly Poison","PiercingWail"],"picked":"Setup"},{"not_picked":["Infinite Blades","Masterful Stab"],"picked":"Night Terror"},{"not_picked":["Flying Knee","Outmaneuver"],"picked":"Distraction"},{"not_picked":["Prepared","Accuracy"],"picked":"Dodge and Roll"},{"not_picked":["Prepared","Backflip"],"picked":"All Out Attack"},{"not_picked":["Poisoned Stab","Dash"],"picked":"Sucker Punch"},{"not_picked":["Leg Sweep","Slice"],"picked":"Masterful Stab"}],"player_experience":300344,"potions_floor_usage":[6,12,14,16,16,22],"damage_taken":[{"damage":1,"enemies":"Cultist","floor":1,"turns":5},{"damage":1,"enemies":"Jaw Worm","floor":2,"turns":6},{"damage":0,"enemies":"2 Louse","floor":3,"turns":2},{"damage":4,"enemies":"Looter","floor":4,"turns":4},{"damage":1,"enemies":"Exordium Wildlife","floor":5,"turns":3},{"damage":20,"enemies":"Gremlin Nob","floor":6,"turns":4},{"damage":5,"enemies":"Exordium Thugs","floor":11,"turns":4},{"damage":0,"enemies":"Looter","floor":12,"turns":2},{"damage":4,"enemies":"3 Sentries","floor":14,"turns":6},{"damage":66,"enemies":"Slime Boss","floor":16,"turns":13},{"damage":2,"enemies":"Shell Parasite","floor":18,"turns":4},{"damage":13,"enemies":"2 Thieves","floor":22,"turns":4},{"damage":82,"enemies":"Gremlin Leader","floor":24,"turns":10}],"event_choices":[{"event_name":"Wheel of Change","player_choice":"Gold","floor":10,"damage_taken":0},{"event_name":"The Mausoleum","player_choice":"Yes","floor":19,"damage_taken":0},{"event_name":"Forgotten Altar","player_choice":"Shed Blood","floor":21,"damage_taken":0}],"boss_relics":[{"not_picked":["Question Card","The Specimen"],"picked":"Orrery"}],"potions_floor_spawned":[2,4,6,11,14,16],"seed_played":"-7825719740167868354","killed_by":"Gremlin Leader","ascension_level":1,"is_trial":false}