{"gold_per_floor":[118,118,293,318,318,318,338,353,435,460,460,460,493,508,508,634,634,658,658,658,59,79,110,110,128,177,177,102,143,143,166,166,292,292,306,330,112,112,128,167,167,202,202,221,244,244,244,265,265,265,265,265,20,53,53],"floor_reached":56,"playtime":10857,"items_purged":["Doubt"],"score":1222,"play_id":"7205c002-36ee-4c7d-a9a6-6f63903cb6db","local_time":"20190221194727","is_ascension_mode":false,"campfire_choices":[{"floor":6.0,"key":"REST"},{"data":"Sunder","floor":11.0,"key":"SMITH"},{"floor":15.0,"key":"REST"},{"floor":24.0,"key":"REST"},{"floor":27.0,"key":"REST"},{"floor":30.0,"key":"REST"},{"floor":32.0,"key":"REST"},{"floor":41.0,"key":"REST"},{"floor":46.0,"key":"REST"},{"floor":49.0,"key":"RECALL"},{"data":"White Noise","floor":52.0,"key":"SMITH"}],"neow_cost":"NONE","seed_source_timestamp":183332143894843,"circlet_count":0,"master_deck":["Strike_B","Strike_B","Strike_B","Strike_B","Defend_B","Defend_B","Defend_B","Zap","Dualcast","Sunder+1","Conserve Battery","Glacier","Heatsinks","Capacitor","Seek","Capacitor","Creative AI","Redo","Conserve Battery","White Noise+1","Seek","Cold Snap","Chill","Buffer","Blizzard+1","Conserve Battery+1","Ball Lightning+1","Steam","Chrysalis","Secret Technique","Magnetism","Defragment+1","Redo+1","Barrage+1","Redo","Echo Form","Chill+1","Cold Snap+1","Stack","Biased Cognition"],"special_seed":0,"relics":["Cracked Core","PreservedInsect","Golden Idol","Bronze Scales","Meat on the Bone","Letter Opener","Oddly Smooth Stone","Nuclear Battery","Pantograph","Blood Vial","Prayer Wheel","Unceasing Top","Sundial","Empty Cage","Orichalcum","DataDisk","Bottled Lightning","GremlinMask","ClockworkSouvenir","Lantern"],"potions_floor_usage":[55,55],"damage_taken":[{"damage":1.0,"enemies":"Jaw Worm","floor":1.0,"turns":4.0},{"damage":0.0,"enemies":"2 Louse","floor":4.0,"turns":2.0},{"damage":0.0,"enemies":"Small Slimes","floor":7.0,"turns":3.0},{"damage":4.0,"enemies":"Exordium Thugs","floor":8.0,"turns":6.0},{"damage":6.0,"enemies":"Large Slime","floor":10.0,"turns":6.0},{"damage":12.0,"enemies":"3 Sentries","floor":13.0,"turns":5.0},{"damage":9.0,"enemies":"2 Fungi Beasts","floor":14.0,"turns":3.0},{"damage":32.0,"enemies":"Hexaghost","floor":16.0,"turns":12.0},{"damage":12.0,"enemies":"Spheric Guardian","floor":18.0,"turns":4.0},{"damage":0.0,"enemies":"Chosen","floor":22.0,"turns":7.0},{"damage":25.0,"enemies":"Slavers","floor":23.0,"turns":4.0},{"damage":28.0,"enemies":"Centurion and Healer","floor":25.0,"turns":7.0},{"damage":22.0,"enemies":"Gremlin Leader","floor":29.0,"turns":7.0},{"damage":3.0,"enemies":"Snake Plant","floor":31.0,"turns":3.0},{"damage":52.0,"enemies":"Collector","floor":33.0,"turns":9.0},{"damage":3.0,"enemies":"Orb Walker","floor":35.0,"turns":5.0},{"damage":0.0,"enemies":"3 Shapes","floor":36.0,"turns":7.0},{"damage":9.0,"enemies":"Transient","floor":39.0,"turns":5.0},{"damage":33.0,"enemies":"Reptomancer","floor":40.0,"turns":8.0},{"damage":47.0,"enemies":"Giant Head","floor":42.0,"turns":9.0},{"damage":7.0,"enemies":"Spire Growth","floor":44.0,"turns":6.0},{"damage":3.0,"enemies":"3 Darklings","floor":45.0,"turns":4.0},{"damage":0.0,"enemies":"Writhing Mass","floor":48.0,"turns":9.0},{"damage":8.0,"enemies":"Time Eater","floor":50.0,"turns":14.0},{"damage":17.0,"enemies":"Shield and Spear","floor":54.0,"turns":7.0},{"damage":40,"enemies":"The Heart","floor":55,"turns":9}],"seed_played":"-3312965135311256534","potions_obtained":[{"floor":7.0,"key":"FearPotion"},{"floor":10.0,"key":"Poison Potion"},{"floor":14.0,"key":"SkillPotion"},{"floor":18.0,"key":"AttackPotion"},{"floor":33.0,"key":"EssenceOfSteel"},{"floor":36.0,"key":"LiquidBronze"},{"floor":42.0,"key":"Swift Potion"},{"floor":44.0,"key":"SkillPotion"}],"is_trial":false,"path_per_floor":["M","?","?","M","?","R","M","M","T","M","R","?","E","M","R","B",null,"M","?","?","$","M","E","R","M","T","R","?","E","R","M","R","B",null,"M","M","$","?","M","E","R","E","T","M","M","R","?","M","R","B",null,"R","$","E","B",null],"character_chosen":"DEFECT","items_purchased":["LiquidBronze","Blood Vial","Prayer Wheel","Chrysalis","Block Potion","ClockworkSouvenir","SpeedPotion"],"campfire_rested":8,"item_purchase_floors":[21,21,21,37,37,53,53],"current_hp_per_floor":[74,74,74,74,56,75,75,71,71,65,65,65,53,44,66,46,75,63,63,63,63,65,42,64,38,38,60,60,40,62,61,75,35,75,72,74,74,69,62,43,65,32,32,39,38,60,60,62,62,67,75,75,75,58,47],"gold":53,"neow_bonus":"RANDOM_COMMON_RELIC","is_prod":false,"is_daily":false,"chose_seed":false,"campfire_upgraded":2,"win_rate":0,"timestamp":1550771247,"path_taken":["M","?","?","M","?","R","M","M","T","M","R","?","E","?","R","BOSS","M","?","?","$","M","E","R","M","T","R","?","E","R","M","R","BOSS","M","M","$","?","M","E","R","E","T","M","M","R","?","M","R","BOSS","R","$","E","BOSS"],"build_version":"2019-01-23","purchased_purges":1,"victory":true,"max_hp_per_floor":[75,75,75,75,75,75,75,75,75,75,75,75,75,75,75,75,75,75,75,75,75,75,75,75,75,75,75,75,75,75,75,75,75,75,75,75,75,75,75,75,75,75,75,75,75,75,75,75,75,75,75,75,75,75,75],"card_choices":[{"not_picked":["Redo","Beam Cell"],"picked":"Sunder","floor":1.0},{"not_picked":["Turbo","Beam Cell"],"picked":"Conserve Battery","floor":4.0},{"not_picked":["Hologram","Go for the Eyes"],"picked":"Glacier","floor":7.0},{"not_picked":["Reprogram","Streamline"],"picked":"Heatsinks","floor":8.0},{"not_picked":["Sweeping Beam","Sunder"],"picked":"Capacitor","floor":10.0},{"not_picked":["All For One","Rebound"],"picked":"Seek","floor":13.0},{"not_picked":["Steam","Rebound"],"picked":"Capacitor","floor":14.0},{"not_picked":["Seek","Core Surge"],"picked":"Creative AI","floor":16.0},{"not_picked":["Genetic Algorithm","Go for the Eyes"],"picked":"Redo","floor":18.0},{"not_picked":["Rip and Tear","Coolheaded"],"picked":"Conserve Battery","floor":22.0},{"not_picked":["Rebound+1","Skim+1"],"picked":"White Noise","floor":22.0},{"not_picked":["Fusion","Leap+1"],"picked":"Seek","floor":23.0},{"not_picked":["Rebound+1","Compile Driver"],"picked":"Cold Snap","floor":25.0},{"not_picked":["Rebound+1","Compile Driver","Blizzard"],"picked":"SKIP","floor":25.0},{"not_picked":["Hyperbeam","Steam Power","Undo"],"picked":"SKIP","floor":29.0},{"not_picked":["Hologram","Genetic Algorithm"],"picked":"Chill","floor":31.0},{"not_picked":["Rebound","Consume","Coolheaded"],"picked":"SKIP","floor":31.0},{"not_picked":["Rainbow","Seek"],"picked":"Buffer","floor":33.0},{"not_picked":["Streamline+1","Sweeping Beam"],"picked":"Blizzard+1","floor":35.0},{"not_picked":["Undo+1","Beam Cell+1"],"picked":"Conserve Battery+1","floor":35.0},{"not_picked":["Auto Shields+1","Barrage"],"picked":"Ball Lightning+1","floor":36.0},{"not_picked":["Coolheaded+1","Gash"],"picked":"Steam","floor":36.0},{"not_picked":["Impatience","Good Instincts"],"picked":"Secret Technique","floor":38.0},{"not_picked":["Trip","Jack Of All Trades"],"picked":"Magnetism","floor":38.0},{"not_picked":["Genetic Algorithm","Rip and Tear"],"picked":"Defragment+1","floor":39.0},{"not_picked":["Barrage","Genetic Algorithm"],"picked":"Redo+1","floor":39.0},{"not_picked":["Stack","Melter"],"picked":"Barrage+1","floor":40.0},{"not_picked":["Chaos","Hologram"],"picked":"Redo","floor":42.0},{"not_picked":["Coolheaded+1","Streamline+1"],"picked":"Echo Form","floor":44.0},{"not_picked":["Go for the Eyes+1","Gash","Reprogram+1"],"picked":"SKIP","floor":44.0},{"not_picked":["Reprogram","Stack"],"picked":"Chill+1","floor":45.0},{"not_picked":["Scrape","Doom and Gloom","Steam Power"],"picked":"SKIP","floor":45.0},{"not_picked":["Ball Lightning","Turbo"],"picked":"Cold Snap+1","floor":48.0},{"not_picked":["Turbo+1","Hologram"],"picked":"Stack","floor":48.0},{"not_picked":["Conserve Battery+1","Leap"],"picked":"Biased Cognition","floor":54.0}],"player_experience":972855,"relics_obtained":[{"floor":9.0,"key":"Meat on the Bone"},{"floor":13.0,"key":"Oddly Smooth Stone"},{"floor":23.0,"key":"Unceasing Top"},{"floor":29.0,"key":"Sundial"},{"floor":40.0,"key":"Orichalcum"},{"floor":42.0,"key":"DataDisk"},{"floor":43.0,"key":"Bottled Lightning"},{"floor":54.0,"key":"Lantern"}],"event_choices":[{"damage_healed":0.0,"max_hp_gain":0.0,"max_hp_loss":0.0,"gold_gain":0.0,"event_name":"Golden Idol","player_choice":"Take Wound","floor":2.0,"gold_loss":0.0,"damage_taken":0.0,"relics_obtained":["Golden Idol"],"cards_obtained":["Injury"]},{"damage_healed":0.0,"max_hp_gain":0.0,"max_hp_loss":0.0,"gold_gain":175.0,"event_name":"Liars Game","player_choice":"AGREE","floor":3.0,"gold_loss":0.0,"damage_taken":0.0,"cards_obtained":["Doubt"]},{"damage_healed":0.0,"max_hp_gain":0.0,"max_hp_loss":0.0,"gold_gain":0.0,"event_name":"Scrap Ooze","player_choice":"Success","floor":5.0,"gold_loss":0.0,"damage_taken":18.0,"relics_obtained":["Bronze Scales"]},{"damage_healed":0.0,"max_hp_gain":0.0,"max_hp_loss":0.0,"gold_gain":0.0,"event_name":"WeMeetAgain","player_choice":"Gave Potion","floor":12.0,"gold_loss":0.0,"damage_taken":0.0,"relics_obtained":["Letter Opener"]},{"damage_healed":0.0,"max_hp_gain":0.0,"max_hp_loss":0.0,"gold_gain":0.0,"event_name":"The Mausoleum","player_choice":"Opened","floor":19.0,"gold_loss":0.0,"damage_taken":0.0,"relics_obtained":["Pantograph"],"cards_obtained":["Writhe"]},{"damage_healed":0.0,"max_hp_gain":0.0,"max_hp_loss":0.0,"gold_gain":0.0,"event_name":"Vampires","player_choice":"Ignored","floor":20.0,"gold_loss":0.0,"damage_taken":0.0},{"cards_removed":["Writhe"],"damage_healed":0.0,"max_hp_gain":0.0,"max_hp_loss":0.0,"gold_gain":0.0,"event_name":"Beggar","player_choice":"Gave Gold","floor":28.0,"gold_loss":75.0,"damage_taken":0.0},{"damage_healed":0.0,"max_hp_gain":0.0,"max_hp_loss":0.0,"gold_gain":0.0,"event_name":"SensoryStone","player_choice":"Memory 2","floor":38.0,"gold_loss":0.0,"damage_taken":5.0},{"damage_healed":0.0,"max_hp_gain":0.0,"max_hp_loss":0.0,"gold_gain":0.0,"event_name":"FaceTrader","player_choice":"Trade","floor":47.0,"gold_loss":0.0,"damage_taken":0.0,"relics_obtained":["GremlinMask"]}],"is_beta":false,"boss_relics":[{"not_picked":["Fusion Hammer","Busted Crown"],"picked":"Nuclear Battery"},{"not_picked":["Coffee Dripper","Cursed Key"],"picked":"Empty Cage"}],"items_purged_floors":[21],"is_endless":false,"potions_floor_spawned":[7,10,14,18,22,33,36,42,44],"ascension_level":0}