{"gold_per_floor":[212,225,225,242,17,17,45,45,45,45,64,64,80,80,80,80],"floor_reached":16,"playtime":564,"items_purged":[],"score":200,"play_id":"5a0dbef2-eef3-4801-b1f0-efa6b57f68c8","local_time":"20190410142957","is_ascension_mode":true,"campfire_choices":[{"data":"Bash","floor":6,"key":"SMITH"},{"data":"Feed","floor":8,"key":"SMITH"},{"data":"Disarm","floor":12,"key":"SMITH"},{"data":"Juggernaut","floor":15,"key":"SMITH"}],"neow_cost":"NONE","seed_source_timestamp":304164143349900,"circlet_count":0,"master_deck":["AscendersBane","Strike_R","Strike_R","Strike_R","Strike_R","Defend_R","Defend_R","Defend_R","Defend_R","Bash+1","Flame Barrier","Disarm+1","Feel No Pain","Feed+1","Shrug It Off","Whirlwind","Fiend Fire","Juggernaut+1"],"relics":["Burning Blood","Shuriken","Golden Idol"],"potions_floor_usage":[7,16,16],"damage_taken":[{"damage":2,"enemies":"Cultist","floor":1,"turns":4},{"damage":31,"enemies":"Jaw Worm","floor":2,"turns":5},{"damage":4,"enemies":"Small Slimes","floor":4,"turns":4},{"damage":30,"enemies":"3 Sentries","floor":7,"turns":25},{"damage":7,"enemies":"Looter","floor":11,"turns":4},{"damage":24,"enemies":"Lots of Slimes","floor":13,"turns":4},{"damage":24,"enemies":"Hexaghost","floor":16,"turns":9}],"seed_played":"578374201291754612","potions_obtained":[{"floor":2,"key":"Ancient Potion"},{"floor":7,"key":"SkillPotion"},{"floor":13,"key":"BloodPotion"}],"is_trial":false,"path_per_floor":["M","M","$","M","$","R","E","R","T","?","M","R","M","?","R","B"],"character_chosen":"IRONCLAD","items_purchased":["Feel No Pain","Fire Potion","Feed"],"campfire_rested":0,"item_purchase_floors":[5,5,5],"current_hp_per_floor":[72,47,47,49,49,49,28,28,28,28,31,31,17,17,17,0],"gold":80,"neow_bonus":"HUNDRED_GOLD","is_prod":false,"is_daily":false,"chose_seed":false,"campfire_upgraded":4,"win_rate":0,"timestamp":1554874197,"path_taken":["M","?","$","M","$","R","E","R","T","?","M","R","M","?","R","BOSS"],"build_version":"2019-01-23","purchased_purges":0,"victory":false,"max_hp_per_floor":[75,75,75,75,75,75,78,78,78,71,75,75,79,79,79,79],"card_choices":[{"not_picked":["Iron Wave","Thunderclap","Heavy Blade"],"picked":"SKIP","floor":1},{"not_picked":["Iron Wave","Uppercut"],"picked":"Flame Barrier","floor":2},{"not_picked":["Havoc","Ghostly Armor"],"picked":"Disarm","floor":4},{"not_picked":["Wild Strike","Power Through"],"picked":"Shrug It Off","floor":7},{"not_picked":["True Grit","Rampage"],"picked":"Whirlwind","floor":11},{"not_picked":["True Grit","Carnage"],"picked":"Fiend Fire","floor":13}],"player_experience":3033233,"relics_obtained":[{"floor":9,"key":"Shuriken"}],"event_choices":[{"damage_healed":0,"gold_gain":0,"player_choice":"Lose Max HP","damage_taken":0,"relics_obtained":["Golden Idol"],"max_hp_gain":0,"max_hp_loss":7,"event_name":"Golden Idol","floor":10,"gold_loss":0},{"damage_healed":0,"gold_gain":0,"cards_transformed":["Strike_R"],"player_choice":"Change","damage_taken":0,"max_hp_gain":0,"max_hp_loss":0,"event_name":"Living Wall","floor":14,"gold_loss":0,"cards_obtained":["Juggernaut"]}],"is_beta":false,"boss_relics":[],"items_purged_floors":[],"is_endless":false,"potions_floor_spawned":[2,7,13],"killed_by":"Hexaghost","ascension_level":20}