{"gold_per_floor":[18,18,37,37,50,85,95,95,119,135,135,153,52,79,79,154,154,174,191,116,166,12,40,40,52,52,64,64,64,95,95],"floor_reached":31,"playtime":1296,"items_purged":["Strike_B","Defend_B"],"score":670,"play_id":"136e2585-72f3-46c4-8596-57cd6557eb7f","local_time":"20190301122745","is_ascension_mode":true,"campfire_choices":[{"data":"Zap","floor":11.0,"key":"SMITH"},{"data":"Streamline","floor":15.0,"key":"SMITH"},{"floor":24.0,"key":"REST"},{"floor":28.0,"key":"REST"}],"neow_cost":"NO_GOLD","seed_source_timestamp":2334202072000,"circlet_count":0,"master_deck":["AscendersBane","Defend_B+1","Zap+1","Dualcast","Electrodynamics+1","Gash","Coolheaded","Conserve Battery","Coolheaded","Streamline+1","Gash","Core Surge","Barrage+1","Leap+1","Multi-Cast+1","Blizzard","Turbo","Leap","FTL","FTL"],"special_seed":0,"relics":["Cracked Core","War Paint","DataDisk","Astrolabe","Matryoshka","Orichalcum","Singing Bowl","Enchiridion","Meat on the Bone"],"potions_floor_usage":[30,30],"damage_taken":[{"damage":7.0,"enemies":"Jaw Worm","floor":1.0,"turns":3.0},{"damage":0.0,"enemies":"Cultist","floor":3.0,"turns":3.0},{"damage":7.0,"enemies":"Small Slimes","floor":5.0,"turns":2.0},{"damage":40.0,"enemies":"Gremlin Nob","floor":6.0,"turns":5.0},{"damage":0.0,"enemies":"Looter","floor":7.0,"turns":3.0},{"damage":8.0,"enemies":"Red Slaver","floor":10.0,"turns":3.0},{"damage":0.0,"enemies":"Exordium Wildlife","floor":12.0,"turns":1.0},{"damage":31.0,"enemies":"Lagavulin","floor":14.0,"turns":8.0},{"damage":0.0,"enemies":"The Guardian","floor":16.0,"turns":10.0},{"damage":10.0,"enemies":"Shell Parasite","floor":18.0,"turns":4.0},{"damage":12.0,"enemies":"2 Thieves","floor":19.0,"turns":4.0},{"damage":20.0,"enemies":"Gremlin Leader","floor":23.0,"turns":5.0},{"damage":6.0,"enemies":"Centurion and Healer","floor":25.0,"turns":4.0},{"damage":0.0,"enemies":"3 Cultists","floor":27.0,"turns":2.0},{"damage":26,"enemies":"Slavers","floor":30,"turns":4},{"damage":0,"enemies":"Snecko","floor":31,"turns":2}],"seed_played":"1471509769735347020","potions_obtained":[{"floor":5.0,"key":"Block Potion"},{"floor":6.0,"key":"Dexterity Potion"},{"floor":12.0,"key":"PowerPotion"},{"floor":16.0,"key":"Energy Potion"},{"floor":23.0,"key":"SteroidPotion"},{"floor":25.0,"key":"Poison Potion"},{"floor":27.0,"key":"GamblersBrew"}],"is_trial":false,"path_per_floor":["M","?","M","?","M","E","M","?","T","M","R","M","$","E","R","B",null,"M","M","?","?","$","E","R","M","T","M","R","?","E","M"],"character_chosen":"DEFECT","items_purchased":["Streamline","Turbo"],"campfire_rested":2,"item_purchase_floors":[13,22],"current_hp_per_floor":[57,57,57,57,50,10,10,71,71,63,63,63,63,32,32,32,61,51,39,39,32,32,12,33,27,27,27,48,27,3,3],"gold":95,"neow_bonus":"THREE_RARE_CARDS","is_prod":false,"is_daily":false,"chose_seed":false,"campfire_upgraded":2,"win_rate":0,"timestamp":1551410865,"path_taken":["M","?","?","?","M","E","?","?","T","?","R","M","$","E","R","BOSS","M","M","?","?","$","E","R","M","T","?","R","?","E","M"],"build_version":"2019-01-23","purchased_purges":2,"victory":false,"max_hp_per_floor":[71,71,71,71,71,71,71,71,71,71,71,71,71,71,71,71,71,71,71,71,71,71,71,71,71,71,71,71,71,73,73],"card_choices":[{"not_picked":["Multi-Cast","Echo Form"],"picked":"Electrodynamics","floor":0.0},{"not_picked":["Leap","Rebound"],"picked":"Gash","floor":1.0},{"not_picked":["Leap","Undo"],"picked":"Coolheaded","floor":3.0},{"not_picked":["Leap","Compile Driver"],"picked":"Undo","floor":5.0},{"not_picked":["Stack","Rainbow"],"picked":"Conserve Battery","floor":6.0},{"not_picked":["Steam","Conserve Battery","Go for the Eyes"],"picked":"SKIP","floor":7.0},{"not_picked":["Static Discharge","Rebound","Heatsinks"],"picked":"SKIP","floor":10.0},{"not_picked":["Stack","Meteor Strike"],"picked":"Coolheaded","floor":12.0},{"not_picked":["Steam Power","Coolheaded"],"picked":"Gash","floor":14.0},{"not_picked":["Electrodynamics","Meteor Strike"],"picked":"Core Surge","floor":16.0},{"not_picked":["Steam Power+1","Barrage","Compile Driver"],"picked":"SKIP","floor":18.0},{"not_picked":["Steam","Stack"],"picked":"Blizzard","floor":19.0},{"not_picked":["Ball Lightning","Stack"],"picked":"Leap","floor":23.0},{"not_picked":["Stack","Force Field"],"picked":"FTL","floor":25.0},{"not_picked":["Rebound+1","Redo"],"picked":"FTL","floor":27.0},{"not_picked":["Barrage","Rebound+1","Undo"],"picked":"Singing Bowl","floor":30}],"player_experience":1908136,"relics_obtained":[{"floor":6.0,"key":"War Paint"},{"floor":14.0,"key":"DataDisk"},{"floor":23.0,"key":"Matryoshka"},{"floor":26.0,"key":"Orichalcum"},{"floor":26.0,"key":"Singing Bowl"},{"floor":29.0,"key":"Enchiridion"},{"floor":30,"key":"Meat on the Bone"}],"event_choices":[{"cards_removed":["Strike_B"],"damage_healed":0.0,"max_hp_gain":0.0,"max_hp_loss":0.0,"gold_gain":0.0,"event_name":"Purifier","player_choice":"Purged","floor":2.0,"gold_loss":0.0,"damage_taken":0.0},{"damage_healed":0.0,"max_hp_gain":0.0,"max_hp_loss":0.0,"gold_gain":0.0,"event_name":"Upgrade Shrine","player_choice":"Upgraded","floor":4.0,"gold_loss":0.0,"damage_taken":0.0,"cards_upgraded":["Electrodynamics"]},{"cards_removed":["Undo"],"damage_healed":61.0,"max_hp_gain":0.0,"max_hp_loss":0.0,"gold_gain":0.0,"event_name":"Bonfire Elementals","player_choice":"Offered Uncommon","floor":8.0,"gold_loss":0.0,"damage_taken":0.0},{"cards_removed":["Defend_B"],"damage_healed":0.0,"max_hp_gain":0.0,"max_hp_loss":0.0,"gold_gain":0.0,"event_name":"Beggar","player_choice":"Gave Gold","floor":20.0,"gold_loss":75.0,"damage_taken":0.0},{"damage_healed":0.0,"max_hp_gain":0.0,"max_hp_loss":0.0,"gold_gain":50.0,"event_name":"FaceTrader","player_choice":"Touch","floor":21.0,"gold_loss":0.0,"damage_taken":7.0},{"damage_healed":0.0,"max_hp_gain":0.0,"max_hp_loss":0.0,"gold_gain":0.0,"event_name":"Cursed Tome","player_choice":"Obtained Book","floor":29.0,"gold_loss":0.0,"damage_taken":21.0}],"is_beta":false,"boss_relics":[{"not_picked":["Empty Cage","Pandora\u0027s Box"],"picked":"Astrolabe"}],"items_purged_floors":[13,22],"is_endless":false,"potions_floor_spawned":[5,6,12,14,16,23,25,27],"killed_by":"Snecko","ascension_level":20}