{"path_per_floor":["M","?","?","M","$","R","E","M","T","R","M","E","M","M","R","B",null,"M","M","?","M","M","R"],"character_chosen":"IRONCLAD","items_purchased":["True Grit"],"gold_per_floor":[116,116,116,126,5,5,31,48,101,101,120,146,160,170,170,272,272,285,303,335,348,362,362],"floor_reached":24,"campfire_rested":0,"playtime":2299,"current_hp_per_floor":[72,72,58,60,60,60,33,39,39,39,40,46,54,70,70,28,72,66,58,32,49,51,51],"items_purged":["Strike_R"],"gold":362,"score":242,"play_id":"2b0ee537-3d83-4937-ae8e-a6219e1c777e","local_time":"20180301195843","is_prod":false,"is_daily":false,"is_ascension_mode":true,"campfire_upgraded":4,"timestamp":1519905523,"path_taken":["M","?","?","M","?","R","E","M","T","R","?","E","?","M","R","BOSS","M","M","?","M","M","R","E"],"build_version":"2018-02-28-BETA2","purchased_purges":1,"victory":false,"master_deck":["Strike_R+1","Strike_R","Strike_R","Strike_R+1","Defend_R","Defend_R","Defend_R","Defend_R","Bash","Armaments+1","Combust+1","Immolate","Finesse","Evolve+1","True Grit","True Grit+1","Power Through","Reaper","Reaper","Thunderclap+1"],"max_hp_per_floor":[72,72,72,72,72,72,72,72,72,72,72,72,72,72,72,72,72,72,72,72,72,72,72],"relics":["Burning Blood","Ice Cream","Mercury Hourglass","Vajra","Bag of Preparation","Mark of Pain","Red Mask"],"card_choices":[{"not_picked":["Entrench","Pommel Strike"],"picked":"Armaments"},{"not_picked":["Carnage","Sword Boomerang"],"picked":"Evolve"},{"not_picked":["Shockwave","Clash"],"picked":"True Grit"},{"not_picked":["Body Slam","Twin Strike"],"picked":"Power Through"},{"not_picked":["Sword Boomerang","Power Through"],"picked":"Reaper"},{"not_picked":["Feed","Juggernaut"],"picked":"Reaper"},{"not_picked":["Armaments","Iron Wave"],"picked":"Thunderclap"}],"player_experience":106483,"potions_floor_usage":[13,20,20],"damage_taken":[{"damage":3,"enemies":"Jaw Worm","floor":1,"turns":4},{"damage":4,"enemies":"Cultist","floor":4,"turns":3},{"damage":33,"enemies":"Lagavulin","floor":7,"turns":10},{"damage":0,"enemies":"Small Slimes","floor":8,"turns":3},{"damage":5,"enemies":"Looter","floor":11,"turns":3},{"damage":15,"enemies":"3 Sentries","floor":12,"turns":5},{"damage":3,"enemies":"Blue Slaver","floor":13,"turns":4},{"damage":0,"enemies":"Exordium Wildlife","floor":14,"turns":4},{"damage":50,"enemies":"The Guardian","floor":16,"turns":13},{"damage":13,"enemies":"Chosen","floor":18,"turns":5},{"damage":14,"enemies":"Spheric Guardian","floor":19,"turns":6},{"damage":47,"enemies":"Masked Bandits","floor":20,"turns":4},{"damage":7,"enemies":"3 Cultists","floor":21,"turns":4},{"damage":11,"enemies":"Snecko","floor":22,"turns":5},{"damage":79,"enemies":"Gremlin Leader","floor":24,"turns":6}],"event_choices":[{"event_name":"Match and Keep!","player_choice":"3 cards matched","floor":2,"damage_taken":0},{"event_name":"Shining Light","player_choice":"Entered Light","floor":3,"damage_taken":0},{"event_name":"Masked Bandits","player_choice":"Fought over 303 gold","floor":20,"damage_taken":0}],"boss_relics":[{"not_picked":["Runic Cube","Calling Bell"],"picked":"Mark of Pain"}],"potions_floor_spawned":[4,7,8,13,18],"seed_played":"8255735099159469540","killed_by":"Gremlin Leader","ascension_level":3,"is_trial":false}