{"gold_per_floor":[117,267,267,267,292,324,249,282,335,353,353,353,377,1,1,97,97,112,135,135,156,81,81],"floor_reached":23,"playtime":603,"items_purged":["Regret"],"score":594,"play_id":"f0ff325c-8518-4eec-b64c-a7a32bb17a61","local_time":"20190408133916","is_ascension_mode":true,"campfire_choices":[{"data":"Consume","floor":11.0,"key":"SMITH"},{"data":"Zap","floor":15.0,"key":"SMITH"}],"neow_cost":"NONE","seed_source_timestamp":128244717312800,"circlet_count":0,"master_deck":["AscendersBane","Strike_B+1","Strike_B+1","Defend_B","Defend_B","Defend_B","Defend_B","Zap+1","Dualcast","Consume+1","Cold Snap","Coolheaded","Panacea","Ball Lightning","Echo Form","Self Repair+1","Lockon","Loop"],"special_seed":0,"relics":["Cracked Core","NeowsBlessing","Bag of Marbles","Gremlin Horn","Pen Nib","Whetstone","Golden Idol","DataDisk","Inserter"],"potions_floor_usage":[23,23],"damage_taken":[{"damage":0.0,"enemies":"Small Slimes","floor":1.0,"turns":1.0},{"damage":0.0,"enemies":"Lagavulin","floor":6.0,"turns":1.0},{"damage":0.0,"enemies":"Gremlin Nob","floor":8.0,"turns":1.0},{"damage":4.0,"enemies":"2 Louse","floor":10.0,"turns":3.0},{"damage":0.0,"enemies":"Cultist","floor":13.0,"turns":3.0},{"damage":0.0,"enemies":"Slime Boss","floor":16.0,"turns":7.0},{"damage":12.0,"enemies":"3 Byrds","floor":18.0,"turns":5.0},{"damage":0.0,"enemies":"Chosen","floor":19.0,"turns":6.0},{"damage":22.0,"enemies":"Shelled Parasite and Fungi","floor":21.0,"turns":7.0},{"damage":46,"enemies":"Slavers","floor":23,"turns":3}],"seed_played":"-95020914519324198","potions_obtained":[{"floor":1.0,"key":"SpeedPotion"},{"floor":8.0,"key":"Ancient Potion"},{"floor":19.0,"key":"Fire Potion"}],"is_trial":false,"path_per_floor":["M","?","?","?","T","E","$","E","T","M","R","?","M","$","R","B",null,"M","M","?","M","?","E"],"character_chosen":"DEFECT","items_purchased":["DataDisk","Panacea","PowerPotion","Ball Lightning"],"campfire_rested":0,"item_purchase_floors":[14,14,14,14],"current_hp_per_floor":[64,64,57,57,57,57,57,57,57,53,53,29,29,29,29,29,61,49,59,59,47,47,1],"gold":81,"neow_bonus":"THREE_ENEMY_KILL","is_prod":false,"is_daily":false,"chose_seed":false,"campfire_upgraded":2,"win_rate":0,"timestamp":1554698356,"path_taken":["M","?","?","?","?","E","$","E","T","M","R","?","M","$","R","BOSS","M","M","?","M","?","E"],"build_version":"2019-01-23","purchased_purges":1,"victory":false,"max_hp_per_floor":[71,71,71,71,71,71,71,71,71,71,71,71,71,71,71,71,71,71,71,71,71,71,71],"card_choices":[{"not_picked":["Undo","Turbo"],"picked":"Consume","floor":1.0},{"not_picked":["Leap","Conserve Battery"],"picked":"Cold Snap","floor":6.0},{"not_picked":["BootSequence","Aggregate","Rebound"],"picked":"SKIP","floor":8.0},{"not_picked":["Hologram","Compile Driver","Leap"],"picked":"SKIP","floor":10.0},{"not_picked":["Seek","Sweeping Beam"],"picked":"Coolheaded","floor":13.0},{"not_picked":["All For One","Seek"],"picked":"Echo Form","floor":16.0},{"not_picked":["BootSequence","Compile Driver"],"picked":"Self Repair+1","floor":18.0},{"not_picked":["Steam Power","Go for the Eyes","Scrape"],"picked":"SKIP","floor":19.0},{"not_picked":["Fusion","Genetic Algorithm","Stack"],"picked":"SKIP","floor":21.0}],"player_experience":2975302,"relics_obtained":[{"floor":6.0,"key":"Gremlin Horn"},{"floor":8.0,"key":"Pen Nib"},{"floor":9.0,"key":"Whetstone"}],"event_choices":[{"damage_healed":0.0,"max_hp_gain":0.0,"max_hp_loss":0.0,"gold_gain":150.0,"event_name":"Liars Game","player_choice":"AGREE","floor":2.0,"gold_loss":0.0,"damage_taken":0.0,"cards_obtained":["Doubt"]},{"cards_removed":["Doubt"],"damage_healed":0.0,"max_hp_gain":0.0,"max_hp_loss":0.0,"gold_gain":0.0,"event_name":"Golden Wing","player_choice":"Card Removal","floor":3.0,"gold_loss":0.0,"damage_taken":7.0},{"damage_healed":0.0,"max_hp_gain":0.0,"max_hp_loss":0.0,"gold_gain":0.0,"event_name":"Big Fish","player_choice":"Box","floor":4.0,"gold_loss":0.0,"damage_taken":0.0,"relics_obtained":["Bag of Marbles"],"cards_obtained":["Regret"]},{"damage_healed":0.0,"max_hp_gain":0.0,"max_hp_loss":0.0,"gold_gain":0.0,"event_name":"Golden Idol","player_choice":"Take Damage","floor":12.0,"gold_loss":0.0,"damage_taken":24.0,"relics_obtained":["Golden Idol"]},{"damage_healed":0.0,"max_hp_gain":0.0,"max_hp_loss":0.0,"gold_gain":0.0,"event_name":"Vampires","player_choice":"Ignored","floor":20.0,"gold_loss":0.0,"damage_taken":0.0},{"damage_healed":0.0,"max_hp_gain":0.0,"max_hp_loss":0.0,"gold_gain":0.0,"cards_transformed":["Strike_B","Strike_B"],"event_name":"Designer","player_choice":"Transformed Cards","floor":22.0,"gold_loss":75.0,"damage_taken":0.0,"cards_obtained":["Lockon","Loop"]}],"is_beta":false,"boss_relics":[{"not_picked":["Cursed Key","Runic Pyramid"],"picked":"Inserter"}],"items_purged_floors":[7],"is_endless":false,"potions_floor_spawned":[1,8,19],"killed_by":"Slavers","ascension_level":20}