{"gold_per_floor":[115,40,40,59,82,108,108,136,136,170,189,207,217,246,246,246],"floor_reached":16,"playtime":532,"items_purged":[],"score":310,"play_id":"502eb4d7-ea7e-4a90-b6e5-b96416d61b89","local_time":"20190306120008","is_ascension_mode":true,"campfire_choices":[{"data":"Armaments","floor":7,"key":"SMITH"},{"data":"Immolate","floor":15,"key":"SMITH"}],"neow_cost":"NONE","seed_source_timestamp":123817812582700,"circlet_count":0,"master_deck":["AscendersBane","Strike_R","Strike_R","Strike_R","Strike_R","Defend_R","Defend_R","Defend_R","Defend_R","Bash","Cleave","Armaments+1","Shrug It Off","Inflame","True Grit","Immolate+1"],"relics":["Burning Blood","NeowsBlessing","Ancient Tea Set","PreservedInsect","Omamori","Bird Faced Urn","Incense Burner","Torii"],"potions_floor_usage":[3,10,10,16],"damage_taken":[{"damage":0,"enemies":"Small Slimes","floor":1,"turns":1},{"damage":0,"enemies":"Jaw Worm","floor":4,"turns":1},{"damage":0,"enemies":"Lagavulin","floor":6,"turns":1},{"damage":31,"enemies":"Gremlin Nob","floor":8,"turns":4},{"damage":26,"enemies":"3 Sentries","floor":10,"turns":7},{"damage":1,"enemies":"Cultist","floor":11,"turns":3},{"damage":15,"enemies":"Exordium Thugs","floor":12,"turns":7},{"damage":4,"enemies":"Red Slaver","floor":13,"turns":5},{"damage":23,"enemies":"Lagavulin","floor":14,"turns":7},{"damage":25,"enemies":"The Guardian","floor":16,"turns":15}],"seed_played":"897496155744712978","potions_obtained":[{"floor":1,"key":"SpeedPotion"},{"floor":3,"key":"Dexterity Potion"},{"floor":3,"key":"Fruit Juice"},{"floor":6,"key":"Regen Potion"},{"floor":11,"key":"PowerPotion"}],"is_trial":false,"path_per_floor":["M","?","?","M","T","E","R","E","T","E","M","M","M","E","R","B"],"character_chosen":"IRONCLAD","items_purchased":[],"campfire_rested":0,"item_purchase_floors":[],"current_hp_per_floor":[74,74,79,80,80,80,80,55,55,50,55,46,50,35,35,14],"gold":246,"neow_bonus":"THREE_ENEMY_KILL","is_prod":false,"is_daily":false,"chose_seed":false,"campfire_upgraded":2,"win_rate":0,"timestamp":1551841208,"path_taken":["M","?","?","?","?","E","R","E","T","E","M","M","?","E","R","BOSS"],"build_version":"2019-01-23","purchased_purges":0,"victory":false,"max_hp_per_floor":[75,75,80,80,80,80,80,80,80,80,80,80,80,80,80,80],"card_choices":[{"not_picked":["Bloodletting","Havoc","Wild Strike"],"picked":"SKIP","floor":1},{"not_picked":["Cleave","Exhume","Body Slam"],"picked":"SKIP","floor":4},{"not_picked":["Exhume","Body Slam"],"picked":"Cleave","floor":4},{"not_picked":["Pommel Strike","Wild Strike"],"picked":"Armaments","floor":6},{"not_picked":["Pommel Strike","Pummel","Heavy Blade"],"picked":"SKIP","floor":8},{"not_picked":["Twin Strike","Armaments","Cleave"],"picked":"SKIP","floor":10},{"not_picked":["Perfected Strike","Body Slam"],"picked":"Shrug It Off","floor":11},{"not_picked":["Flex","Cleave"],"picked":"Inflame","floor":12},{"not_picked":["Heavy Blade","Spot Weakness"],"picked":"True Grit","floor":13},{"not_picked":["Shockwave","True Grit"],"picked":"Immolate","floor":14}],"player_experience":2024985,"relics_obtained":[{"floor":5,"key":"Ancient Tea Set"},{"floor":6,"key":"PreservedInsect"},{"floor":8,"key":"Omamori"},{"floor":9,"key":"Bird Faced Urn"},{"floor":10,"key":"Incense Burner"},{"floor":14,"key":"Torii"}],"event_choices":[{"cards_removed":["Strike_R"],"damage_healed":0,"gold_gain":0,"player_choice":"Card Removal","damage_taken":0,"max_hp_gain":0,"max_hp_loss":0,"event_name":"The Cleric","floor":2,"gold_loss":75},{"damage_healed":0,"gold_gain":0,"player_choice":"Got Potions","damage_taken":0,"max_hp_gain":0,"max_hp_loss":0,"event_name":"Lab","floor":3,"gold_loss":0}],"is_beta":false,"boss_relics":[],"items_purged_floors":[],"is_endless":false,"potions_floor_spawned":[1,6,11],"killed_by":"The Guardian","ascension_level":20}