{"path_per_floor":["M","M","?","M","M","R","E","R","T","E","M","M","?","M","R","B",null,"M","M","M","M","$"],"character_chosen":"IRONCLAD","items_purchased":["Peace Pipe","Purity"],"gold_per_floor":[109,127,127,144,161,161,187,187,256,291,305,325,325,336,336,439,469,479,499,510,525,38],"floor_reached":23,"campfire_rested":2,"playtime":1567,"current_hp_per_floor":[80,80,77,79,74,74,33,57,57,36,34,40,40,41,65,19,70,78,65,60,31,31],"items_purged":["Strike_R"],"gold":38,"score":259,"play_id":"1ce9aa9e-5b29-4853-a666-15279c8975e0","local_time":"20180305210341","is_prod":false,"is_daily":false,"is_ascension_mode":true,"campfire_upgraded":1,"timestamp":1520276621,"path_taken":["M","?","?","M","M","R","E","R","T","E","?","M","?","M","R","BOSS","M","M","M","?","$","E"],"build_version":"2018-03-01-PROD1","purchased_purges":1,"victory":false,"master_deck":["Strike_R","Strike_R","Strike_R+1","Defend_R","Defend_R","Defend_R","Defend_R","Bash","Brutality","Iron Wave","Metallicize","Havoc+1","Warcry","Clothesline","Clash","Dropkick","Purity"],"max_hp_per_floor":[80,80,80,80,80,80,80,80,80,80,80,80,80,80,80,80,85,85,85,85,85,85],"relics":["Burning Blood","Unceasing Top","Mercury Hourglass","Dodecahedron","Kunai","Tiny House","Peace Pipe"],"card_choices":[{"not_picked":["Shrug It Off","Second Wind"],"picked":"Iron Wave"},{"not_picked":["True Grit","Flame Barrier"],"picked":"Metallicize"},{"not_picked":["Headbutt","Hemokinesis"],"picked":"Havoc"},{"not_picked":["Havoc","Spot Weakness"],"picked":"Warcry"},{"not_picked":["Clash","Searing Blow"],"picked":"Clothesline"},{"not_picked":["Thunderclap","Shockwave"],"picked":"Dropkick"}],"player_experience":247887,"potions_floor_usage":[5,7,18,19,20,23],"damage_taken":[{"damage":6,"enemies":"Cultist","floor":1,"turns":4},{"damage":5,"enemies":"2 Louse","floor":2,"turns":3},{"damage":4,"enemies":"Jaw Worm","floor":4,"turns":4},{"damage":23,"enemies":"Lots of Slimes","floor":5,"turns":8},{"damage":47,"enemies":"Lagavulin","floor":7,"turns":7},{"damage":27,"enemies":"Gremlin Nob","floor":10,"turns":5},{"damage":8,"enemies":"Red Slaver","floor":11,"turns":3},{"damage":0,"enemies":"2 Fungi Beasts","floor":12,"turns":4},{"damage":5,"enemies":"Looter","floor":14,"turns":3},{"damage":52,"enemies":"The Guardian","floor":16,"turns":11},{"damage":10,"enemies":"Chosen","floor":18,"turns":5},{"damage":19,"enemies":"3 Byrds","floor":19,"turns":4},{"damage":11,"enemies":"3 Cultists","floor":20,"turns":5},{"damage":35,"enemies":"Centurion and Healer","floor":21,"turns":6},{"damage":37,"enemies":"Slavers","floor":23,"turns":2}],"event_choices":[{"event_name":"Scrap Ooze","player_choice":"success","floor":3,"damage_taken":3},{"event_name":"Living Wall","player_choice":"Change","floor":13,"damage_taken":0}],"boss_relics":[{"not_picked":["Calling Bell","Runic Pyramid"],"picked":"Tiny House"}],"potions_floor_spawned":[2,5,16,18,21],"seed_played":"-2516978958440450465","killed_by":"Slavers","ascension_level":5,"is_trial":false}