{"gold_per_floor":[110,110,110,127,127,153,153,188,188,188,218,230,2,2,2,78,78,92,112,55,55,30,30,57,69,69,69,87,120,120,138,138,214,214,229,154,170,170,182,182,193,227,301,79,79,95,18,18,18,18,18,18,18,18,53,53],"floor_reached":56,"playtime":2668,"items_purged":["Defend_B"],"score":2012,"play_id":"1c1d60a1-68ab-4235-9049-2bb6d81ec1b0","local_time":"20190318131905","is_ascension_mode":true,"campfire_choices":[{"data":"Darkness","floor":10.0,"key":"SMITH"},{"data":"Zap","floor":15.0,"key":"SMITH"},{"floor":23.0,"key":"REST"},{"floor":27.0,"key":"REST"},{"data":"Capacitor","floor":30.0,"key":"SMITH"},{"floor":32.0,"key":"REST"},{"floor":40.0,"key":"RECALL"},{"data":"Loop","floor":45.0,"key":"SMITH"},{"data":"Biased Cognition","floor":49.0,"key":"SMITH"},{"data":"Defragment","floor":53.0,"key":"SMITH"}],"neow_cost":"NONE","seed_source_timestamp":92660195175200,"circlet_count":0,"master_deck":["AscendersBane","Strike_B+1","Strike_B+1","Defend_B","Zap+1","Dualcast+1","Darkness+1","Echo Form","Coolheaded+1","Turbo+1","Echo Form","Cold Snap+1","Darkness+1","Coolheaded+1","Redo+1","White Noise+1","Capacitor+1","Genetic Algorithm+1","Genetic Algorithm+1","Biased Cognition+1","White Noise+1","BootSequence+1","Sunder+1","Blizzard+1","Loop+1","Chaos+1","Darkness+1","Defragment+1"],"special_seed":0,"relics":["Cracked Core","NeowsBlessing","Dead Branch","Potion Belt","Meat on the Bone","Vajra","Mango","Toxic Egg 2","Bag of Preparation","White Beast Statue","Whetstone","Art of War","Nunchaku","Astrolabe","Orichalcum","ClockworkSouvenir","Singing Bowl","Anchor"],"potions_floor_usage":[56],"damage_taken":[{"damage":0.0,"enemies":"2 Louse","floor":1.0,"turns":1.0},{"damage":0.0,"enemies":"Small Slimes","floor":4.0,"turns":1.0},{"damage":0.0,"enemies":"Lagavulin","floor":6.0,"turns":1.0},{"damage":20.0,"enemies":"3 Sentries","floor":8.0,"turns":7.0},{"damage":10.0,"enemies":"Lagavulin","floor":11.0,"turns":5.0},{"damage":0.0,"enemies":"Cultist","floor":12.0,"turns":3.0},{"damage":0.0,"enemies":"Slime Boss","floor":16.0,"turns":5.0},{"damage":17.0,"enemies":"Spheric Guardian","floor":18.0,"turns":5.0},{"damage":8.0,"enemies":"Shell Parasite","floor":19.0,"turns":4.0},{"damage":52.0,"enemies":"Slavers","floor":24.0,"turns":5.0},{"damage":32.0,"enemies":"3 Cultists","floor":25.0,"turns":5.0},{"damage":18.0,"enemies":"Shelled Parasite and Fungi","floor":28.0,"turns":4.0},{"damage":19.0,"enemies":"Book of Stabbing","floor":29.0,"turns":5.0},{"damage":0.0,"enemies":"Snecko","floor":31.0,"turns":7.0},{"damage":19.0,"enemies":"Automaton","floor":33.0,"turns":13.0},{"damage":11.0,"enemies":"Orb Walker","floor":35.0,"turns":3.0},{"damage":0.0,"enemies":"3 Shapes","floor":37.0,"turns":4.0},{"damage":0.0,"enemies":"Sphere and 2 Shapes","floor":39.0,"turns":3.0},{"damage":2.0,"enemies":"Maw","floor":41.0,"turns":6.0},{"damage":22.0,"enemies":"Nemesis","floor":42.0,"turns":6.0},{"damage":4.0,"enemies":"Jaw Worm Horde","floor":46.0,"turns":4.0},{"damage":30.0,"enemies":"Awakened One","floor":50.0,"turns":12.0},{"damage":25.0,"enemies":"Time Eater","floor":51.0,"turns":10.0},{"damage":33.0,"enemies":"Shield and Spear","floor":55.0,"turns":8.0},{"damage":5,"enemies":"The Heart","floor":56,"turns":2}],"seed_played":"6108081748957379578","potions_obtained":[{"floor":4.0,"key":"Explosive Potion"},{"floor":8.0,"key":"SkillPotion"},{"floor":18.0,"key":"Weak Potion"},{"floor":19.0,"key":"Block Potion"},{"floor":24.0,"key":"Weak Potion"},{"floor":25.0,"key":"SpeedPotion"},{"floor":28.0,"key":"EssenceOfSteel"},{"floor":29.0,"key":"PowerPotion"},{"floor":31.0,"key":"SkillPotion"},{"floor":33.0,"key":"Poison Potion"},{"floor":35.0,"key":"Poison Potion"},{"floor":37.0,"key":"LiquidBronze"},{"floor":39.0,"key":"SpeedPotion"},{"floor":41.0,"key":"Ancient Potion"},{"floor":42.0,"key":"Ancient Potion"},{"floor":46.0,"key":"Ancient Potion"},{"floor":55.0,"key":"SkillPotion"}],"is_trial":false,"path_per_floor":["M","?","?","M","?","E","?","E","T","R","E","M","$","?","R","B",null,"M","M","$","?","$","R","E","M","T","R","M","E","R","M","R","B",null,"M","$","M","?","M","R","M","E","T","$","R","M","$","?","R","B","B",null,"R","$","E","B"],"character_chosen":"DEFECT","items_purchased":["Bag of Preparation","Turbo+1","Coolheaded+1","Redo+1","ClockworkSouvenir","Defragment"],"campfire_rested":3,"item_purchase_floors":[13,13,20,22,44,47],"current_hp_per_floor":[64,59,38,38,38,38,38,30,44,44,46,46,46,34,34,46,75,58,50,50,50,50,75,35,15,15,40,34,27,27,39,64,45,75,64,64,64,64,64,64,62,52,52,52,52,48,48,48,48,30,17,68,68,68,49,44],"gold":53,"neow_bonus":"THREE_ENEMY_KILL","is_prod":false,"is_daily":false,"chose_seed":false,"campfire_upgraded":6,"win_rate":0,"timestamp":1552882745,"path_taken":["M","?","?","M","?","E","?","E","T","R","E","M","$","?","R","BOSS","M","?","$","?","$","R","E","M","T","R","M","E","R","M","R","BOSS","M","$","M","?","M","R","M","E","T","?","R","M","$","?","R","BOSS","BOSS","R","$","E","BOSS"],"build_version":"2019-01-23","purchased_purges":1,"victory":false,"max_hp_per_floor":[71,71,71,71,71,71,71,71,85,85,85,85,85,85,85,85,85,85,85,85,85,85,85,85,85,85,85,85,85,85,85,85,85,85,85,85,85,85,85,85,85,85,85,85,85,85,85,85,85,85,85,85,85,85,87,87],"card_choices":[{"not_picked":["Compile Driver","Fusion","Go for the Eyes"],"picked":"SKIP","floor":1.0},{"not_picked":["Ball Lightning","Reprogram"],"picked":"Darkness","floor":4.0},{"not_picked":["Self Repair","Hello World"],"picked":"Echo Form","floor":6.0},{"not_picked":["Heatsinks","Undo","Gash"],"picked":"SKIP","floor":8.0},{"not_picked":["Barrage","Auto Shields","Stack"],"picked":"SKIP","floor":11.0},{"not_picked":["Static Discharge","Beam Cell"],"picked":"Coolheaded+1","floor":12.0},{"not_picked":["Amplify+1","Multi-Cast+1"],"picked":"Echo Form","floor":16.0},{"not_picked":["Redo+1","Go for the Eyes"],"picked":"Cold Snap","floor":18.0},{"not_picked":["Lockon","Barrage"],"picked":"Darkness+1","floor":19.0},{"not_picked":["Gash+1","Reboot+1"],"picked":"White Noise+1","floor":24.0},{"not_picked":["Compile Driver","Beam Cell","Streamline"],"picked":"SKIP","floor":25.0},{"not_picked":["Coolheaded+1","Steam+1"],"picked":"Capacitor","floor":28.0},{"not_picked":["Tempest+1","Storm"],"picked":"Genetic Algorithm+1","floor":29.0},{"not_picked":["Ball Lightning","Cold Snap+1"],"picked":"Genetic Algorithm+1","floor":31.0},{"not_picked":["Thunder Strike","Hyperbeam"],"picked":"Biased Cognition","floor":33.0},{"not_picked":["Redo+1","Gash+1"],"picked":"Blizzard+1","floor":35.0},{"not_picked":["Leap+1","Coolheaded+1"],"picked":"Loop","floor":37.0},{"not_picked":["Compile Driver","Streamline"],"picked":"Chaos+1","floor":39.0},{"not_picked":["Leap+1","Barrage","Stack+1"],"picked":"SKIP","floor":41.0},{"not_picked":["Amplify+1","Gash","Blizzard"],"picked":"SKIP","floor":42.0},{"not_picked":["Rebound+1","Darkness+1","Steam+1"],"picked":"SKIP","floor":46.0},{"not_picked":["Rebound+1","Steam+1"],"picked":"Darkness+1","floor":46.0},{"not_picked":["Rainbow+1","Scrape+1","Cold Snap"],"picked":"Singing Bowl","floor":55.0}],"player_experience":2342270,"relics_obtained":[{"floor":6.0,"key":"Potion Belt"},{"floor":8.0,"key":"Vajra"},{"floor":9.0,"key":"Mango"},{"floor":11.0,"key":"Toxic Egg 2"},{"floor":24.0,"key":"Whetstone"},{"floor":26.0,"key":"Art of War"},{"floor":29.0,"key":"Nunchaku"},{"floor":42.0,"key":"Orichalcum"},{"floor":55.0,"key":"Anchor"}],"event_choices":[{"damage_healed":0.0,"max_hp_gain":0.0,"max_hp_loss":0.0,"gold_gain":0.0,"event_name":"Scrap Ooze","player_choice":"Success","floor":2.0,"gold_loss":0.0,"damage_taken":5.0,"relics_obtained":["Dead Branch"]},{"damage_healed":0.0,"max_hp_gain":0.0,"max_hp_loss":0.0,"gold_gain":0.0,"event_name":"Shining Light","player_choice":"Entered Light","floor":3.0,"gold_loss":0.0,"damage_taken":21.0,"cards_upgraded":["Dualcast","Strike_B"]},{"damage_healed":0.0,"max_hp_gain":0.0,"max_hp_loss":0.0,"gold_gain":0.0,"event_name":"Liars Game","player_choice":"Ignored","floor":5.0,"gold_loss":0.0,"damage_taken":0.0},{"damage_healed":0.0,"max_hp_gain":0.0,"max_hp_loss":0.0,"gold_gain":0.0,"event_name":"Dead Adventurer","player_choice":"Searched \u00272\u0027 times","floor":7.0,"gold_loss":0.0,"damage_taken":0.0,"relics_obtained":["Meat on the Bone"]},{"damage_healed":0.0,"max_hp_gain":0.0,"max_hp_loss":0.0,"gold_gain":0.0,"event_name":"Wheel of Change","player_choice":"Damaged","floor":14.0,"gold_loss":0.0,"damage_taken":12.0},{"cards_removed":["Strike_B"],"damage_healed":0.0,"max_hp_gain":0.0,"max_hp_loss":0.0,"gold_gain":0.0,"event_name":"Back to Basics","player_choice":"Elegance","floor":21.0,"gold_loss":0.0,"damage_taken":0.0},{"damage_healed":0.0,"max_hp_gain":0.0,"max_hp_loss":0.0,"gold_gain":0.0,"event_name":"SecretPortal","player_choice":"Ignored","floor":38.0,"gold_loss":0.0,"damage_taken":0.0},{"damage_healed":0.0,"max_hp_gain":0.0,"max_hp_loss":0.0,"gold_gain":0.0,"event_name":"WeMeetAgain","player_choice":"Gave Potion","floor":48.0,"gold_loss":0.0,"damage_taken":0.0,"relics_obtained":["Singing Bowl"]}],"is_beta":false,"boss_relics":[{"not_picked":["Sozu","Ectoplasm"],"picked":"White Beast Statue"},{"not_picked":["Cursed Key","Snecko Eye"],"picked":"Astrolabe"}],"items_purged_floors":[36],"is_endless":false,"potions_floor_spawned":[4,8,18,19,24,25,28,29,31,33,35,37,39,41,42,46,55],"killed_by":"The Heart","ascension_level":20}