{"gold_per_floor":[109,13,13,13,27,59,59,84,137,137,154,179,179],"floor_reached":13,"playtime":273,"items_purged":[],"score":252,"play_id":"c083ecd6-1dff-48e4-86de-138b2add4adb","local_time":"20190219205053","is_ascension_mode":true,"campfire_choices":[{"data":"Defragment","floor":7,"key":"SMITH"},{"data":"Zap","floor":10,"key":"SMITH"}],"neow_cost":"NONE","seed_source_timestamp":471654103913600,"circlet_count":0,"master_deck":["AscendersBane","Strike_B","Strike_B","Strike_B","Strike_B","Defend_B","Defend_B","Defend_B","Defend_B","Zap+1","Dualcast","Defragment+1","Cold Snap","Self Repair"],"relics":["Cracked Core","NeowsBlessing","Centennial Puzzle","Art of War","Boot","Bag of Preparation"],"potions_floor_usage":[8,13,13],"damage_taken":[{"damage":0,"enemies":"Small Slimes","floor":1,"turns":1},{"damage":0,"enemies":"2 Louse","floor":5,"turns":1},{"damage":0,"enemies":"Gremlin Nob","floor":6,"turns":1},{"damage":29,"enemies":"Lagavulin","floor":8,"turns":8},{"damage":0,"enemies":"Cultist","floor":11,"turns":3},{"damage":32,"enemies":"Gremlin Nob","floor":12,"turns":4},{"damage":0,"enemies":"Exordium Thugs","floor":13,"turns":1}],"seed_played":"827784177791623","potions_obtained":[{"floor":1,"key":"PowerPotion"},{"floor":6,"key":"FocusPotion"},{"floor":12,"key":"SkillPotion"}],"is_trial":false,"path_per_floor":["M","$","?","?","M","E","R","E","T","R","M","E","M"],"character_chosen":"DEFECT","items_purchased":["Defragment","PowerPotion"],"campfire_rested":0,"item_purchase_floors":[2,2],"current_hp_per_floor":[64,64,64,64,64,64,64,35,35,35,35,3,3],"gold":179,"neow_bonus":"THREE_ENEMY_KILL","is_prod":false,"is_daily":false,"chose_seed":false,"campfire_upgraded":2,"win_rate":0,"timestamp":1550577053,"path_taken":["M","$","?","?","M","E","R","E","T","R","M","E","M"],"build_version":"2019-01-23","purchased_purges":0,"victory":false,"max_hp_per_floor":[71,71,71,71,71,71,71,71,71,71,71,71,71],"card_choices":[{"not_picked":["Undo","Redo","Sweeping Beam"],"picked":"SKIP","floor":1},{"not_picked":["Scrape","Lockon","Steam Power"],"picked":"SKIP","floor":5},{"not_picked":["Barrage","Stack","Steam Power"],"picked":"SKIP","floor":6},{"not_picked":["Hello World","Self Repair"],"picked":"Cold Snap","floor":8},{"not_picked":["Turbo","Hello World","Steam"],"picked":"SKIP","floor":11},{"not_picked":["Rebound","Amplify"],"picked":"Self Repair","floor":12}],"player_experience":1649794,"relics_obtained":[{"floor":6,"key":"Centennial Puzzle"},{"floor":8,"key":"Art of War"},{"floor":9,"key":"Boot"},{"floor":12,"key":"Bag of Preparation"}],"event_choices":[{"damage_healed":0,"gold_gain":0,"player_choice":"Leave","damage_taken":0,"max_hp_gain":0,"max_hp_loss":0,"event_name":"The Cleric","floor":3,"gold_loss":0},{"damage_healed":0,"gold_gain":0,"player_choice":"0 cards matched","damage_taken":0,"max_hp_gain":0,"max_hp_loss":0,"event_name":"Match and Keep!","floor":4,"gold_loss":0,"cards_obtained":[]}],"is_beta":false,"boss_relics":[],"items_purged_floors":[],"is_endless":false,"potions_floor_spawned":[1,6,12],"killed_by":"Exordium Thugs","ascension_level":20}