{"gold_per_floor":[111,81,40,51,64,96,96,96,122,122,197,217,217,228,228,300,300,300],"floor_reached":18,"playtime":656,"items_purged":[],"score":312,"play_id":"65dfaf74-4f6f-49b8-8e0a-98d73cc73a99","local_time":"20190415182455","is_ascension_mode":true,"campfire_choices":[{"floor":8,"key":"REST"},{"data":"Hello World","floor":10,"key":"SMITH"},{"floor":13,"key":"REST"},{"data":"Sunder","floor":15,"key":"SMITH"}],"neow_cost":"NONE","seed_source_timestamp":348682304637877,"circlet_count":0,"master_deck":["AscendersBane","Strike_B","Strike_B","Strike_B","Strike_B","Defend_B","Defend_B","Defend_B","Defend_B","Zap","Dualcast","Streamline","Heatsinks","Glacier","Hello World+1","Sunder+1","BootSequence","Heatsinks","Hyperbeam","Self Repair","BootSequence","Chaos","Creative AI"],"relics":["Cracked Core","NeowsBlessing","Boot","Omamori","Orrery"],"potions_floor_usage":[6,16],"damage_taken":[{"damage":0,"enemies":"Jaw Worm","floor":1,"turns":1},{"damage":0,"enemies":"Cultist","floor":4,"turns":1},{"damage":0,"enemies":"Small Slimes","floor":5,"turns":1},{"damage":10,"enemies":"Lagavulin","floor":6,"turns":6},{"damage":10,"enemies":"Blue Slaver","floor":12,"turns":4},{"damage":1,"enemies":"Large Slime","floor":14,"turns":5},{"damage":41,"enemies":"Slime Boss","floor":16,"turns":9},{"damage":19,"enemies":"3 Byrds","floor":18,"turns":3}],"seed_played":"-8246124892980227978","potions_obtained":[{"floor":1,"key":"Ancient Potion"},{"floor":2,"key":"PowerPotion"},{"floor":4,"key":"Fire Potion"},{"floor":12,"key":"SneckoOil"}],"is_trial":false,"path_per_floor":["M","?","$","M","M","E","?","R","T","R","?","M","R","M","R","B",null,"M"],"character_chosen":"DEFECT","items_purchased":["Heatsinks"],"campfire_rested":2,"item_purchase_floors":[3],"current_hp_per_floor":[64,64,64,64,64,54,54,71,71,71,60,50,71,70,70,29,61,42],"gold":300,"neow_bonus":"THREE_ENEMY_KILL","is_prod":false,"is_daily":false,"chose_seed":false,"campfire_upgraded":2,"win_rate":0,"timestamp":1555341895,"path_taken":["M","?","$","?","M","E","?","R","T","R","?","M","R","M","R","BOSS","M"],"build_version":"2019-01-23","purchased_purges":0,"victory":false,"max_hp_per_floor":[71,71,71,71,71,71,71,71,71,71,71,71,71,71,71,71,71,71],"card_choices":[{"not_picked":["Skim","Reinforced Body"],"picked":"Streamline","floor":1},{"not_picked":["FTL","Melter"],"picked":"Glacier","floor":4},{"not_picked":["Leap","Melter"],"picked":"Hello World","floor":5},{"not_picked":["Stack","Conserve Battery"],"picked":"Sunder","floor":6},{"not_picked":["Rebound","Sunder"],"picked":"BootSequence","floor":12},{"not_picked":["Go for the Eyes","Coolheaded"],"picked":"Heatsinks","floor":14},{"not_picked":["Thunder Strike","Meteor Strike"],"picked":"Hyperbeam","floor":16},{"not_picked":["Rebound","Glacier"],"picked":"Self Repair","floor":17},{"not_picked":["Hologram","Conserve Battery"],"picked":"BootSequence","floor":17},{"not_picked":["Hologram","Genetic Algorithm"],"picked":"Chaos","floor":17},{"not_picked":["Streamline","Steam"],"picked":"Creative AI","floor":17}],"player_experience":1199337,"relics_obtained":[{"floor":6,"key":"Boot"},{"floor":9,"key":"Omamori"}],"event_choices":[{"damage_healed":0,"gold_gain":0,"player_choice":"Bought 2 Potions","damage_taken":0,"max_hp_gain":0,"max_hp_loss":0,"event_name":"The Woman in Blue","floor":2,"gold_loss":0},{"damage_healed":0,"gold_gain":0,"player_choice":"Ignored","damage_taken":0,"max_hp_gain":0,"max_hp_loss":0,"event_name":"Shining Light","floor":7,"gold_loss":0},{"damage_healed":0,"gold_gain":75,"player_choice":"Gather Gold","damage_taken":11,"max_hp_gain":0,"max_hp_loss":0,"event_name":"World of Goop","floor":11,"gold_loss":0}],"is_beta":false,"boss_relics":[{"not_picked":["Philosopher\u0027s Stone","Nuclear Battery"],"picked":"Orrery"}],"items_purged_floors":[],"is_endless":false,"potions_floor_spawned":[1,4,12],"killed_by":"3 Byrds","ascension_level":19}