{"gold_per_floor":[12,23,40,51,66,66,96,96,96,125,143,143,143,166,166,242,242,255,255,255,270,290,290,290],"floor_reached":24,"playtime":633,"items_purged":[],"score":416,"play_id":"657ca3ec-4e47-40af-87e3-8d98e0d7da18","local_time":"20190417144130","is_ascension_mode":true,"campfire_choices":[{"data":"Darkness","floor":6,"key":"SMITH"},{"floor":8,"key":"REST"},{"floor":13,"key":"DIG"},{"floor":15,"key":"REST"},{"floor":23,"key":"REST"}],"neow_cost":"NO_GOLD","seed_source_timestamp":124881452963800,"circlet_count":0,"master_deck":["AscendersBane","Strike_B","Strike_B","Strike_B","Defend_B","Defend_B+1","Defend_B","Defend_B+1","Zap","Dualcast","Electrodynamics","Darkness+1","Glacier","Echo Form","Static Discharge","Reinforced Body","Biased Cognition","Coolheaded","Recycle","Loop"],"relics":["Cracked Core","Shovel","Potion Belt","War Paint","Kunai","PreservedInsect","Fusion Hammer"],"potions_floor_usage":[7,16],"damage_taken":[{"damage":15,"enemies":"Small Slimes","floor":1,"turns":3},{"damage":7,"enemies":"Jaw Worm","floor":2,"turns":4},{"damage":2,"enemies":"2 Louse","floor":3,"turns":3},{"damage":1,"enemies":"2 Fungi Beasts","floor":4,"turns":2},{"damage":13,"enemies":"3 Louse","floor":5,"turns":3},{"damage":14,"enemies":"3 Sentries","floor":7,"turns":4},{"damage":10,"enemies":"Lagavulin","floor":10,"turns":7},{"damage":22,"enemies":"Exordium Wildlife","floor":11,"turns":6},{"damage":4,"enemies":"Hexaghost","floor":16,"turns":8},{"damage":18,"enemies":"Chosen","floor":18,"turns":4},{"damage":25,"enemies":"Colosseum Slavers","floor":20,"turns":3},{"damage":11,"enemies":"2 Thieves","floor":21,"turns":3},{"damage":10,"enemies":"3 Cultists","floor":22,"turns":3},{"damage":27,"enemies":"Slavers","floor":24,"turns":1}],"seed_played":"-450262023704661036","potions_obtained":[{"floor":1,"key":"FairyPotion"},{"floor":2,"key":"Energy Potion"},{"floor":5,"key":"SkillPotion"},{"floor":10,"key":"LiquidBronze"},{"floor":22,"key":"PowerPotion"}],"is_trial":false,"path_per_floor":["M","M","M","M","M","R","E","R","T","E","M","?","R","T","R","B",null,"M","?","?","M","M","R","E"],"character_chosen":"DEFECT","items_purchased":[],"campfire_rested":3,"item_purchase_floors":[],"current_hp_per_floor":[49,42,40,39,26,26,12,33,33,23,1,1,1,1,22,18,58,40,40,15,4,1,22,0],"gold":290,"neow_bonus":"THREE_RARE_CARDS","is_prod":false,"is_daily":false,"chose_seed":false,"campfire_upgraded":1,"win_rate":0,"timestamp":1555479690,"path_taken":["M","M","M","M","M","R","E","R","T","E","M","?","R","?","R","BOSS","M","?","?","M","M","R","E"],"build_version":"2019-01-23","purchased_purges":0,"victory":false,"max_hp_per_floor":[71,71,71,71,71,71,71,71,71,71,71,71,71,71,71,71,71,71,71,71,71,71,71,71],"card_choices":[{"not_picked":["Machine Learning","All For One"],"picked":"Electrodynamics","floor":0},{"not_picked":["Streamline","Coolheaded"],"picked":"Darkness","floor":1},{"not_picked":["Hologram","Coolheaded"],"picked":"Glacier","floor":2},{"not_picked":["Melter","Streamline"],"picked":"Echo Form","floor":3},{"not_picked":["Stack","Darkness","Redo"],"picked":"SKIP","floor":4},{"not_picked":["Barrage","Stack","Rebound"],"picked":"SKIP","floor":5},{"not_picked":["Barrage","Rebound","Conserve Battery"],"picked":"SKIP","floor":7},{"not_picked":["Steam","Barrage"],"picked":"Static Discharge","floor":10},{"not_picked":["Go for the Eyes","Beam Cell","Redo"],"picked":"SKIP","floor":11},{"not_picked":["Amplify","Rainbow"],"picked":"Biased Cognition","floor":16},{"not_picked":["Fusion","Scrape+1"],"picked":"Coolheaded","floor":18},{"not_picked":["Stack","Rebound"],"picked":"Loop","floor":21},{"not_picked":["Hologram","Doom and Gloom","Sweeping Beam"],"picked":"SKIP","floor":22}],"player_experience":3192858,"relics_obtained":[{"floor":7,"key":"Shovel"},{"floor":9,"key":"Potion Belt"},{"floor":10,"key":"War Paint"},{"floor":13,"key":"Kunai"},{"floor":14,"key":"PreservedInsect"}],"event_choices":[{"damage_healed":0,"gold_gain":0,"cards_transformed":["Strike_B"],"player_choice":"Change","damage_taken":0,"max_hp_gain":0,"max_hp_loss":0,"event_name":"Living Wall","floor":12,"gold_loss":0,"cards_obtained":["Reinforced Body"]},{"damage_healed":0,"gold_gain":0,"player_choice":"Read","damage_taken":0,"max_hp_gain":0,"max_hp_loss":0,"event_name":"The Library","floor":19,"gold_loss":0,"cards_obtained":["Recycle"]},{"damage_healed":0,"gold_gain":0,"player_choice":"Fight","damage_taken":0,"max_hp_gain":0,"max_hp_loss":0,"event_name":"Colosseum","floor":20,"gold_loss":0},{"damage_healed":0,"gold_gain":0,"player_choice":"Fled From Nobs","damage_taken":0,"max_hp_gain":0,"max_hp_loss":0,"event_name":"Colosseum","floor":20,"gold_loss":0}],"is_beta":false,"boss_relics":[{"not_picked":["Velvet Choker","Tiny House"],"picked":"Fusion Hammer"}],"items_purged_floors":[],"is_endless":false,"potions_floor_spawned":[1,2,4,5,10,20,22],"killed_by":"Slavers","ascension_level":20}