{"gold_per_floor":[113,263,263,15,65,65,85,111,137,161,173,216,243,274,286,298],"floor_reached":16,"playtime":379,"items_purged":["Doubt"],"score":220,"play_id":"ba5be9ad-a883-46a4-ad49-38af7000244b","local_time":"20190412133404","is_ascension_mode":true,"campfire_choices":[{"data":"Bash","floor":6,"key":"SMITH"},{"data":"Disarm","floor":11,"key":"SMITH"},{"data":"Corruption","floor":15,"key":"SMITH"}],"neow_cost":"CURSE","seed_source_timestamp":7155564504100,"circlet_count":0,"master_deck":["AscendersBane","Strike_R","Strike_R","Strike_R","Strike_R","Strike_R","Defend_R","Defend_R","Defend_R","Defend_R","Bash+1","Injury","Disarm+1","Shockwave+1","Corruption+1","Intimidate+1"],"relics":["Burning Blood","StoneCalendar","Toxic Egg 2","Red Skull","Smiling Mask","MawBank","Anchor"],"potions_floor_usage":[8,16],"damage_taken":[{"damage":2,"enemies":"2 Louse","floor":1,"turns":2},{"damage":14,"enemies":"Jaw Worm","floor":7,"turns":3},{"damage":50,"enemies":"Gremlin Nob","floor":8,"turns":6},{"damage":3,"enemies":"Cultist","floor":10,"turns":3},{"damage":13,"enemies":"Lagavulin","floor":12,"turns":6},{"damage":2,"enemies":"2 Fungi Beasts","floor":13,"turns":4},{"damage":0,"enemies":"Looter","floor":14,"turns":4},{"damage":25,"enemies":"The Guardian","floor":16,"turns":15}],"seed_played":"-4465912646725771645","potions_obtained":[{"floor":1,"key":"Poison Potion"},{"floor":12,"key":"GamblersBrew"}],"is_trial":false,"path_per_floor":["M","?","T","$","?","R","M","E","T","M","R","E","M","M","R","B"],"character_chosen":"IRONCLAD","items_purchased":["Red Skull"],"campfire_rested":0,"item_purchase_floors":[4],"current_hp_per_floor":[72,72,72,72,72,72,64,20,20,23,23,16,20,26,26,1],"gold":298,"neow_bonus":"ONE_RARE_RELIC","is_prod":false,"is_daily":false,"chose_seed":false,"campfire_upgraded":3,"win_rate":0,"timestamp":1555043644,"path_taken":["M","?","?","$","?","R","M","E","T","M","R","E","M","?","R","BOSS"],"build_version":"2019-01-23","purchased_purges":1,"victory":false,"max_hp_per_floor":[75,75,75,75,75,75,75,75,75,75,75,75,75,75,75,75],"card_choices":[{"not_picked":["Perfected Strike","Body Slam"],"picked":"Disarm","floor":1},{"not_picked":["Sentinel+1","Bloodletting+1"],"picked":"Shockwave+1","floor":7},{"not_picked":["Iron Wave","Fire Breathing","Sword Boomerang"],"picked":"SKIP","floor":8},{"not_picked":["Sword Boomerang","Clash"],"picked":"Corruption","floor":10},{"not_picked":["Perfected Strike","Iron Wave","Infernal Blade+1"],"picked":"SKIP","floor":12},{"not_picked":["Pommel Strike","Clash"],"picked":"Intimidate+1","floor":13},{"not_picked":["Heavy Blade","Twin Strike","Perfected Strike"],"picked":"SKIP","floor":14}],"player_experience":3074804,"relics_obtained":[{"floor":3,"key":"Toxic Egg 2"},{"floor":8,"key":"Smiling Mask"},{"floor":9,"key":"MawBank"},{"floor":12,"key":"Anchor"}],"event_choices":[{"damage_healed":0,"gold_gain":150,"player_choice":"AGREE","damage_taken":0,"max_hp_gain":0,"max_hp_loss":0,"event_name":"Liars Game","floor":2,"gold_loss":0,"cards_obtained":["Doubt"]},{"damage_healed":0,"gold_gain":50,"player_choice":"Pray","damage_taken":0,"max_hp_gain":0,"max_hp_loss":0,"event_name":"Golden Shrine","floor":5,"gold_loss":0}],"is_beta":false,"boss_relics":[],"items_purged_floors":[4],"is_endless":false,"potions_floor_spawned":[1,12],"killed_by":"The Guardian","ascension_level":20}