{"gold_per_floor":[119,269,269,289,309,309,336,336,336,336,370,429,447,17,17,92,92,106,125,125,135,60,60,94,53,53,53,53,27,40,67,67,144,144,162,176,176,176,25,38,38,38,63,163,37,37,49,65,65,65],"floor_reached":51,"playtime":1724,"items_purged":["Strike_B","Parasite"],"score":1447,"play_id":"b20c4ed5-03d3-4206-8686-879aaf2d6250","local_time":"20190216212314","is_ascension_mode":true,"campfire_choices":[{"data":"Zap","floor":6,"key":"SMITH"},{"data":"Defragment","floor":8,"key":"SMITH"},{"data":"Dualcast","floor":10,"key":"SMITH"},{"data":"Seek","floor":15,"key":"SMITH"},{"floor":23,"key":"REST"},{"floor":27,"key":"REST"},{"data":"White Noise","floor":32,"key":"SMITH"},{"floor":41,"key":"REST"},{"floor":49,"key":"REST"}],"neow_cost":"NONE","seed_source_timestamp":212932320088500,"circlet_count":0,"master_deck":["AscendersBane","Strike_B+1","Defend_B","Defend_B","Defend_B","Zap+1","Dualcast+1","Cold Snap+1","Seek+1","Coolheaded","Defragment+1","Glacier","Rebound+1","Ball Lightning+1","Melter+1","Amplify","White Noise+1","Defragment+1","Ghostly","Ghostly","Ghostly","Consume","Turbo","Glacier","Stack+1","Auto Shields+1","Leap+1","Cold Snap+1","Cold Snap+1","Fission+1","Sunder+1","Panacea+1","Seek+1","Coolheaded+1","Conserve Battery+1","Defragment+1","Buffer+1","Loop+1"],"relics":["Cracked Core","Happy Flower","Sundial","Frozen Egg 2","Molten Egg 2","Bronze Scales","Bottled Lightning","Runic Dome","StoneCalendar","Toxic Egg 2","Kunai","Fusion Hammer","WingedGreaves","Whetstone","Girya"],"potions_floor_usage":[7,12,31,33,50],"damage_taken":[{"damage":2,"enemies":"Jaw Worm","floor":1,"turns":3},{"damage":0,"enemies":"2 Louse","floor":4,"turns":3},{"damage":0,"enemies":"Cultist","floor":5,"turns":3},{"damage":25,"enemies":"3 Sentries","floor":7,"turns":11},{"damage":2,"enemies":"Lagavulin","floor":11,"turns":6},{"damage":17,"enemies":"3 Sentries","floor":12,"turns":11},{"damage":7,"enemies":"3 Louse","floor":13,"turns":3},{"damage":18,"enemies":"Slime Boss","floor":16,"turns":10},{"damage":3,"enemies":"2 Thieves","floor":18,"turns":4},{"damage":6,"enemies":"Chosen","floor":19,"turns":3},{"damage":20,"enemies":"Centurion and Healer","floor":21,"turns":4},{"damage":4,"enemies":"Book of Stabbing","floor":24,"turns":5},{"damage":0,"enemies":"Cultist and Chosen","floor":30,"turns":7},{"damage":6,"enemies":"Gremlin Leader","floor":31,"turns":9},{"damage":23,"enemies":"Automaton","floor":33,"turns":14},{"damage":0,"enemies":"Orb Walker","floor":35,"turns":3},{"damage":0,"enemies":"3 Darklings","floor":36,"turns":6},{"damage":0,"enemies":"Writhing Mass","floor":40,"turns":7},{"damage":0,"enemies":"Mind Bloom Boss Battle","floor":44,"turns":6},{"damage":2,"enemies":"Transient","floor":47,"turns":6},{"damage":0,"enemies":"Jaw Worm Horde","floor":48,"turns":4},{"damage":0,"enemies":"Time Eater","floor":50,"turns":10}],"seed_played":"9082499106593111279","potions_obtained":[{"floor":4,"key":"Regen Potion"},{"floor":5,"key":"EssenceOfSteel"},{"floor":7,"key":"Regen Potion"},{"floor":13,"key":"Poison Potion"},{"floor":18,"key":"PowerPotion"},{"floor":40,"key":"PowerPotion"}],"is_trial":false,"path_per_floor":["M","?","?","M","M","R","E","R","T","R","E","?","M","$","R","B",null,"M","M","?","M","?","R","E","$","T","R","?","$","M","E","R","B",null,"M","M","?","T","$","M","R","$","T","?","$","?","M","M","R","B",null],"character_chosen":"DEFECT","items_purchased":["Bottled Lightning","Melter+1","Glacier","Leap+1","Seek+1","Conserve Battery+1"],"campfire_rested":4,"item_purchase_floors":[14,14,25,29,39,45],"current_hp_per_floor":[62,62,62,62,62,62,52,52,52,52,50,48,41,41,41,23,59,56,50,35,15,15,25,21,21,21,31,31,31,31,25,25,2,27,27,27,27,27,27,27,35,35,35,35,32,32,30,30,32,32],"gold":65,"neow_bonus":"RANDOM_COMMON_RELIC","is_prod":false,"is_daily":false,"chose_seed":false,"campfire_upgraded":5,"win_rate":0,"timestamp":1550319794,"path_taken":["M","?","?","?","M","R","E","R","T","R","E","?","M","$","R","BOSS","M","M","?","M","?","R","E","$","T","R","?","?","?","E","R","BOSS","M","?","?","?","?","?","R","$","T","?","$","?","M","?","R","BOSS"],"build_version":"2019-01-23","purchased_purges":2,"victory":true,"max_hp_per_floor":[71,71,71,71,71,71,71,71,71,71,71,71,71,71,71,71,71,71,71,35,35,35,35,35,35,35,35,35,35,35,35,35,35,35,35,35,35,35,35,35,35,35,35,35,32,32,32,32,32,32],"card_choices":[{"not_picked":["Coolheaded","Tempest"],"picked":"Cold Snap","floor":1},{"not_picked":["Go for the Eyes","Rebound"],"picked":"Seek","floor":4},{"not_picked":["Rebound","Aggregate"],"picked":"Coolheaded","floor":5},{"not_picked":["Turbo","Glacier"],"picked":"Defragment","floor":7},{"not_picked":["Hello World+1","Storm+1"],"picked":"Glacier","floor":11},{"not_picked":["Coolheaded","Scrape+1"],"picked":"Rebound+1","floor":12},{"not_picked":["Compile Driver+1","Storm+1"],"picked":"Ball Lightning+1","floor":13},{"not_picked":["Thunder Strike+1","Rainbow"],"picked":"Amplify","floor":16},{"not_picked":["Beam Cell+1","Leap+1"],"picked":"White Noise","floor":18},{"not_picked":["Sunder+1","Beam Cell+1"],"picked":"Defragment+1","floor":19},{"not_picked":["Streamline+1","Beam Cell+1"],"picked":"Consume","floor":21},{"not_picked":["Gash+1","Melter+1"],"picked":"Turbo","floor":24},{"not_picked":["Go for the Eyes+1","Steam+1"],"picked":"Cold Snap+1","floor":30},{"not_picked":["Beam Cell+1","Stack+1"],"picked":"Cold Snap+1","floor":31},{"not_picked":["All For One+1","Rainbow+1"],"picked":"Fission+1","floor":33},{"not_picked":["FTL+1","Auto Shields+1"],"picked":"Sunder+1","floor":35},{"not_picked":["Go for the Eyes+1","Ball Lightning+1","Sweeping Beam+1"],"picked":"SKIP","floor":36},{"not_picked":["Mayhem+1","Sadistic Nature+1"],"picked":"Panacea+1","floor":37},{"not_picked":["Go for the Eyes+1","Compile Driver+1","Storm+1"],"picked":"SKIP","floor":40},{"not_picked":["Leap+1","Go for the Eyes+1"],"picked":"Coolheaded+1","floor":44},{"not_picked":["Coolheaded+1","Steam Power+1"],"picked":"Buffer+1","floor":47},{"not_picked":["Steam+1","Sweeping Beam+1"],"picked":"Loop+1","floor":48}],"player_experience":99470,"relics_obtained":[{"floor":7,"key":"Sundial"},{"floor":9,"key":"Frozen Egg 2"},{"floor":11,"key":"Molten Egg 2"},{"floor":12,"key":"Bronze Scales"},{"floor":24,"key":"StoneCalendar"},{"floor":26,"key":"Toxic Egg 2"},{"floor":31,"key":"Kunai"},{"floor":38,"key":"WingedGreaves"},{"floor":43,"key":"Whetstone"},{"floor":44,"key":"Girya"}],"event_choices":[{"damage_healed":0,"gold_gain":150,"player_choice":"AGREE","damage_taken":0,"max_hp_gain":0,"max_hp_loss":0,"event_name":"Liars Game","floor":2,"gold_loss":0,"cards_obtained":["Doubt"]},{"cards_removed":["Doubt"],"damage_healed":0,"gold_gain":0,"player_choice":"Purged","damage_taken":0,"max_hp_gain":0,"max_hp_loss":0,"event_name":"Purifier","floor":3,"gold_loss":0},{"damage_healed":0,"gold_gain":0,"player_choice":"Searched \u00272\u0027 times","damage_taken":0,"max_hp_gain":0,"max_hp_loss":0,"event_name":"Dead Adventurer","floor":12,"gold_loss":0},{"damage_healed":0,"gold_gain":0,"player_choice":"Became a Ghost","damage_taken":0,"max_hp_gain":0,"max_hp_loss":36,"event_name":"Ghosts","floor":20,"gold_loss":0,"cards_obtained":["Ghostly","Ghostly","Ghostly"]},{"cards_removed":["Strike_B"],"damage_healed":0,"gold_gain":0,"player_choice":"Gave Gold","damage_taken":0,"max_hp_gain":0,"max_hp_loss":0,"event_name":"Beggar","floor":22,"gold_loss":75},{"damage_healed":0,"gold_gain":0,"cards_transformed":["Defend_B","Strike_B"],"player_choice":"Became Test Subject","damage_taken":0,"max_hp_gain":0,"max_hp_loss":0,"event_name":"Drug Dealer","floor":28,"gold_loss":0,"cards_obtained":["Stack","Auto Shields"]},{"damage_healed":0,"gold_gain":0,"player_choice":"Memory 1","damage_taken":0,"max_hp_gain":0,"max_hp_loss":0,"event_name":"SensoryStone","floor":37,"gold_loss":0},{"damage_healed":0,"gold_gain":0,"player_choice":"Fight","damage_taken":0,"max_hp_gain":0,"max_hp_loss":0,"event_name":"MindBloom","floor":44,"gold_loss":0},{"damage_healed":0,"gold_gain":0,"player_choice":"Copied","damage_taken":0,"max_hp_gain":0,"max_hp_loss":0,"event_name":"Duplicator","floor":46,"gold_loss":0,"cards_obtained":["Defragment"]}],"is_beta":false,"boss_relics":[{"not_picked":["Coffee Dripper","Runic Pyramid"],"picked":"Runic Dome"},{"not_picked":["White Beast Statue","Calling Bell"],"picked":"Fusion Hammer"}],"items_purged_floors":[14,45],"is_endless":false,"potions_floor_spawned":[4,5,7,13,18,21,30,40],"ascension_level":19}