{"gold_per_floor":[117,117,117,129,129,129,129,129,129,79,99,99,125,190,190],"floor_reached":15,"playtime":324,"items_purged":[],"score":118,"play_id":"3027c94d-326a-4adb-b5be-4eba9680b482","local_time":"20190421121449","is_ascension_mode":true,"campfire_choices":[{"data":"Bludgeon","floor":6,"key":"SMITH"},{"data":"Consume","floor":8,"key":"SMITH"},{"data":"Consume","floor":12,"key":"SMITH"}],"neow_cost":"NONE","seed_source_timestamp":461985640002700,"circlet_count":0,"master_deck":["Strike_B","Strike_B","Defend_B","Defend_B","Defend_B","Zap","Dualcast","Consume+1","Bludgeon+1","Consume+1","FTL","Undo"],"relics":["Snecko Eye","Golden Idol","Blue Candle","Odd Mushroom","Tiny Chest"],"potions_floor_usage":[14],"damage_taken":[{"damage":9,"enemies":"2 Louse","floor":1,"turns":3},{"damage":0,"enemies":"Cultist","floor":4,"turns":3},{"damage":0,"enemies":"Small Slimes","floor":11,"turns":2},{"damage":20,"enemies":"The Mushroom Lair","floor":13,"turns":3},{"damage":22,"enemies":"Gremlin Nob","floor":14,"turns":3}],"seed_played":"5245035355767529683","potions_obtained":[{"floor":1,"key":"Poison Potion"},{"floor":4,"key":"LiquidBronze"}],"is_trial":false,"path_per_floor":["M","?","$","M","?","R","?","R","T","?","M","R","?","E","R"],"character_chosen":"DEFECT","items_purchased":[],"campfire_rested":0,"item_purchase_floors":[],"current_hp_per_floor":[59,59,59,59,59,59,59,59,59,59,59,59,39,17,17],"gold":190,"neow_bonus":"BOSS_RELIC","is_prod":false,"is_daily":false,"chose_seed":false,"campfire_upgraded":3,"win_rate":0,"timestamp":1555816489,"path_taken":["M","?","$","?","?","R","?","R","T","?","M","R","?","E","R"],"build_version":"2019-01-23","purchased_purges":0,"victory":false,"max_hp_per_floor":[75,75,75,75,69,69,69,69,69,69,69,69,69,69,69],"card_choices":[{"not_picked":["Fusion","Beam Cell"],"picked":"Consume","floor":1},{"not_picked":["Stack","Compile Driver"],"picked":"Consume","floor":4},{"not_picked":["BootSequence","FTL","Hello World"],"picked":"SKIP","floor":11},{"not_picked":["Darkness","Static Discharge"],"picked":"Undo","floor":13},{"not_picked":["Compile Driver","Gash","Amplify"],"picked":"SKIP","floor":14}],"player_experience":3266246,"relics_obtained":[{"floor":9,"key":"Blue Candle"},{"floor":13,"key":"Odd Mushroom"},{"floor":14,"key":"Tiny Chest"}],"event_choices":[{"cards_removed":["Strike_B"],"damage_healed":0,"gold_gain":0,"player_choice":"Took Card","damage_taken":0,"max_hp_gain":0,"max_hp_loss":0,"event_name":"NoteForYourself","floor":2,"gold_loss":0,"cards_obtained":["Bludgeon"]},{"damage_healed":0,"gold_gain":0,"player_choice":"Lose Max HP","damage_taken":0,"relics_obtained":["Golden Idol"],"max_hp_gain":0,"max_hp_loss":6,"event_name":"Golden Idol","floor":5,"gold_loss":0},{"damage_healed":0,"gold_gain":0,"cards_transformed":["Strike_B"],"player_choice":"Change","damage_taken":0,"max_hp_gain":0,"max_hp_loss":0,"event_name":"Living Wall","floor":7,"gold_loss":0,"cards_obtained":["FTL"]},{"cards_removed":["Defend_B"],"damage_healed":0,"gold_gain":0,"player_choice":"Card Removal","damage_taken":0,"max_hp_gain":0,"max_hp_loss":0,"event_name":"The Cleric","floor":10,"gold_loss":50},{"damage_healed":0,"gold_gain":0,"player_choice":"Fought Mushrooms","damage_taken":0,"max_hp_gain":0,"max_hp_loss":0,"event_name":"Mushrooms","floor":13,"gold_loss":0}],"is_beta":false,"boss_relics":[],"items_purged_floors":[],"is_endless":false,"potions_floor_spawned":[1,4],"ascension_level":6}