{"gold_per_floor":[12,162,162,162,29,29,52,52,52,52,327,366,108,123,123,123],"floor_reached":16,"playtime":272,"items_purged":["Doubt","Regret"],"score":192,"play_id":"21acb8c2-1b8a-49f4-9ece-133a7b268e93","local_time":"20190323155609","is_ascension_mode":true,"campfire_choices":[{"data":"Barricade","floor":6,"key":"SMITH"},{"data":"Shrug It Off","floor":8,"key":"SMITH"},{"floor":10,"key":"REST"},{"data":"True Grit","floor":15,"key":"SMITH"}],"neow_cost":"NO_GOLD","seed_source_timestamp":336051925948400,"circlet_count":0,"master_deck":["AscendersBane","Strike_R","Strike_R","Strike_R","Strike_R","Strike_R","Defend_R","Defend_R","Defend_R","Defend_R","Bash","Barricade+1","Spot Weakness","Shrug It Off+1","Rampage","True Grit+1"],"relics":["Burning Blood","Golden Idol","Anchor","Ornamental Fan","Lantern"],"potions_floor_usage":[16],"damage_taken":[{"damage":19,"enemies":"Jaw Worm","floor":1,"turns":4},{"damage":0,"enemies":"2 Louse","floor":7,"turns":2},{"damage":34,"enemies":"3 Sentries","floor":12,"turns":10},{"damage":3,"enemies":"Small Slimes","floor":14,"turns":3},{"damage":18,"enemies":"Slime Boss","floor":16,"turns":6}],"seed_played":"-728275787854997084","potions_obtained":[{"floor":1,"key":"SmokeBomb"},{"floor":12,"key":"Swift Potion"}],"is_trial":false,"path_per_floor":["M","?","?","?","$","R","M","R","T","R","?","E","$","M","R","B"],"character_chosen":"IRONCLAD","items_purchased":["Shrug It Off","Lantern"],"campfire_rested":1,"item_purchase_floors":[5,13],"current_hp_per_floor":[55,55,29,24,24,24,30,30,30,52,52,24,24,27,27,9],"gold":123,"neow_bonus":"THREE_RARE_CARDS","is_prod":false,"is_daily":false,"chose_seed":false,"campfire_upgraded":3,"win_rate":0,"timestamp":1553324169,"path_taken":["M","?","?","?","?","R","?","R","T","R","?","E","$","?","R","BOSS"],"build_version":"2019-01-23","purchased_purges":2,"victory":false,"max_hp_per_floor":[75,75,75,75,75,75,75,75,75,75,75,75,75,75,75,75],"card_choices":[{"not_picked":["Demon Form","Bludgeon"],"picked":"Barricade","floor":0},{"not_picked":["Searing Blow","Wild Strike"],"picked":"Spot Weakness","floor":1},{"not_picked":["Sentinel","Corruption"],"picked":"Rampage","floor":7},{"not_picked":["Spot Weakness","Rupture","Infernal Blade"],"picked":"SKIP","floor":12},{"not_picked":["Headbutt","Dropkick"],"picked":"True Grit","floor":14}],"player_experience":2505138,"relics_obtained":[{"floor":12,"key":"Ornamental Fan"}],"event_choices":[{"damage_healed":0,"gold_gain":150,"player_choice":"AGREE","damage_taken":0,"max_hp_gain":0,"max_hp_loss":0,"event_name":"Liars Game","floor":2,"gold_loss":0,"cards_obtained":["Doubt"]},{"damage_healed":0,"gold_gain":0,"player_choice":"Take Damage","damage_taken":26,"relics_obtained":["Golden Idol"],"max_hp_gain":0,"max_hp_loss":0,"event_name":"Golden Idol","floor":3,"gold_loss":0},{"damage_healed":0,"gold_gain":0,"player_choice":"Success","damage_taken":5,"relics_obtained":["Anchor"],"max_hp_gain":0,"max_hp_loss":0,"event_name":"Scrap Ooze","floor":4,"gold_loss":0},{"damage_healed":0,"gold_gain":275,"player_choice":"Desecrate","damage_taken":0,"max_hp_gain":0,"max_hp_loss":0,"event_name":"Golden Shrine","floor":11,"gold_loss":0,"cards_obtained":["Regret"]}],"is_beta":false,"boss_relics":[],"items_purged_floors":[5,13],"is_endless":false,"potions_floor_spawned":[1,12],"killed_by":"Slime Boss","ascension_level":20}