{"gold_per_floor":[362,362,287,306,15,49,49,74,74,74,74,74,106,119,119,196,196,212,231,231,244,244],"floor_reached":22,"playtime":714,"items_purged":[],"score":454,"play_id":"0dedd565-e1b6-41ad-8809-510b42191385","local_time":"20190422122105","is_ascension_mode":true,"campfire_choices":[{"data":"Whirlwind","floor":7,"key":"SMITH"},{"data":"Bash","floor":10,"key":"SMITH"},{"data":"True Grit","floor":15,"key":"SMITH"}],"neow_cost":"TEN_PERCENT_HP_LOSS","seed_source_timestamp":217679894000,"circlet_count":0,"master_deck":["AscendersBane","Strike_R","Strike_R","Strike_R","Strike_R","Strike_R","Defend_R","Defend_R","Defend_R","Defend_R","Bash+1","Shrug It Off+1","Seeing Red+1","Whirlwind+1","Feel No Pain","True Grit+1","Fiend Fire","Shrug It Off","Corruption","Armaments","Second Wind","Dual Wield","Shockwave","Demon Form","Battle Trance+1","Feel No Pain"],"special_seed":0,"relics":["Burning Blood","Anchor","Chemical X","War Paint","Girya","Blue Candle","Prayer Wheel","Orrery"],"potions_floor_usage":[13,16,19,22],"damage_taken":[{"damage":7,"enemies":"Small Slimes","floor":1,"turns":4},{"damage":4,"enemies":"Jaw Worm","floor":4,"turns":4},{"damage":12,"enemies":"3 Sentries","floor":6,"turns":5},{"damage":12,"enemies":"Lagavulin","floor":8,"turns":6},{"damage":0,"enemies":"3 Sentries","floor":13,"turns":2},{"damage":0,"enemies":"Cultist","floor":14,"turns":3},{"damage":25,"enemies":"The Guardian","floor":16,"turns":15},{"damage":12,"enemies":"2 Thieves","floor":18,"turns":3},{"damage":12,"enemies":"Shell Parasite","floor":19,"turns":4},{"damage":30,"enemies":"Snake Plant","floor":21,"turns":6},{"damage":13,"enemies":"Sentry and Sphere","floor":22,"turns":3}],"seed_played":"-5432078149954140083","potions_obtained":[{"floor":6,"key":"GamblersBrew"},{"floor":8,"key":"Poison Potion"},{"floor":18,"key":"SkillPotion"},{"floor":19,"key":"Explosive Potion"}],"is_trial":false,"path_per_floor":["M","?","?","M","$","E","R","E","T","R","$","T","E","M","R","B",null,"M","M","?","M","M"],"character_chosen":"IRONCLAD","items_purchased":["Whirlwind","Chemical X"],"campfire_rested":0,"item_purchase_floors":[5,5],"current_hp_per_floor":[67,67,67,68,68,62,62,56,56,56,56,56,62,68,68,49,63,57,51,51,27,14],"gold":244,"neow_bonus":"TWO_FIFTY_GOLD","is_prod":false,"is_daily":false,"chose_seed":true,"campfire_upgraded":3,"win_rate":0,"timestamp":1555903265,"path_taken":["M","?","?","M","$","E","R","E","T","R","$","?","E","?","R","BOSS","M","M","?","?","M"],"build_version":"2019-01-23","purchased_purges":0,"victory":false,"max_hp_per_floor":[68,68,68,68,68,68,68,68,68,68,68,68,68,68,68,68,68,68,68,68,68,68],"card_choices":[{"not_picked":["Headbutt","Clash"],"picked":"Shrug It Off","floor":1},{"not_picked":["Pommel Strike","Power Through"],"picked":"Seeing Red","floor":4},{"not_picked":["Bloodletting","Intimidate"],"picked":"Feel No Pain","floor":6},{"not_picked":["Immolate","Havoc","Anger"],"picked":"SKIP","floor":8},{"not_picked":["Body Slam","Heavy Blade","Pommel Strike"],"picked":"SKIP","floor":13},{"not_picked":["Hemokinesis","Searing Blow"],"picked":"True Grit","floor":14},{"not_picked":["Iron Wave","Uppercut","Body Slam"],"picked":"SKIP","floor":14},{"not_picked":["Exhume","Immolate"],"picked":"Fiend Fire","floor":16},{"not_picked":["Pommel Strike","Sword Boomerang"],"picked":"Shrug It Off","floor":17},{"not_picked":["Perfected Strike","Carnage"],"picked":"Corruption","floor":17},{"not_picked":["Clash","Rupture"],"picked":"Armaments","floor":17},{"not_picked":["Wild Strike","Havoc"],"picked":"Second Wind","floor":18},{"not_picked":["Twin Strike","Second Wind"],"picked":"Dual Wield","floor":18},{"not_picked":["Dark Embrace","Clash"],"picked":"Shockwave","floor":19},{"not_picked":["Corruption","Cleave","Body Slam"],"picked":"SKIP","floor":19},{"not_picked":["Anger","Perfected Strike"],"picked":"Battle Trance+1","floor":21},{"not_picked":["Armaments","Power Through"],"picked":"Feel No Pain","floor":21}],"player_experience":3289006,"relics_obtained":[{"floor":6,"key":"War Paint"},{"floor":8,"key":"Girya"},{"floor":12,"key":"Blue Candle"},{"floor":13,"key":"Prayer Wheel"}],"event_choices":[{"damage_healed":0,"gold_gain":0,"player_choice":"Box","damage_taken":0,"relics_obtained":["Anchor"],"max_hp_gain":0,"max_hp_loss":0,"event_name":"Big Fish","floor":2,"gold_loss":0,"cards_obtained":["Regret"]},{"cards_removed":["Regret"],"damage_healed":0,"gold_gain":0,"player_choice":"Card Removal","damage_taken":0,"max_hp_gain":0,"max_hp_loss":0,"event_name":"The Cleric","floor":3,"gold_loss":75},{"damage_healed":0,"gold_gain":0,"player_choice":"1 cards matched","damage_taken":0,"max_hp_gain":0,"max_hp_loss":0,"event_name":"Match and Keep!","floor":20,"gold_loss":0,"cards_obtained":["Demon Form"]}],"is_beta":false,"boss_relics":[{"not_picked":["White Beast Statue","Runic Cube"],"picked":"Orrery"}],"items_purged_floors":[],"is_endless":false,"potions_floor_spawned":[6,8,18,19],"killed_by":"Sentry and Sphere","ascension_level":20}