{"gold_per_floor":[111,111,111,36,36,36,80,80,80,80,120,133,166,248,248,337,337,356,356,374,388,402,402,185,185,264,264,307,15,51,66,66,161,161,185,208,228,228,249,249,288,20,43,43,43,43,81,94,94,94,94,94,94,49,84,84],"floor_reached":57,"playtime":2823,"items_purged":["Pain","Strike_R"],"score":3078,"play_id":"bbe0c0cb-f19c-4145-b05b-4cc6aba632f1","local_time":"20190311142534","is_ascension_mode":true,"campfire_choices":[{"data":"Bash","floor":6.0,"key":"SMITH"},{"data":"Disarm","floor":8.0,"key":"SMITH"},{"data":"Seeing Red","floor":10.0,"key":"SMITH"},{"data":"Whirlwind","floor":15.0,"key":"SMITH"},{"data":"Shockwave","floor":23.0,"key":"SMITH"},{"data":"Feel No Pain","floor":25.0,"key":"SMITH"},{"floor":27.0,"key":"REST"},{"data":"Shockwave","floor":32.0,"key":"SMITH"},{"data":"Feel No Pain","floor":40.0,"key":"SMITH"},{"floor":44,"key":"REST"},{"floor":49,"key":"RECALL"},{"data":"Feel No Pain","floor":53,"key":"SMITH"}],"neow_cost":"NONE","seed_source_timestamp":185181298517300,"circlet_count":0,"master_deck":["AscendersBane","Defend_R+1","Defend_R","Defend_R","Defend_R+1","Bash+1","Seeing Red+1","Disarm+1","Offering","Whirlwind+1","Reaper","Shockwave+1","Shockwave+1","Feel No Pain+1","Offering","Feel No Pain+1","Blood for Blood","Heavy Blade","Barricade","Corruption","Entrench","Madness","Madness","Burning Pact","Shrug It Off","Secret Technique","Finesse","Shrug It Off","Rage+1","Feel No Pain+1","Feel No Pain","Carnage+1"],"special_seed":0,"relics":["Burning Blood","NeowsBlessing","Golden Idol","Letter Opener","Shuriken","Regal Pillow","Torii","Pantograph","Snecko Eye","WarpedTongs","The Courier","Bronze Scales","Potion Belt","Dream Catcher","Empty Cage","Happy Flower","Gambling Chip"],"potions_floor_usage":[50,51,56,56,56,56,56,56,56],"damage_taken":[{"damage":0.0,"enemies":"Small Slimes","floor":1.0,"turns":1.0},{"damage":0.0,"enemies":"Lagavulin","floor":7.0,"turns":1.0},{"damage":0.0,"enemies":"Gremlin Nob","floor":11.0,"turns":1.0},{"damage":10.0,"enemies":"Jaw Worm","floor":12.0,"turns":3.0},{"damage":15.0,"enemies":"Lagavulin","floor":13.0,"turns":6.0},{"damage":26.0,"enemies":"The Guardian","floor":16.0,"turns":12.0},{"damage":17.0,"enemies":"Chosen","floor":18.0,"turns":5.0},{"damage":35.0,"enemies":"Spheric Guardian","floor":20.0,"turns":6.0},{"damage":11.0,"enemies":"Centurion and Healer","floor":21.0,"turns":3.0},{"damage":19.0,"enemies":"Snake Plant","floor":22.0,"turns":7.0},{"damage":0.0,"enemies":"Slavers","floor":28.0,"turns":1.0},{"damage":12.0,"enemies":"Gremlin Leader","floor":30.0,"turns":5.0},{"damage":12.0,"enemies":"Cultist and Chosen","floor":31.0,"turns":6.0},{"damage":59.0,"enemies":"Collector","floor":33.0,"turns":11.0},{"damage":28.0,"enemies":"3 Darklings","floor":35.0,"turns":4.0},{"damage":0.0,"enemies":"3 Shapes","floor":36.0,"turns":6.0},{"damage":31.0,"enemies":"Writhing Mass","floor":37.0,"turns":4.0},{"damage":6.0,"enemies":"Sphere and 2 Shapes","floor":39.0,"turns":5.0},{"damage":43.0,"enemies":"Nemesis","floor":41.0,"turns":16.0},{"damage":12,"enemies":"Giant Head","floor":47,"turns":7},{"damage":24,"enemies":"4 Shapes","floor":48,"turns":5},{"damage":12,"enemies":"Time Eater","floor":50,"turns":17},{"damage":53,"enemies":"Donu and Deca","floor":51,"turns":12},{"damage":12,"enemies":"Shield and Spear","floor":55,"turns":10},{"damage":20,"enemies":"The Heart","floor":56,"turns":9}],"seed_played":"-6719758067411543558","potions_obtained":[{"floor":1.0,"key":"FearPotion"},{"floor":13.0,"key":"GamblersBrew"},{"floor":16.0,"key":"Dexterity Potion"},{"floor":18.0,"key":"GamblersBrew"},{"floor":20.0,"key":"Regen Potion"},{"floor":21.0,"key":"Strength Potion"},{"floor":33.0,"key":"Explosive Potion"},{"floor":37.0,"key":"Block Potion"},{"floor":41,"key":"SteroidPotion"},{"floor":47,"key":"Regen Potion"},{"floor":48,"key":"EntropicBrew"}],"is_trial":false,"path_per_floor":["M","?","?","?","?","R","E","R","T","R","E","M","E","T","R","B",null,"M","?","M","M","M","R","$","R","T","R","E","$","E","M","R","B",null,"M","M","M","?","M","R","E","$","T","R","?","$","E","M","R","B","B",null,"R","$","E","B",null],"character_chosen":"IRONCLAD","items_purchased":["Feel No Pain","SkillPotion","Feel No Pain","Potion Belt","Block Potion","Secret Technique","Finesse","Shrug It Off","PowerPotion"],"campfire_rested":2,"item_purchase_floors":[24,24,29,29,29,42,42,42,54],"current_hp_per_floor":[74,48,25,25,25,25,31,31,31,31,37,33,24,24,24,29,64,59,59,30,41,34,34,34,34,34,71,75,75,74,75,75,41,67,53,75,52,38,50,50,22,22,22,59,59,59,64,67,67,75,57,71,71,71,69,61],"gold":84,"neow_bonus":"THREE_ENEMY_KILL","is_prod":false,"is_daily":false,"chose_seed":false,"campfire_upgraded":9,"win_rate":0,"timestamp":1552281934,"path_taken":["M","?","?","?","?","R","E","R","T","R","E","M","E","?","R","BOSS","M","?","M","?","M","R","?","R","T","R","E","?","E","M","R","BOSS","M","M","M","?","M","R","E","$","T","R","?","?","E","?","R","BOSS","BOSS","R","$","E","BOSS"],"build_version":"2019-01-23","purchased_purges":2,"victory":true,"max_hp_per_floor":[75,75,75,75,75,75,75,75,75,75,75,75,75,75,75,75,75,75,75,75,75,75,75,75,75,75,75,75,75,75,75,75,75,75,75,75,75,75,75,75,75,75,75,75,75,75,75,75,75,75,75,75,75,75,75,75],"card_choices":[{"not_picked":["Sword Boomerang","Pommel Strike"],"picked":"Seeing Red","floor":1.0},{"not_picked":["Combust","Infernal Blade"],"picked":"Disarm","floor":7.0},{"not_picked":["Bloodletting","Body Slam"],"picked":"Offering","floor":11.0},{"not_picked":["Flex","Warcry","Heavy Blade"],"picked":"SKIP","floor":12.0},{"not_picked":["Evolve","Inflame"],"picked":"Whirlwind","floor":13.0},{"not_picked":["Berserk","Exhume"],"picked":"Reaper","floor":16.0},{"not_picked":["Headbutt","Sword Boomerang"],"picked":"Shockwave","floor":18.0},{"not_picked":["Heavy Blade","Brutality"],"picked":"Power Through","floor":20.0},{"not_picked":["Dropkick","Clash","Wild Strike"],"picked":"SKIP","floor":21.0},{"not_picked":["Body Slam","Entrench"],"picked":"Shockwave","floor":22.0},{"not_picked":["Iron Wave","True Grit"],"picked":"Offering","floor":28.0},{"not_picked":["Dropkick","Thunderclap"],"picked":"Blood for Blood","floor":30.0},{"not_picked":["Pommel Strike","Body Slam+1"],"picked":"Heavy Blade","floor":31.0},{"not_picked":["Dark Embrace","Impervious"],"picked":"Barricade","floor":33.0},{"not_picked":["Carnage","Twin Strike+1"],"picked":"Corruption","floor":35.0},{"not_picked":["Heavy Blade","Wild Strike+1","Perfected Strike"],"picked":"SKIP","floor":36.0},{"not_picked":["Headbutt","Havoc"],"picked":"Entrench","floor":37.0},{"not_picked":["Hemokinesis+1","Pommel Strike"],"picked":"Burning Pact","floor":39.0},{"not_picked":["Metallicize","Iron Wave"],"picked":"Shrug It Off","floor":41},{"not_picked":["Anger","Flex"],"picked":"Rage+1","floor":44},{"not_picked":["Double Tap","Flex"],"picked":"Feel No Pain","floor":47},{"not_picked":["Flex","Corruption+1"],"picked":"Feel No Pain","floor":48},{"not_picked":["Fire Breathing","Rage"],"picked":"Carnage+1","floor":55}],"player_experience":2176988,"relics_obtained":[{"floor":7.0,"key":"Letter Opener"},{"floor":9.0,"key":"Shuriken"},{"floor":11.0,"key":"Regal Pillow"},{"floor":13.0,"key":"Torii"},{"floor":14.0,"key":"Pantograph"},{"floor":26.0,"key":"The Courier"},{"floor":28.0,"key":"Bronze Scales"},{"floor":30.0,"key":"Dream Catcher"},{"floor":47,"key":"Happy Flower"},{"floor":55,"key":"Gambling Chip"}],"event_choices":[{"damage_healed":0.0,"max_hp_gain":0.0,"max_hp_loss":0.0,"gold_gain":0.0,"event_name":"Golden Idol","player_choice":"Take Damage","floor":2.0,"gold_loss":0.0,"damage_taken":26.0,"relics_obtained":["Golden Idol"]},{"damage_healed":0.0,"max_hp_gain":0.0,"max_hp_loss":0.0,"gold_gain":0.0,"event_name":"Shining Light","player_choice":"Entered Light","floor":3.0,"gold_loss":0.0,"damage_taken":23.0,"cards_upgraded":["Defend_R","Defend_R"]},{"cards_removed":["Strike_R"],"damage_healed":0.0,"max_hp_gain":0.0,"max_hp_loss":0.0,"gold_gain":0.0,"event_name":"The Cleric","player_choice":"Card Removal","floor":4.0,"gold_loss":75.0,"damage_taken":0.0},{"cards_removed":["Strike_R"],"damage_healed":0.0,"max_hp_gain":0.0,"max_hp_loss":0.0,"gold_gain":0.0,"event_name":"Living Wall","player_choice":"Forget","floor":5.0,"gold_loss":0.0,"damage_taken":0.0},{"damage_healed":0.0,"max_hp_gain":0.0,"max_hp_loss":0.0,"gold_gain":0.0,"event_name":"Accursed Blacksmith","player_choice":"Rummage","floor":19.0,"gold_loss":0.0,"damage_taken":0.0,"relics_obtained":["WarpedTongs"],"cards_obtained":["Pain"]},{"damage_healed":0.0,"max_hp_gain":0.0,"max_hp_loss":0.0,"gold_gain":0.0,"event_name":"Winding Halls","player_choice":"Embrace Madness","floor":38.0,"gold_loss":0.0,"damage_taken":14.0,"cards_obtained":["Madness","Madness"]},{"cards_removed":["Power Through"],"damage_healed":0,"gold_gain":0,"player_choice":"Purged","damage_taken":0,"max_hp_gain":0,"max_hp_loss":0,"event_name":"Purifier","floor":45,"gold_loss":0}],"is_beta":false,"boss_relics":[{"not_picked":["Lizard Tail","Velvet Choker"],"picked":"Snecko Eye"},{"not_picked":["White Beast Statue","Black Star"],"picked":"Empty Cage"}],"items_purged_floors":[24,29],"is_endless":false,"potions_floor_spawned":[1,13,16,18,20,21,33,37,41,47,48],"ascension_level":20}