{"path_per_floor":["M","M","M","M","M","R","?","E","T","E","M","R","E","?","R","B",null,"M","?","M","M","$","E","$","R","T","?","M","M","R","E","R","B",null,"M","$","?","M","$","R","M","R","T","M","M","R","M","M","R","B"],"character_chosen":"THE_SILENT","items_purchased":["Thread and Needle"],"gold_per_floor":[113,132,143,161,173,173,173,206,258,289,309,309,344,309,309,409,409,422,422,434,445,63,93,93,93,93,93,110,120,120,146,146,241,241,259,159,159,169,44,44,63,63,63,79,98,98,116,134,134,134],"floor_reached":51,"campfire_rested":0,"playtime":4230,"current_hp_per_floor":[70,70,65,64,57,57,62,42,42,39,38,38,26,44,44,29,64,64,64,64,49,49,49,49,49,49,49,49,49,49,49,49,48,68,68,68,68,68,68,68,71,71,71,61,64,64,64,63,63,61],"items_purged":["Writhe","Defend_G","Strike_G"],"gold":134,"score":920,"play_id":"9dced30a-96cb-44c1-834a-176ab526a441","local_time":"20180313213928","is_prod":false,"is_daily":false,"is_ascension_mode":true,"campfire_upgraded":4,"timestamp":1520948368,"path_taken":["M","M","?","M","M","R","?","E","T","E","M","R","E","?","R","BOSS","M","?","M","?","$","E","$","R","T","?","M","M","R","E","R","BOSS","M","$","?","?","$","R","M","R","T","M","M","R","M","M","R","BOSS"],"build_version":"2018-03-12v2","purchased_purges":3,"victory":true,"master_deck":["Defend_G","Defend_G","Strike_G","Strike_G","Survivor","Neutralize+1","Terror","After Image+1","Infinite Blades+1","Flying Knee","Bullet Time+1","Adrenaline","Blur+1","Backflip+1","Predator+1","Well Laid Plans","Backflip+1","Concentrate","Dagger Spray+1","Expertise+1","Burst+1","Acrobatics","Venomology","Riddle With Holes+1","Dash+1","Crippling Poison+1","Finisher+1"],"max_hp_per_floor":[70,70,70,70,70,70,75,75,75,75,75,75,75,75,75,75,75,75,75,75,75,75,75,75,75,75,75,75,75,75,75,75,75,75,75,75,75,75,75,75,75,75,75,75,75,75,75,75,75,75],"relics":["Ring of the Snake","Toolbox","Happy Flower","Bag of Preparation","Pen Nib","Astrolabe","Girya","Thread and Needle","Ice Cream","Sundial","Shovel","Orrery","Prayer Wheel","Gambling Chip","Orichalcum","Bag of Marbles"],"card_choices":[{"not_picked":["Cloak And Dagger","Underhanded Strike"],"picked":"Terror"},{"not_picked":["Reflex","Deflect"],"picked":"After Image"},{"not_picked":["Deflect","Acrobatics"],"picked":"Backflip"},{"not_picked":["Dodge and Roll","Outmaneuver"],"picked":"Infinite Blades"},{"not_picked":["Leg Sweep","Deadly Poison"],"picked":"Flying Knee"},{"not_picked":["Flechettes","Concentrate"],"picked":"Bullet Time"},{"not_picked":["Die Die Die","Envenom"],"picked":"Adrenaline"},{"not_picked":["Bouncing Flask","Masterful Stab"],"picked":"Well Laid Plans"},{"not_picked":["Masterful Stab","Dagger Spray"],"picked":"Backflip"},{"not_picked":["Deadly Poison","Escape Plan"],"picked":"Concentrate"},{"not_picked":["Underhanded Strike","Endless Agony"],"picked":"Dagger Spray"},{"not_picked":["Reflex","Backflip"],"picked":"Expertise"},{"not_picked":["Glass Knife","Tactician"],"picked":"Burst"},{"not_picked":["Endless Agony","Flying Knee"],"picked":"Acrobatics"},{"not_picked":["Poisoned Stab","Malaise"],"picked":"Venomology"},{"not_picked":["Concentrate","Underhanded Strike"],"picked":"Riddle With Holes"},{"not_picked":["Dagger Throw","PiercingWail"],"picked":"Dash"},{"not_picked":["Underhanded Strike","Bane"],"picked":"Crippling Poison"},{"not_picked":["Doppelganger","Skewer"],"picked":"Finisher"}],"player_experience":184870,"potions_floor_usage":[5,8,33,38,41,41,44,45,47,50,50,50,50],"damage_taken":[{"damage":0,"enemies":"Cultist","floor":1,"turns":5},{"damage":0,"enemies":"2 Louse","floor":2,"turns":4},{"damage":5,"enemies":"Small Slimes","floor":3,"turns":4},{"damage":1,"enemies":"2 Fungi Beasts","floor":4,"turns":6},{"damage":7,"enemies":"3 Louse","floor":5,"turns":8},{"damage":20,"enemies":"Gremlin Nob","floor":8,"turns":5},{"damage":3,"enemies":"3 Sentries","floor":10,"turns":12},{"damage":1,"enemies":"Blue Slaver","floor":11,"turns":4},{"damage":12,"enemies":"Gremlin Nob","floor":13,"turns":4},{"damage":15,"enemies":"Slime Boss","floor":16,"turns":6},{"damage":0,"enemies":"3 Byrds","floor":18,"turns":7},{"damage":0,"enemies":"Shell Parasite","floor":20,"turns":3},{"damage":15,"enemies":"Centurion and Healer","floor":21,"turns":5},{"damage":0,"enemies":"Gremlin Leader","floor":23,"turns":7},{"damage":0,"enemies":"Sentry and Sphere","floor":28,"turns":5},{"damage":0,"enemies":"Snake Plant","floor":29,"turns":4},{"damage":0,"enemies":"Slavers","floor":31,"turns":3},{"damage":1,"enemies":"Automaton","floor":33,"turns":6},{"damage":0,"enemies":"3 Darklings","floor":35,"turns":4},{"damage":0,"enemies":"Flame Bruiser 1 Orb","floor":38,"turns":4},{"damage":0,"enemies":"Spire Growth","floor":41,"turns":3},{"damage":10,"enemies":"4 Shapes","floor":44,"turns":4},{"damage":0,"enemies":"Flame Bruiser 2 Orb","floor":45,"turns":3},{"damage":0,"enemies":"Maw","floor":47,"turns":4},{"damage":1,"enemies":"Sphere and 2 Shapes","floor":48,"turns":3},{"damage":2,"enemies":"Awakened One","floor":50,"turns":7}],"event_choices":[{"event_name":"Big Fish","player_choice":"Donut","floor":7,"damage_taken":0},{"event_name":"The Cleric","player_choice":"Healed","floor":14,"damage_taken":0},{"event_name":"The Mausoleum","player_choice":"Yes","floor":19,"damage_taken":0},{"event_name":"Back to Basics","player_choice":"Elegance","floor":27,"damage_taken":0}],"boss_relics":[{"not_picked":["Runic Dome","Philosopher\u0027s Stone"],"picked":"Astrolabe"},{"not_picked":["Snecko Eye","Eternal Feather"],"picked":"Orrery"}],"potions_floor_spawned":[2,4,5,13,16,20,21,23,33,38,41,44,47],"seed_played":"947644077953062999","ascension_level":5,"is_trial":false}