{"gold_per_floor":[117,192,192,205,205,233,233,233,233,233,268,278,278,24,24,102,102,120,130,150,20,20,20,30,30,30,30,30,30],"floor_reached":29,"playtime":826,"items_purged":[],"score":508,"play_id":"1e1b0e6c-2353-4492-8df0-a67bbd1b9d1b","local_time":"20190418194613","is_ascension_mode":true,"campfire_choices":[{"data":"Bash","floor":10.0,"key":"SMITH"},{"data":"Second Wind","floor":13.0,"key":"SMITH"},{"data":"Strike_R","floor":15.0,"key":"PURGE"},{"floor":23,"key":"REST"},{"data":"Perfected Strike","floor":25,"key":"PURGE"},{"data":"Strike_R","floor":28,"key":"PURGE"}],"neow_cost":"NONE","seed_source_timestamp":229360581782800,"circlet_count":0,"master_deck":["AscendersBane","Strike_R","Strike_R","Defend_R","Defend_R+1","Defend_R","Defend_R","Bash+1","Spot Weakness+1","Second Wind+1","Power Through","Offering","Body Slam","Ghostly Armor+1"],"special_seed":0,"relics":["Burning Blood","NeowsBlessing","Paper Frog","War Paint","Torii","Matryoshka","The Courier","Peace Pipe","Sozu","Regal Pillow","Juzu Bracelet","Mummified Hand"],"potions_floor_usage":[],"damage_taken":[{"damage":0.0,"enemies":"Cultist","floor":1.0,"turns":1.0},{"damage":0.0,"enemies":"Jaw Worm","floor":4.0,"turns":1.0},{"damage":0.0,"enemies":"Gremlin Nob","floor":6.0,"turns":1.0},{"damage":42.0,"enemies":"3 Sentries","floor":11.0,"turns":14.0},{"damage":2.0,"enemies":"2 Louse","floor":12.0,"turns":3.0},{"damage":22.0,"enemies":"The Guardian","floor":16.0,"turns":11.0},{"damage":30.0,"enemies":"Spheric Guardian","floor":18.0,"turns":6.0},{"damage":23.0,"enemies":"Shell Parasite","floor":19.0,"turns":4.0},{"damage":16.0,"enemies":"Snecko","floor":20.0,"turns":7.0},{"damage":28,"enemies":"Shelled Parasite and Fungi","floor":24,"turns":4},{"damage":6,"enemies":"Cultist and Chosen","floor":29,"turns":3}],"seed_played":"-2724677447405256569","potions_obtained":[{"floor":1.0,"key":"Weak Potion"},{"floor":4.0,"key":"Weak Potion"},{"floor":8.0,"key":"AttackPotion"},{"floor":8.0,"key":"EntropicBrew"},{"floor":11.0,"key":"Weak Potion"},{"floor":16.0,"key":"AttackPotion"}],"is_trial":false,"path_per_floor":["M","?","T","M","?","E","?","?","T","R","E","M","R","$","R","B",null,"M","M","M","$","?","R","M","R","T","$","R","M"],"character_chosen":"IRONCLAD","items_purchased":["Peace Pipe","Regal Pillow"],"campfire_rested":1,"item_purchase_floors":[14,21],"current_hp_per_floor":[74,63,63,69,69,75,70,70,70,70,34,38,38,38,38,22,62,38,21,11,11,11,48,26,26,26,26,26,20],"gold":30,"neow_bonus":"THREE_ENEMY_KILL","is_prod":false,"is_daily":false,"chose_seed":false,"campfire_upgraded":2,"win_rate":0,"timestamp":1555584373,"path_taken":["M","?","?","M","?","E","?","?","T","R","E","?","R","$","R","BOSS","M","M","M","$","?","R","M","R","T","?","R","M"],"build_version":"2019-01-23","purchased_purges":0,"victory":false,"max_hp_per_floor":[75,75,75,75,75,75,75,75,75,75,75,75,75,75,75,75,75,75,75,75,75,75,75,75,75,75,75,75,75],"card_choices":[{"not_picked":["Sword Boomerang","Shrug It Off"],"picked":"Spot Weakness","floor":1.0},{"not_picked":["Inflame","Iron Wave"],"picked":"Second Wind","floor":4.0},{"not_picked":["Anger","Intimidate","Wild Strike"],"picked":"SKIP","floor":6.0},{"not_picked":["Exhume","Battle Trance"],"picked":"Power Through","floor":11.0},{"not_picked":["Heavy Blade","Fire Breathing","Blood for Blood"],"picked":"SKIP","floor":12.0},{"not_picked":["Heavy Blade","Fire Breathing","Blood for Blood"],"picked":"SKIP","floor":12.0},{"not_picked":["Brutality","Juggernaut"],"picked":"Offering","floor":16.0},{"not_picked":["Anger","Heavy Blade"],"picked":"Body Slam","floor":18.0},{"not_picked":["Blood for Blood","Armaments","Iron Wave"],"picked":"SKIP","floor":19.0},{"not_picked":["Twin Strike","Pommel Strike"],"picked":"Ghostly Armor+1","floor":20.0},{"not_picked":["Clothesline","Hemokinesis","Anger"],"picked":"SKIP","floor":24}],"player_experience":3215524,"relics_obtained":[{"floor":3.0,"key":"Paper Frog"},{"floor":6.0,"key":"War Paint"},{"floor":9.0,"key":"Matryoshka"},{"floor":11.0,"key":"The Courier"},{"floor":26,"key":"Juzu Bracelet"},{"floor":26,"key":"Mummified Hand"}],"event_choices":[{"damage_healed":0.0,"max_hp_gain":0.0,"max_hp_loss":0.0,"gold_gain":75.0,"event_name":"World of Goop","player_choice":"Gather Gold","floor":2.0,"gold_loss":0.0,"damage_taken":11.0},{"damage_healed":0.0,"max_hp_gain":0.0,"max_hp_loss":0.0,"gold_gain":0.0,"event_name":"Liars Game","player_choice":"Ignored","floor":5.0,"gold_loss":0.0,"damage_taken":0.0},{"damage_healed":0.0,"max_hp_gain":0.0,"max_hp_loss":0.0,"gold_gain":0.0,"event_name":"Scrap Ooze","player_choice":"Success","floor":7.0,"gold_loss":0.0,"damage_taken":5.0,"relics_obtained":["Torii"]},{"damage_healed":0.0,"max_hp_gain":0.0,"max_hp_loss":0.0,"gold_gain":0.0,"event_name":"Lab","player_choice":"Got Potions","floor":8.0,"gold_loss":0.0,"damage_taken":0.0},{"damage_healed":0,"gold_gain":0,"cards_transformed":["Strike_R"],"player_choice":"Transformed","damage_taken":0,"max_hp_gain":0,"max_hp_loss":0,"event_name":"Transmorgrifier","floor":22,"gold_loss":0,"cards_obtained":["Perfected Strike"]}],"is_beta":false,"boss_relics":[{"not_picked":["Empty Cage","Mark of Pain"],"picked":"Sozu"}],"items_purged_floors":[],"is_endless":false,"potions_floor_spawned":[1,4,11,16,18,20],"killed_by":"Cultist and Chosen","ascension_level":20}