{"gold_per_floor":[115,133,52,65,84,84,112,112,193,193,193,193,229,248,248,344,344,365,90,105,126,159,159,200,200,200,253,265,296,308],"floor_reached":30,"playtime":1981,"items_purged":[],"score":576,"play_id":"29078cb5-40be-483d-9571-9e3e435f1d2c","local_time":"20181225013959","is_ascension_mode":true,"campfire_choices":[{"data":"Bash","floor":6.0,"key":"SMITH"},{"data":"Spot Weakness","floor":8.0,"key":"SMITH"},{"data":"Sword Boomerang","floor":10.0,"key":"SMITH"},{"data":"Cleave","floor":12.0,"key":"SMITH"},{"floor":15.0,"key":"REST"},{"floor":23.0,"key":"REST"},{"data":"Fiend Fire","floor":25.0,"key":"SMITH"},{"floor":28.0,"key":"REST"}],"neow_cost":"NONE","seed_source_timestamp":89603370438920,"circlet_count":0,"master_deck":["AscendersBane","Strike_R+1","Strike_R+1","Defend_R","Defend_R","Defend_R","Defend_R","Bash+1","Anger","Spot Weakness+1","Feel No Pain","Cleave+1","Sword Boomerang+1","Metallicize","Iron Wave","Fiend Fire+1","Feel No Pain+1","Shockwave+1","Fire Breathing+1","Battle Trance","Inflame","Reaper","Heavy Blade"],"special_seed":0,"relics":["Burning Blood","Whetstone","Pocketwatch","Matryoshka","Golden Idol","Red Skull","Astrolabe","Gremlin Horn","Red Mask","Shovel","MawBank","Blue Candle","Bottled Flame"],"potions_floor_usage":[],"damage_taken":[{"damage":0.0,"enemies":"2 Louse","floor":1.0,"turns":3.0},{"damage":2.0,"enemies":"Jaw Worm","floor":2.0,"turns":3.0},{"damage":7.0,"enemies":"Small Slimes","floor":4.0,"turns":2.0},{"damage":32.0,"enemies":"Exordium Thugs","floor":5.0,"turns":6.0},{"damage":29.0,"enemies":"Gremlin Nob","floor":7.0,"turns":4.0},{"damage":24.0,"enemies":"Lagavulin","floor":13.0,"turns":4.0},{"damage":6.0,"enemies":"2 Fungi Beasts","floor":14.0,"turns":2.0},{"damage":11.0,"enemies":"The Guardian","floor":16.0,"turns":8.0},{"damage":12.0,"enemies":"Chosen","floor":18.0,"turns":4.0},{"damage":19.0,"enemies":"Spheric Guardian","floor":20.0,"turns":4.0},{"damage":29.0,"enemies":"Centurion and Healer","floor":21.0,"turns":4.0},{"damage":0.0,"enemies":"Masked Bandits","floor":22.0,"turns":2.0},{"damage":0.0,"enemies":"Gremlin Leader","floor":24.0,"turns":4.0},{"damage":37.0,"enemies":"Book of Stabbing","floor":27.0,"turns":3.0},{"damage":34.0,"enemies":"Snake Plant","floor":29.0,"turns":4.0},{"damage":19,"enemies":"Shelled Parasite and Fungi","floor":30,"turns":1}],"seed_played":"-7228215949329241007","potions_obtained":[{"floor":2.0,"key":"Poison Potion"},{"floor":4.0,"key":"LiquidBronze"},{"floor":7.0,"key":"PowerPotion"},{"floor":13.0,"key":"Explosive Potion"},{"floor":14.0,"key":"LiquidBronze"},{"floor":18.0,"key":"PowerPotion"},{"floor":24.0,"key":"Energy Potion"}],"is_trial":false,"path_per_floor":["M","M","$","M","M","R","E","R","T","R","?","R","E","M","R","B",null,"M","$","M","M","?","R","E","R","T","E","R","M","M"],"character_chosen":"IRONCLAD","items_purchased":["Spot Weakness","Gremlin Horn"],"campfire_rested":3,"item_purchase_floors":[3,19],"current_hp_per_floor":[74,75,75,74,48,48,25,25,25,25,25,25,7,7,27,22,57,51,51,38,15,21,41,47,47,47,16,36,17,0],"gold":308,"neow_bonus":"RANDOM_COMMON_RELIC","is_prod":false,"is_daily":false,"chose_seed":false,"campfire_upgraded":5,"win_rate":0,"timestamp":1545673199,"path_taken":["M","M","$","M","M","R","E","R","T","R","?","R","E","M","R","BOSS","M","$","M","M","?","R","E","R","T","E","R","M","M"],"build_version":"2018-12-20","purchased_purges":0,"victory":false,"max_hp_per_floor":[75,75,75,75,75,75,75,75,75,75,68,68,68,68,68,68,68,68,68,68,68,68,68,68,68,68,68,68,68,68],"card_choices":[{"not_picked":["Wild Strike","Rage","Havoc"],"picked":"SKIP","floor":1.0},{"not_picked":["Reckless Charge","Flex"],"picked":"Anger","floor":2.0},{"not_picked":["Searing Blow","Heavy Blade"],"picked":"Feel No Pain","floor":4.0},{"not_picked":["Dropkick","Clash"],"picked":"Cleave","floor":5.0},{"not_picked":["Anger","Headbutt"],"picked":"Sword Boomerang","floor":7.0},{"not_picked":["Havoc","Wild Strike"],"picked":"Metallicize","floor":13.0},{"not_picked":["Sentinel","Cleave"],"picked":"Iron Wave","floor":14.0},{"not_picked":["Impervious","Bludgeon"],"picked":"Fiend Fire","floor":16.0},{"not_picked":["Armaments","Anger+1"],"picked":"Battle Trance","floor":18.0},{"not_picked":["Anger+1","Havoc"],"picked":"Inflame","floor":20.0},{"not_picked":["Perfected Strike","Uppercut","Pommel Strike"],"picked":"SKIP","floor":21.0},{"not_picked":["Anger","Havoc","Reckless Charge"],"picked":"SKIP","floor":24.0},{"not_picked":["Anger","Clash"],"picked":"Reaper","floor":27.0},{"not_picked":["Headbutt","Searing Blow"],"picked":"Heavy Blade","floor":29.0}],"player_experience":669198,"relics_obtained":[{"floor":7.0,"key":"Pocketwatch"},{"floor":9.0,"key":"Matryoshka"},{"floor":13.0,"key":"Red Skull"},{"floor":22.0,"key":"Red Mask"},{"floor":24.0,"key":"Shovel"},{"floor":26.0,"key":"MawBank"},{"floor":26.0,"key":"Blue Candle"},{"floor":27.0,"key":"Bottled Flame"}],"event_choices":[{"damage_healed":0.0,"max_hp_gain":0.0,"max_hp_loss":7.0,"gold_gain":0.0,"event_name":"Golden Idol","player_choice":"Lose Max HP","floor":11.0,"gold_loss":0.0,"damage_taken":0.0,"relics_obtained":["Golden Idol"]},{"damage_healed":0.0,"max_hp_gain":0.0,"max_hp_loss":0.0,"gold_gain":0.0,"event_name":"Masked Bandits","player_choice":"Fought Bandits","floor":22.0,"gold_loss":0.0,"damage_taken":0.0}],"is_beta":true,"boss_relics":[{"not_picked":["Busted Crown","Tiny House"],"picked":"Astrolabe"}],"items_purged_floors":[],"is_endless":false,"potions_floor_spawned":[2,4,7,13,14,18,24,27],"killed_by":"Shelled Parasite and Fungi","ascension_level":18}