{"gold_per_floor":[114,130,130,146,17,42,55,55,80,80,94,94,120,220,220,322,322,339,359,372,217,236,236,255,255,305,321,339,357,357,389,389,484,484,501,501,601,33,48,48,64,75,75,75,90,90,90,106,106,106],"floor_reached":50,"playtime":3240,"items_purged":[],"score":468,"play_id":"b261f409-01ab-448f-bfbd-cd09b44a1364","local_time":"20190215171635","is_ascension_mode":false,"campfire_choices":[{"floor":12,"key":"REST"},{"floor":15,"key":"REST"},{"floor":23,"key":"REST"},{"floor":25,"key":"REST"},{"floor":30,"key":"REST"},{"floor":32,"key":"REST"},{"floor":40,"key":"RECALL"},{"floor":44,"key":"REST"},{"floor":46,"key":"REST"},{"data":"Rainbow","floor":49,"key":"SMITH"}],"neow_cost":"NONE","seed_source_timestamp":12707728933291,"circlet_count":0,"master_deck":["Strike_B","Strike_B","Strike_B","Defend_B","Defend_B","Zap","Dualcast","Conserve Battery","Storm","Capacitor","Ball Lightning","Echo Form","White Noise","Cold Snap","Echo Form","Electrodynamics+1","Streamline+1","FTL+1","BootSequence","Hello World","Chill","Cold Snap","Ball Lightning","Barrage","Auto Shields","Conserve Battery","Electrodynamics","Static Discharge+1","Static Discharge+1","Ball Lightning+1","Cold Snap+1","Storm+1","Parasite","Rainbow+1"],"relics":["Cracked Core","NeowsBlessing","Blood Vial","Odd Mushroom","Astrolabe","Oddly Smooth Stone","Potion Belt","Nuclear Battery","Shovel","DollysMirror","Ice Cream","Pantograph"],"potions_floor_usage":[7,11,11,19,22,22,28,31,37,39,50,50],"damage_taken":[{"damage":0,"enemies":"Cultist","floor":1,"turns":1},{"damage":0,"enemies":"Jaw Worm","floor":2,"turns":1},{"damage":0,"enemies":"2 Louse","floor":4,"turns":1},{"damage":28,"enemies":"3 Sentries","floor":6,"turns":7},{"damage":0,"enemies":"2 Fungi Beasts","floor":7,"turns":3},{"damage":4,"enemies":"Gremlin Gang","floor":11,"turns":4},{"damage":27,"enemies":"The Mushroom Lair","floor":13,"turns":5},{"damage":23,"enemies":"Slime Boss","floor":16,"turns":6},{"damage":12,"enemies":"Shell Parasite","floor":18,"turns":9},{"damage":9,"enemies":"Spheric Guardian","floor":19,"turns":5},{"damage":16,"enemies":"Cultist and Chosen","floor":20,"turns":6},{"damage":12,"enemies":"Shelled Parasite and Fungi","floor":22,"turns":5},{"damage":0,"enemies":"Centurion and Healer","floor":24,"turns":6},{"damage":18,"enemies":"Snake Plant","floor":27,"turns":4},{"damage":18,"enemies":"Snecko","floor":28,"turns":4},{"damage":8,"enemies":"Centurion and Healer","floor":29,"turns":6},{"damage":22,"enemies":"Slavers","floor":31,"turns":5},{"damage":10,"enemies":"Champ","floor":33,"turns":10},{"damage":9,"enemies":"3 Darklings","floor":35,"turns":3},{"damage":17,"enemies":"Mind Bloom Boss Battle","floor":37,"turns":5},{"damage":0,"enemies":"Orb Walker","floor":39,"turns":4},{"damage":22,"enemies":"4 Shapes","floor":41,"turns":4},{"damage":0,"enemies":"Jaw Worm Horde","floor":42,"turns":3},{"damage":16,"enemies":"Sphere and 2 Shapes","floor":45,"turns":4},{"damage":6,"enemies":"Writhing Mass","floor":48,"turns":4},{"damage":104,"enemies":"Awakened One","floor":50,"turns":7}],"seed_played":"9070393723225946312","potions_obtained":[{"floor":4,"key":"FearPotion"},{"floor":6,"key":"Block Potion"},{"floor":7,"key":"Fire Potion"},{"floor":10,"key":"LiquidBronze"},{"floor":10,"key":"AttackPotion"},{"floor":18,"key":"Block Potion"},{"floor":20,"key":"Ancient Potion"},{"floor":27,"key":"Poison Potion"},{"floor":29,"key":"SkillPotion"},{"floor":33,"key":"Poison Potion"},{"floor":37,"key":"Regen Potion"},{"floor":42,"key":"SteroidPotion"},{"floor":48,"key":"Weak Potion"}],"is_trial":false,"path_per_floor":["M","M","?","M","$","E","M","$","T","?","M","R","?","?","R","B",null,"M","M","M","$","M","R","M","R","T","M","M","M","R","E","R","B",null,"M","?","?","$","M","R","M","M","T","R","M","R","?","M","R","B"],"character_chosen":"DEFECT","items_purchased":["Capacitor","Ball Lightning","Hello World","Chill","Block Potion","LiquidBronze","DollysMirror","Ice Cream"],"campfire_rested":8,"item_purchase_floors":[5,5,21,21,21,38,38,38],"current_hp_per_floor":[75,75,75,75,75,47,49,49,49,49,47,69,44,44,66,45,75,63,56,42,42,32,54,56,75,75,57,41,35,57,37,59,51,75,66,66,51,51,65,65,45,47,47,69,55,75,85,79,79,0],"gold":106,"neow_bonus":"THREE_ENEMY_KILL","is_prod":false,"is_daily":false,"chose_seed":false,"campfire_upgraded":1,"win_rate":0,"timestamp":1550243795,"path_taken":["M","M","?","M","$","E","M","$","T","?","?","R","?","?","R","BOSS","M","M","?","$","M","R","M","R","T","M","M","M","R","E","R","BOSS","M","?","?","?","M","R","M","M","T","R","M","R","?","M","R","BOSS"],"build_version":"2019-01-23","purchased_purges":0,"victory":false,"max_hp_per_floor":[75,75,75,75,75,75,75,75,75,75,75,75,75,75,75,75,75,75,75,75,75,75,75,75,75,75,75,75,75,75,75,75,75,75,75,75,75,75,75,75,75,75,75,75,75,75,85,85,85,85],"card_choices":[{"not_picked":["Barrage","Compile Driver"],"picked":"Conserve Battery","floor":1},{"not_picked":["Hologram","Sweeping Beam"],"picked":"Darkness","floor":2},{"not_picked":["Steam","Genetic Algorithm"],"picked":"Storm","floor":4},{"not_picked":["Cold Snap","Turbo"],"picked":"Echo Form","floor":6},{"not_picked":["Reinforced Body","Glacier"],"picked":"White Noise","floor":7},{"not_picked":["Streamline","Steam Power","Leap"],"picked":"SKIP","floor":11},{"not_picked":["FTL","Stack"],"picked":"Cold Snap","floor":13},{"not_picked":["Thunder Strike","Hyperbeam"],"picked":"Echo Form","floor":16},{"not_picked":["Turbo","Coolheaded"],"picked":"FTL+1","floor":18},{"not_picked":["FTL","Sweeping Beam"],"picked":"BootSequence","floor":19},{"not_picked":["Skim","Beam Cell","Gash+1"],"picked":"SKIP","floor":20},{"not_picked":["Streamline","Go for the Eyes","Sweeping Beam"],"picked":"SKIP","floor":22},{"not_picked":["Aggregate+1","Beam Cell+1"],"picked":"Cold Snap","floor":24},{"not_picked":["Genetic Algorithm","Sweeping Beam"],"picked":"Ball Lightning","floor":27},{"not_picked":["Hyperbeam","Steam Power"],"picked":"Barrage","floor":28},{"not_picked":["Fusion","Turbo"],"picked":"Auto Shields","floor":29},{"not_picked":["Meteor Strike","Barrage"],"picked":"Conserve Battery","floor":31},{"not_picked":["Multi-Cast","Echo Form"],"picked":"Electrodynamics","floor":33},{"not_picked":["Hologram+1","Aggregate","Tempest"],"picked":"SKIP","floor":35},{"not_picked":["Storm","Ball Lightning+1"],"picked":"Static Discharge+1","floor":37},{"not_picked":["Stack+1","Fusion+1"],"picked":"Ball Lightning+1","floor":39},{"not_picked":["Turbo","Beam Cell+1"],"picked":"Cold Snap+1","floor":41},{"not_picked":["Ball Lightning","Blizzard"],"picked":"Storm+1","floor":42},{"not_picked":["Rip and Tear+1","Streamline+1","Beam Cell+1"],"picked":"SKIP","floor":45},{"not_picked":["Cold Snap","Steam"],"picked":"Rainbow","floor":48}],"player_experience":953555,"relics_obtained":[{"floor":6,"key":"Blood Vial"},{"floor":13,"key":"Odd Mushroom"},{"floor":26,"key":"Oddly Smooth Stone"},{"floor":31,"key":"Potion Belt"},{"floor":37,"key":"Shovel"},{"floor":43,"key":"Pantograph"}],"event_choices":[{"damage_healed":0,"gold_gain":0,"player_choice":"Ignored","damage_taken":0,"max_hp_gain":0,"max_hp_loss":0,"event_name":"Shining Light","floor":3,"gold_loss":0},{"damage_healed":0,"gold_gain":0,"player_choice":"Got Potions","damage_taken":0,"max_hp_gain":0,"max_hp_loss":0,"event_name":"Lab","floor":10,"gold_loss":0},{"damage_healed":0,"gold_gain":0,"player_choice":"Fought Mushrooms","damage_taken":0,"max_hp_gain":0,"max_hp_loss":0,"event_name":"Mushrooms","floor":13,"gold_loss":0},{"damage_healed":0,"gold_gain":100,"player_choice":"Pray","damage_taken":0,"max_hp_gain":0,"max_hp_loss":0,"event_name":"Golden Shrine","floor":14,"gold_loss":0},{"cards_removed":["Defend_B"],"damage_healed":0,"gold_gain":0,"player_choice":"Removed Skill","damage_taken":0,"max_hp_gain":0,"max_hp_loss":0,"event_name":"Falling","floor":36,"gold_loss":0},{"damage_healed":0,"gold_gain":0,"player_choice":"Fight","damage_taken":0,"max_hp_gain":0,"max_hp_loss":0,"event_name":"MindBloom","floor":37,"gold_loss":0},{"cards_removed":["Multi-Cast"],"damage_healed":0,"gold_gain":0,"player_choice":"Offered Rare","damage_taken":0,"max_hp_gain":10,"max_hp_loss":0,"event_name":"Bonfire Elementals","floor":47,"gold_loss":0}],"is_beta":false,"boss_relics":[{"not_picked":["Sozu","Snecko Eye"],"picked":"Astrolabe"},{"not_picked":["Black Star","White Beast Statue"],"picked":"Nuclear Battery"}],"items_purged_floors":[],"is_endless":false,"potions_floor_spawned":[4,6,7,18,20,27,29,33,37,42,48],"killed_by":"Awakened One","ascension_level":0}