{"gold_per_floor":[112,123,123,137,137,137,167,167,167,167,167,194,194],"floor_reached":13,"playtime":217,"items_purged":[],"score":182,"play_id":"65b05191-bc6d-4327-a9b7-a81499db7574","local_time":"20190408195336","is_ascension_mode":true,"campfire_choices":[{"data":"Bash","floor":6,"key":"SMITH"},{"data":"Corruption","floor":8,"key":"SMITH"},{"data":"Strike_R","floor":11,"key":"SMITH"}],"neow_cost":"NONE","seed_source_timestamp":151130748275100,"circlet_count":0,"master_deck":["AscendersBane","Strike_R","Strike_R","Strike_R","Strike_R+1","Defend_R","Defend_R","Defend_R","Defend_R","Bash+1","Dropkick","Corruption+1"],"relics":["Burning Blood","NeowsBlessing","Mango","The Courier","Shuriken"],"potions_floor_usage":[7],"damage_taken":[{"damage":0,"enemies":"2 Louse","floor":1,"turns":1},{"damage":0,"enemies":"Small Slimes","floor":2,"turns":1},{"damage":0,"enemies":"Jaw Worm","floor":4,"turns":1},{"damage":30,"enemies":"3 Sentries","floor":7,"turns":16},{"damage":32,"enemies":"Gremlin Nob","floor":12,"turns":4},{"damage":20,"enemies":"Gremlin Gang","floor":13,"turns":3}],"seed_played":"5739248480764243315","potions_obtained":[{"floor":1,"key":"Dexterity Potion"},{"floor":2,"key":"FearPotion"},{"floor":4,"key":"PowerPotion"}],"is_trial":false,"path_per_floor":["M","M","$","M","?","R","E","R","T","?","R","E","M"],"character_chosen":"IRONCLAD","items_purchased":[],"campfire_rested":0,"item_purchase_floors":[],"current_hp_per_floor":[74,75,75,75,75,75,65,65,65,58,58,32,12],"gold":194,"neow_bonus":"THREE_ENEMY_KILL","is_prod":false,"is_daily":false,"chose_seed":false,"campfire_upgraded":3,"win_rate":0,"timestamp":1554720816,"path_taken":["M","M","$","M","?","R","E","R","T","?","R","E","M"],"build_version":"2019-01-23","purchased_purges":0,"victory":false,"max_hp_per_floor":[75,75,75,75,75,75,89,89,89,89,89,89,89],"card_choices":[{"not_picked":["Combust","Havoc","Uppercut"],"picked":"SKIP","floor":1},{"not_picked":["Thunderclap","Flex"],"picked":"Dropkick","floor":2},{"not_picked":["Clash","Blood for Blood","Armaments"],"picked":"SKIP","floor":4},{"not_picked":["Berserk","Headbutt"],"picked":"Corruption","floor":7},{"not_picked":["Heavy Blade","Warcry","Clash"],"picked":"SKIP","floor":12}],"player_experience":2987039,"relics_obtained":[{"floor":7,"key":"Mango"},{"floor":9,"key":"The Courier"},{"floor":12,"key":"Shuriken"}],"event_choices":[{"damage_healed":0,"gold_gain":0,"player_choice":"Ignored","damage_taken":0,"max_hp_gain":0,"max_hp_loss":0,"event_name":"Liars Game","floor":5,"gold_loss":0},{"cards_removed":["Strike_R"],"damage_healed":0,"gold_gain":0,"player_choice":"Card Removal","damage_taken":7,"max_hp_gain":0,"max_hp_loss":0,"event_name":"Golden Wing","floor":10,"gold_loss":0}],"is_beta":false,"boss_relics":[],"items_purged_floors":[],"is_endless":false,"potions_floor_spawned":[1,2,4],"killed_by":"Gremlin Gang","ascension_level":20}