{"gold_per_floor":[116,116,133,105,105,132,132,163,189,206,241,241,266,341,341,341],"floor_reached":16,"playtime":462,"items_purged":[],"score":252,"play_id":"2a2a9976-3124-4982-8e2e-74f7f368ae23","local_time":"20190311183330","is_ascension_mode":true,"campfire_choices":[{"data":"Immolate","floor":7.0,"key":"SMITH"},{"data":"True Grit","floor":12.0,"key":"SMITH"},{"data":"Body Slam","floor":15,"key":"SMITH"}],"neow_cost":"TEN_PERCENT_HP_LOSS","seed_source_timestamp":0,"circlet_count":0,"master_deck":["AscendersBane","Strike_R","Strike_R","Strike_R","Strike_R","Strike_R","Defend_R","Defend_R","Defend_R","Defend_R+1","Bash","Immolate+1","Feel No Pain+1","Shrug It Off","Power Through","Body Slam+1","True Grit+1"],"special_seed":0,"relics":["Burning Blood","GremlinMask","Bag of Marbles","Kunai","Meat on the Bone","Art of War"],"potions_floor_usage":[13,16],"damage_taken":[{"damage":0.0,"enemies":"Small Slimes","floor":1.0,"turns":2.0},{"damage":1.0,"enemies":"Cultist","floor":3.0,"turns":3.0},{"damage":16.0,"enemies":"3 Sentries","floor":6.0,"turns":6.0},{"damage":8.0,"enemies":"Gremlin Nob","floor":8.0,"turns":3.0},{"damage":0.0,"enemies":"2 Louse","floor":10.0,"turns":1.0},{"damage":25.0,"enemies":"3 Sentries","floor":11.0,"turns":8.0},{"damage":4,"enemies":"Gremlin Nob","floor":13,"turns":3},{"damage":14,"enemies":"Hexaghost","floor":16,"turns":8}],"seed_played":"-3568687257552238938","potions_obtained":[{"floor":1.0,"key":"Dexterity Potion"},{"floor":3.0,"key":"Energy Potion"},{"floor":6.0,"key":"PowerPotion"},{"floor":13,"key":"FearPotion"}],"is_trial":false,"path_per_floor":["M","?","M","$","?","E","R","E","T","M","E","R","E","?","R","B"],"character_chosen":"IRONCLAD","items_purchased":["Shrug It Off"],"campfire_rested":0,"item_purchase_floors":[4],"current_hp_per_floor":[68,68,68,68,48,38,38,36,36,42,23,23,37,26,26,12],"gold":341,"neow_bonus":"THREE_RARE_CARDS","is_prod":false,"is_daily":false,"chose_seed":true,"campfire_upgraded":3,"win_rate":0,"timestamp":1552296810,"path_taken":["M","?","?","$","?","E","R","E","T","M","E","R","E","?","R","BOSS"],"build_version":"2019-01-23","purchased_purges":0,"victory":false,"max_hp_per_floor":[68,68,68,68,68,68,68,68,68,68,68,68,68,68,68,68],"card_choices":[{"not_picked":["Berserk","Dark Embrace"],"picked":"Immolate","floor":0.0},{"not_picked":["Warcry","Shockwave"],"picked":"Feel No Pain","floor":1.0},{"not_picked":["Spot Weakness","Sword Boomerang","Armaments"],"picked":"SKIP","floor":3.0},{"not_picked":["Armaments","Clash","Clothesline"],"picked":"SKIP","floor":6.0},{"not_picked":["Burning Pact","Carnage"],"picked":"Power Through","floor":8.0},{"not_picked":["Body Slam","Heavy Blade","Headbutt"],"picked":"SKIP","floor":10.0},{"not_picked":["Heavy Blade","Headbutt"],"picked":"Body Slam","floor":10.0},{"not_picked":["Pommel Strike","Inflame"],"picked":"True Grit","floor":11.0},{"not_picked":["Corruption","Flex","Heavy Blade"],"picked":"SKIP","floor":13}],"player_experience":2188640,"relics_obtained":[{"floor":6.0,"key":"Bag of Marbles"},{"floor":8.0,"key":"Kunai"},{"floor":11.0,"key":"Meat on the Bone"},{"floor":13,"key":"Art of War"}],"event_choices":[{"damage_healed":0.0,"max_hp_gain":0.0,"max_hp_loss":0.0,"gold_gain":0.0,"event_name":"FaceTrader","player_choice":"Trade","floor":2.0,"gold_loss":0.0,"damage_taken":0.0,"relics_obtained":["GremlinMask"]},{"damage_healed":0.0,"max_hp_gain":0.0,"max_hp_loss":0.0,"gold_gain":0.0,"event_name":"Shining Light","player_choice":"Entered Light","floor":5.0,"gold_loss":0.0,"damage_taken":20.0,"cards_upgraded":["Defend_R","Feel No Pain"]},{"damage_healed":0,"gold_gain":75,"player_choice":"Gather Gold","damage_taken":11,"max_hp_gain":0,"max_hp_loss":0,"event_name":"World of Goop","floor":14,"gold_loss":0}],"is_beta":false,"boss_relics":[],"items_purged_floors":[],"is_endless":false,"potions_floor_spawned":[1,3,6,13],"killed_by":"Hexaghost","ascension_level":20}