{"gold_per_floor":[112,126,126,401,47,73,88,114,114,65,65,75,75],"floor_reached":13,"playtime":397,"items_purged":["Regret"],"score":224,"play_id":"cccb220f-ec85-4077-a5d3-d6d95a3c6d3a","local_time":"20190326193558","is_ascension_mode":true,"campfire_choices":[],"neow_cost":"NONE","seed_source_timestamp":1056661955874860,"circlet_count":0,"master_deck":["AscendersBane","Strike_B","Strike_B","Strike_B","Strike_B","Defend_B","Defend_B","Defend_B","Defend_B","Zap","Dualcast","Fusion","Redo","Defragment","Magnetism","Chaos","Fission","Self Repair","Zap","Echo Form","Conserve Battery"],"special_seed":0,"relics":["Cracked Core","NeowsBlessing","Calipers","Blue Candle","Ice Cream","Pear"],"potions_floor_usage":[8],"damage_taken":[{"damage":0.0,"enemies":"Jaw Worm","floor":1.0,"turns":1.0},{"damage":0.0,"enemies":"2 Louse","floor":2.0,"turns":1.0},{"damage":0,"enemies":"Gremlin Nob","floor":6,"turns":1},{"damage":0,"enemies":"Cultist","floor":7,"turns":3},{"damage":38,"enemies":"3 Sentries","floor":8,"turns":8},{"damage":14,"enemies":"Blue Slaver","floor":12,"turns":4},{"damage":14,"enemies":"3 Louse","floor":13,"turns":2}],"seed_played":"3279047049007027822","potions_obtained":[{"floor":1.0,"key":"Dexterity Potion"},{"floor":2.0,"key":"Strength Potion"},{"floor":12,"key":"Strength Potion"}],"is_trial":false,"path_per_floor":["M","M","?","?","$","E","M","E","T","?","?","M","M"],"character_chosen":"DEFECT","items_purchased":["Defragment","Magnetism"],"campfire_rested":0,"item_purchase_floors":[5,5],"current_hp_per_floor":[64,64,46,46,46,46,46,8,18,18,18,11,0],"gold":75,"neow_bonus":"THREE_ENEMY_KILL","is_prod":false,"is_daily":false,"chose_seed":false,"campfire_upgraded":0,"win_rate":0,"timestamp":1553621758,"path_taken":["M","M","?","?","$","E","?","E","T","?","?","M","M"],"build_version":"2019-01-23","purchased_purges":1,"victory":false,"max_hp_per_floor":[71,71,71,71,71,71,71,71,81,81,81,81,81],"card_choices":[{"not_picked":["Rebound","Skim"],"picked":"Fusion","floor":1.0},{"not_picked":["Gash","Doom and Gloom"],"picked":"Redo","floor":2.0},{"not_picked":["Steam Power","Gash"],"picked":"Chaos","floor":6},{"not_picked":["Beam Cell","Streamline"],"picked":"Fission","floor":7},{"not_picked":["Sweeping Beam","Defragment"],"picked":"Self Repair","floor":8},{"not_picked":["Turbo","Fusion"],"picked":"Conserve Battery","floor":12}],"player_experience":1135368,"relics_obtained":[{"floor":6,"key":"Blue Candle"},{"floor":8,"key":"Ice Cream"},{"floor":9,"key":"Pear"}],"event_choices":[{"damage_healed":0.0,"max_hp_gain":0.0,"max_hp_loss":0.0,"gold_gain":0.0,"event_name":"Scrap Ooze","player_choice":"Success","floor":3.0,"gold_loss":0.0,"damage_taken":18.0,"relics_obtained":["Calipers"]},{"damage_healed":0,"gold_gain":275,"player_choice":"Desecrate","damage_taken":0,"max_hp_gain":0,"max_hp_loss":0,"event_name":"Golden Shrine","floor":4,"gold_loss":0,"cards_obtained":["Regret"]},{"damage_healed":0,"gold_gain":0,"player_choice":"Left Gold","damage_taken":0,"max_hp_gain":0,"max_hp_loss":0,"event_name":"World of Goop","floor":10,"gold_loss":49},{"damage_healed":0,"gold_gain":0,"player_choice":"2 cards matched","damage_taken":0,"max_hp_gain":0,"max_hp_loss":0,"event_name":"Match and Keep!","floor":11,"gold_loss":0,"cards_obtained":["Zap","Echo Form"]}],"is_beta":false,"boss_relics":[],"items_purged_floors":[5],"is_endless":false,"potions_floor_spawned":[1,2,12],"killed_by":"3 Louse","ascension_level":18}