{"path_per_floor":["M","M","?","?","M","R","M","?","T","$","?","M","$","M","R","B",null,"M","M","?","$","M","E","R","M","T","R","M","M","M","?","R"],"character_chosen":"IRONCLAD","items_purchased":["Shuriken","Apotheosis","Energy Potion"],"gold_per_floor":[111,123,123,223,247,247,267,267,267,28,28,42,42,63,63,184,184,199,222,256,12,28,63,63,88,88,88,102,126,144,144,144,144],"floor_reached":33,"campfire_rested":4,"playtime":1986,"current_hp_per_floor":[78,80,60,60,66,66,69,62,62,62,62,65,65,71,80,55,74,71,62,44,44,53,30,54,42,52,79,63,45,23,29,57,0],"items_purged":[],"gold":144,"score":402,"play_id":"ac0c4b51-3190-48f0-a5ac-d74311153be1","local_time":"20180512102720","is_prod":false,"is_daily":false,"chose_seed":false,"is_ascension_mode":true,"campfire_upgraded":1,"timestamp":1526110040,"path_taken":["M","M","?","?","M","R","M","?","T","$","?","?","?","M","R","BOSS","M","M","?","$","M","E","R","?","T","R","M","M","M","?","R","BOSS"],"build_version":"2018-05-10","seed_source_timestamp":45961195806097,"purchased_purges":0,"victory":false,"master_deck":["Strike_R","Strike_R","Strike_R","Strike_R","Strike_R","Defend_R","Defend_R","Bash","Clash+1","Rage","Anger","Clash","Clash","Bludgeon","Dropkick","Whirlwind","Heavy Blade","Apotheosis","Clash+1","Dropkick","Warcry","Writhe"],"max_hp_per_floor":[80,80,80,80,80,80,80,80,80,80,80,80,80,80,80,80,80,80,80,80,80,80,80,80,80,90,90,90,90,90,96,96,96],"relics":["Burning Blood","NeowsBlessing","Golden Idol","Dodecahedron","Shuriken","Mark of Pain","Red Mask","Darkstone Periapt","Pear","Omamori"],"card_choices":[{"not_picked":["Iron Wave","Twin Strike"],"picked":"Clash","floor":1},{"not_picked":["Flex","Heavy Blade"],"picked":"Rage","floor":5},{"not_picked":["Sword Boomerang","True Grit"],"picked":"Anger","floor":7},{"not_picked":["Sword Boomerang","Fire Breathing"],"picked":"Clash","floor":12},{"not_picked":["Wild Strike","Sword Boomerang"],"picked":"Clash","floor":14},{"not_picked":["Demon Form","Dark Embrace"],"picked":"Bludgeon","floor":16},{"not_picked":["Shockwave","Twin Strike"],"picked":"Dropkick","floor":18},{"not_picked":["Disarm","Anger"],"picked":"Whirlwind","floor":19},{"not_picked":["Cleave","Body Slam"],"picked":"Heavy Blade","floor":20},{"not_picked":["Metallicize","Ghostly Armor"],"picked":"Clash","floor":23},{"not_picked":["Heavy Blade","Seeing Red"],"picked":"Dropkick","floor":28},{"not_picked":["Pummel","True Grit"],"picked":"Warcry","floor":30}],"player_experience":402889,"potions_floor_usage":[19,20,22,22,23,25,33],"damage_taken":[{"damage":0,"enemies":"Small Slimes","floor":1,"turns":1},{"damage":0,"enemies":"Jaw Worm","floor":2,"turns":1},{"damage":0,"enemies":"Cultist","floor":5,"turns":1},{"damage":3,"enemies":"Looter","floor":7,"turns":3},{"damage":3,"enemies":"3 Louse","floor":12,"turns":2},{"damage":0,"enemies":"Exordium Thugs","floor":14,"turns":3},{"damage":31,"enemies":"The Guardian","floor":16,"turns":6},{"damage":9,"enemies":"Shell Parasite","floor":18,"turns":3},{"damage":15,"enemies":"Chosen","floor":19,"turns":5},{"damage":24,"enemies":"Masked Bandits","floor":20,"turns":4},{"damage":0,"enemies":"Snecko","floor":22,"turns":2},{"damage":29,"enemies":"Slavers","floor":23,"turns":5},{"damage":18,"enemies":"Centurion and Healer","floor":25,"turns":4},{"damage":22,"enemies":"Slaver and Parasite","floor":28,"turns":4},{"damage":24,"enemies":"Snake Plant","floor":29,"turns":3},{"damage":28,"enemies":"Cultist and Chosen","floor":30,"turns":4},{"damage":86,"enemies":"Automaton","floor":33,"turns":6}],"event_choices":[{"event_name":"Golden Idol","player_choice":"Take Damage","floor":3,"damage_taken":0},{"event_name":"Golden Shrine","player_choice":"Pray","floor":4,"damage_taken":0},{"event_name":"Golden Wing","player_choice":"Card Removal","floor":8,"damage_taken":0},{"event_name":"Purifier","player_choice":"One Purge","floor":11,"damage_taken":0},{"event_name":"Masked Bandits","player_choice":"Fought over 222 gold","floor":20,"damage_taken":0},{"event_name":"The Mausoleum","player_choice":"Yes","floor":31,"damage_taken":0}],"boss_relics":[{"not_picked":["Runic Cube","Astrolabe"],"picked":"Mark of Pain"}],"potions_floor_spawned":[7,14,20,22,23,30],"seed_played":"1365093868114470697","killed_by":"Automaton","ascension_level":7,"is_trial":false}