{"gold_per_floor":[110,123,123,48,61,86,86,98,176,5,34,102,119,133,133,210,260,276,289,0,0],"floor_reached":21,"playtime":978,"items_purged":[],"score":363,"play_id":"b1ce9b93-d8c5-4453-9d84-c285753f6356","local_time":"20190324191832","is_ascension_mode":true,"campfire_choices":[{"floor":7.0,"key":"REST"},{"floor":15,"key":"REST"}],"neow_cost":"NONE","seed_source_timestamp":882236276093923,"circlet_count":0,"master_deck":["AscendersBane","Strike_B","Strike_B","Strike_B","Strike_B","Defend_B","Defend_B+1","Defend_B","Defend_B","Zap","Dualcast","Redo","Ball Lightning","Storm","Ball Lightning","Chaos","Darkness","Static Discharge","Doom and Gloom","Redo","Chaos","Defragment","Echo Form","Doom and Gloom","Defragment","Ball Lightning","Static Discharge","Sunder","Conserve Battery"],"special_seed":0,"relics":["Cracked Core","Ice Cream","Oddly Smooth Stone","Pear","Blood Vial","Sundial","Tiny House"],"potions_floor_usage":[11,18,19,21,21],"damage_taken":[{"damage":6.0,"enemies":"Cultist","floor":1.0,"turns":3.0},{"damage":1.0,"enemies":"Small Slimes","floor":2.0,"turns":3.0},{"damage":2.0,"enemies":"Jaw Worm","floor":5.0,"turns":3.0},{"damage":20.0,"enemies":"3 Sentries","floor":6.0,"turns":5.0},{"damage":10,"enemies":"Lots of Slimes","floor":8,"turns":5},{"damage":14,"enemies":"Lagavulin","floor":11,"turns":5},{"damage":10,"enemies":"3 Louse","floor":13,"turns":3},{"damage":12,"enemies":"2 Fungi Beasts","floor":14,"turns":3},{"damage":44,"enemies":"The Guardian","floor":16,"turns":9},{"damage":12,"enemies":"Chosen","floor":18,"turns":5},{"damage":44,"enemies":"2 Thieves","floor":19,"turns":4},{"damage":18,"enemies":"Snake Plant","floor":21,"turns":1}],"seed_played":"-2406850740240460570","potions_obtained":[{"floor":0.0,"key":"Fire Potion"},{"floor":0.0,"key":"SmokeBomb"},{"floor":1.0,"key":"Strength Potion"},{"floor":8,"key":"SteroidPotion"},{"floor":16,"key":"SkillPotion"},{"floor":17,"key":"FearPotion"},{"floor":18,"key":"EssenceOfSteel"}],"is_trial":false,"path_per_floor":["M","M","?","$","M","E","R","M","T","$","E","T","M","M","R","B",null,"M","M","$","M"],"character_chosen":"DEFECT","items_purchased":["Storm","Static Discharge","Doom and Gloom","Static Discharge","SkillPotion","Sunder","Conserve Battery"],"campfire_rested":2,"item_purchase_floors":[4,10,10,20,20,20,20],"current_hp_per_floor":[58,57,57,57,55,35,56,46,56,56,42,42,34,24,48,6,67,57,15,15,0],"gold":0,"neow_bonus":"THREE_SMALL_POTIONS","is_prod":false,"is_daily":false,"chose_seed":false,"campfire_upgraded":0,"win_rate":0,"timestamp":1553447912,"path_taken":["M","?","?","$","?","E","R","M","T","$","E","?","M","M","R","BOSS","M","M","$","M"],"build_version":"2019-01-23","purchased_purges":0,"victory":false,"max_hp_per_floor":[71,71,71,71,71,71,71,71,81,81,81,81,81,81,81,81,86,86,86,86,86],"card_choices":[{"not_picked":["Go for the Eyes","Undo"],"picked":"Redo","floor":1.0},{"not_picked":["Rebound","Sweeping Beam"],"picked":"Ball Lightning","floor":2.0},{"not_picked":["Streamline","Consume"],"picked":"Ball Lightning","floor":5.0},{"not_picked":["Stack","Rebound"],"picked":"Chaos","floor":6.0},{"not_picked":["Blizzard","All For One"],"picked":"Darkness","floor":8},{"not_picked":["Streamline","Go for the Eyes"],"picked":"Redo","floor":11},{"not_picked":["Scrape","Leap"],"picked":"Chaos","floor":13},{"not_picked":["Tempest","Coolheaded"],"picked":"Defragment","floor":14},{"not_picked":["Amplify","All For One"],"picked":"Echo Form","floor":16},{"not_picked":["Sweeping Beam","Sunder"],"picked":"Doom and Gloom","floor":17},{"not_picked":["Steam","Rebound"],"picked":"Defragment","floor":18},{"not_picked":["Hologram","Redo"],"picked":"Ball Lightning","floor":19}],"player_experience":1129861,"relics_obtained":[{"floor":3.0,"key":"Ice Cream"},{"floor":6.0,"key":"Oddly Smooth Stone"},{"floor":9,"key":"Pear"},{"floor":11,"key":"Blood Vial"},{"floor":12,"key":"Sundial"}],"event_choices":[{"damage_healed":0.0,"max_hp_gain":0.0,"max_hp_loss":0.0,"gold_gain":0.0,"event_name":"Wheel of Change","player_choice":"Relic","floor":3.0,"gold_loss":0.0,"damage_taken":0.0}],"is_beta":false,"boss_relics":[{"not_picked":["Astrolabe","Empty Cage"],"picked":"Tiny House"}],"items_purged_floors":[],"is_endless":false,"potions_floor_spawned":[1,5,8,16,18],"killed_by":"Snake Plant","ascension_level":18}