{"gold_per_floor":[110,110,120,140,151,151,185,201,228,228,261,261,336,356,356,356],"floor_reached":16,"playtime":286,"items_purged":[],"score":224,"play_id":"34b9e30c-5a64-490b-a2fe-2ee32301bbcb","local_time":"20190314150403","is_ascension_mode":true,"campfire_choices":[{"data":"Whirlwind","floor":6,"key":"SMITH"},{"data":"Demon Form","floor":12,"key":"SMITH"},{"data":"Bash","floor":15,"key":"SMITH"}],"neow_cost":"NONE","seed_source_timestamp":17984069909400,"circlet_count":0,"master_deck":["AscendersBane","Strike_R","Strike_R","Strike_R","Strike_R","Strike_R","Defend_R","Defend_R","Defend_R","Defend_R","Bash+1","Whirlwind+1","Flex","True Grit","Evolve","Demon Form+1","Shrug It Off"],"relics":["Burning Blood","NeowsBlessing","Orichalcum","Ancient Tea Set","Bag of Marbles","Anchor"],"potions_floor_usage":[11,16,16],"damage_taken":[{"damage":0,"enemies":"Jaw Worm","floor":1,"turns":1},{"damage":0,"enemies":"Cultist","floor":3,"turns":1},{"damage":0,"enemies":"2 Louse","floor":4,"turns":1},{"damage":18,"enemies":"Blue Slaver","floor":5,"turns":4},{"damage":22,"enemies":"3 Sentries","floor":7,"turns":5},{"damage":6,"enemies":"Exordium Wildlife","floor":8,"turns":5},{"damage":27,"enemies":"Lagavulin","floor":11,"turns":7},{"damage":0,"enemies":"Large Slime","floor":14,"turns":4},{"damage":0,"enemies":"Slime Boss","floor":16,"turns":3}],"seed_played":"-7364873399689096777","potions_obtained":[{"floor":5,"key":"SpeedPotion"},{"floor":7,"key":"SkillPotion"},{"floor":8,"key":"SteroidPotion"},{"floor":14,"key":"Swift Potion"}],"is_trial":false,"path_per_floor":["M","?","M","M","M","R","E","M","T","?","E","R","?","M","R","B"],"character_chosen":"IRONCLAD","items_purchased":[],"campfire_rested":0,"item_purchase_floors":[],"current_hp_per_floor":[74,74,75,75,63,63,47,47,47,36,15,15,4,10,10,10],"gold":356,"neow_bonus":"THREE_ENEMY_KILL","is_prod":false,"is_daily":false,"chose_seed":false,"campfire_upgraded":3,"win_rate":0,"timestamp":1552543443,"path_taken":["M","?","M","?","M","R","E","M","T","?","E","R","?","M","R","BOSS"],"build_version":"2019-01-23","purchased_purges":0,"victory":false,"max_hp_per_floor":[75,75,75,75,75,75,75,75,75,75,75,75,75,75,75,75],"card_choices":[{"not_picked":["Havoc","Twin Strike"],"picked":"Shockwave","floor":1},{"not_picked":["Twin Strike","True Grit"],"picked":"Whirlwind","floor":3},{"not_picked":["Cleave","Shrug It Off"],"picked":"Flex","floor":4},{"not_picked":["Sword Boomerang","Iron Wave"],"picked":"True Grit","floor":5},{"not_picked":["Armaments","Burning Pact"],"picked":"Evolve","floor":7},{"not_picked":["Armaments","Thunderclap","Clash"],"picked":"SKIP","floor":8},{"not_picked":["Feel No Pain","Shrug It Off"],"picked":"Demon Form","floor":11},{"not_picked":["Pommel Strike","Clash"],"picked":"Shrug It Off","floor":14}],"player_experience":2267895,"relics_obtained":[{"floor":7,"key":"Ancient Tea Set"},{"floor":11,"key":"Anchor"}],"event_choices":[{"cards_removed":["Shockwave"],"damage_healed":0,"gold_gain":0,"player_choice":"Gave Card","damage_taken":0,"relics_obtained":["Orichalcum"],"max_hp_gain":0,"max_hp_loss":0,"event_name":"WeMeetAgain","floor":2,"gold_loss":0},{"damage_healed":0,"gold_gain":0,"player_choice":"Success","damage_taken":11,"relics_obtained":["Bag of Marbles"],"max_hp_gain":0,"max_hp_loss":0,"event_name":"Scrap Ooze","floor":10,"gold_loss":0},{"damage_healed":0,"gold_gain":75,"player_choice":"Gather Gold","damage_taken":11,"max_hp_gain":0,"max_hp_loss":0,"event_name":"World of Goop","floor":13,"gold_loss":0}],"is_beta":false,"boss_relics":[],"items_purged_floors":[],"is_endless":false,"potions_floor_spawned":[5,7,8,14],"killed_by":"Slime Boss","ascension_level":20}