{"path_per_floor":["M","?","?","M","M","E","R","$","T","?","?","E","$","E","R","B",null,"M","M","?","?","M","R","?","R","T","M","R","$","M","E","R","B",null,"M","M","$","?","M","E","R","E","T","?","$","E","?","?","R"],"character_chosen":"DEFECT","items_purchased":["Heatsinks","Self Repair","Loop","Ancient Tea Set","Panache","Storm"],"gold_per_floor":[16,16,16,40,60,98,98,18,45,45,45,89,14,55,55,176,176,201,221,221,221,241,241,241,241,265,283,283,6,19,54,54,154,154,169,186,11,61,78,106,106,138,138,138,25,60,0,0,0,0],"floor_reached":50,"campfire_rested":5,"playtime":3836,"item_purchase_floors":[8,13,29,29,37,45],"current_hp_per_floor":[75,75,80,79,77,67,67,67,67,60,60,44,44,51,75,64,80,68,54,38,38,38,62,62,62,67,58,80,80,62,13,52,59,80,80,80,80,58,68,71,71,67,67,86,86,88,88,78,88,0],"items_purged":["Writhe","Writhe"],"gold":0,"score":729,"play_id":"97ea0574-16d1-4b70-8e61-c16dcd66d394","local_time":"20180607223306","is_prod":false,"is_daily":false,"chose_seed":false,"is_ascension_mode":true,"campfire_upgraded":3,"win_rate":0,"timestamp":1528399986,"campfire_choices":[{"data":"Buffer","floor":7,"key":"SMITH"},{"floor":15,"key":"REST"},{"floor":23,"key":"REST"},{"data":"Echo Form","floor":25,"key":"SMITH"},{"floor":28,"key":"REST"},{"floor":32,"key":"REST"},{"data":"Loop","floor":41,"key":"SMITH"},{"floor":49,"key":"REST"}],"path_taken":["M","?","?","M","M","E","R","$","T","?","?","E","$","E","R","BOSS","M","M","?","?","M","R","?","R","T","M","R","$","M","E","R","BOSS","M","M","$","?","M","E","R","E","T","?","$","E","?","?","R","BOSS"],"build_version":"2018-05-31","seed_source_timestamp":1466801102730273,"purchased_purges":2,"victory":false,"master_deck":["Strike_B","Strike_B","Strike_B","Defend_B+1","Defend_B","Defend_B","Defend_B","Zap","Dualcast","Biased Cognition","Reprogram","Ball Lightning","Cold Snap","Buffer+1","Heatsinks","Echo Form+1","BootSequence+1","Self Repair","FTL","Reboot","Chaos","Ball Lightning","Fusion+1","Loop+1","Barrage+1","Coolheaded","Electrodynamics","Loop+1","Panache","Static Discharge","Cold Snap","Storm","Magnetism","Magnetism","Jack Of All Trades+1"],"max_hp_per_floor":[75,75,80,80,80,80,80,80,80,80,80,80,80,80,80,80,80,80,80,80,80,80,80,80,80,80,80,80,80,80,80,80,80,80,80,80,80,80,80,80,80,80,80,86,86,88,88,88,88,88],"relics":["Cracked Core","Bloody Idol","Juzu Bracelet","Potion Belt","Gambling Chip","Smiling Mask","Inserter","Enchiridion","War Paint","Regal Pillow","Ancient Tea Set","Ornamental Fan","Nuclear Battery","Torii","Darkstone Periapt","The Courier","Toxic Egg 2","Singing Bowl","Red Mask"],"card_choices":[{"not_picked":["Core Surge","Meteor Strike"],"picked":"Biased Cognition","floor":0},{"not_picked":["Sunder","Streamline"],"picked":"Reprogram","floor":1},{"not_picked":["Sweeping Beam","Beam Cell"],"picked":"Ball Lightning","floor":4},{"not_picked":["Rebound","Rip and Tear"],"picked":"Cold Snap","floor":5},{"not_picked":["Skim","Compile Driver"],"picked":"Buffer","floor":6},{"not_picked":["Ball Lightning","Stack"],"picked":"BootSequence","floor":12},{"not_picked":["Stack","Fusion"],"picked":"FTL","floor":14},{"not_picked":["Core Surge","Hyperbeam"],"picked":"Reboot","floor":16},{"not_picked":["Sunder+1","Rebound"],"picked":"Chaos","floor":18},{"not_picked":["Genetic Algorithm","Beam Cell+1"],"picked":"Ball Lightning","floor":19},{"not_picked":["Conserve Battery","Leap"],"picked":"Fusion+1","floor":22},{"not_picked":["Aggregate+1","Barrage","Genetic Algorithm"],"picked":"SKIP","floor":27},{"not_picked":["Rebound","Leap"],"picked":"Barrage+1","floor":30},{"not_picked":["Go for the Eyes","Rebound+1"],"picked":"Coolheaded","floor":31},{"not_picked":["Buffer","Machine Learning"],"picked":"Electrodynamics","floor":33},{"not_picked":["Stack","BootSequence+1"],"picked":"Loop+1","floor":35},{"not_picked":["Sweeping Beam","Steam Power","Streamline+1"],"picked":"SKIP","floor":36},{"not_picked":["Reprogram","Cold Snap","Chill+1"],"picked":"SKIP","floor":39},{"not_picked":["Blizzard+1","Barrage+1"],"picked":"Static Discharge","floor":40},{"not_picked":["Gash+1","Stack"],"picked":"Cold Snap","floor":42},{"not_picked":["Doom and Gloom","Lockon+1","Leap+1"],"picked":"Singing Bowl","floor":46},{"not_picked":["Trip+1","Thinking Ahead+1"],"picked":"Magnetism","floor":48},{"not_picked":["Mind Blast","Purity+1"],"picked":"Magnetism","floor":48},{"not_picked":["Purity+1","Finesse+1"],"picked":"Jack Of All Trades+1","floor":48}],"player_experience":478530,"potions_floor_usage":[4,6,18,30,30,39,40,42,46],"damage_taken":[{"damage":0,"enemies":"Small Slimes","floor":1,"turns":3},{"damage":1,"enemies":"2 Louse","floor":4,"turns":2},{"damage":2,"enemies":"Jaw Worm","floor":5,"turns":2},{"damage":10,"enemies":"Lagavulin","floor":6,"turns":5},{"damage":16,"enemies":"3 Sentries","floor":12,"turns":6},{"damage":0,"enemies":"Lagavulin","floor":14,"turns":5},{"damage":18,"enemies":"The Guardian","floor":16,"turns":11},{"damage":12,"enemies":"2 Thieves","floor":18,"turns":4},{"damage":21,"enemies":"3 Byrds","floor":19,"turns":4},{"damage":0,"enemies":"Snecko","floor":22,"turns":4},{"damage":28,"enemies":"Snake Plant","floor":27,"turns":6},{"damage":30,"enemies":"Slaver and Parasite","floor":30,"turns":9},{"damage":54,"enemies":"Slavers","floor":31,"turns":7},{"damage":5,"enemies":"Champ","floor":33,"turns":8},{"damage":3,"enemies":"Orb Walker","floor":35,"turns":4},{"damage":9,"enemies":"3 Darklings","floor":36,"turns":4},{"damage":34,"enemies":"Mysterious Sphere","floor":38,"turns":5},{"damage":2,"enemies":"Maw","floor":39,"turns":7},{"damage":9,"enemies":"Giant Head","floor":40,"turns":8},{"damage":9,"enemies":"Nemesis","floor":42,"turns":7},{"damage":1,"enemies":"Giant Head","floor":46,"turns":7},{"damage":104,"enemies":"Donu and Deca","floor":50,"turns":6}],"relics_obtained":[{"floor":6,"key":"Juzu Bracelet"},{"floor":9,"key":"Potion Belt"},{"floor":12,"key":"Gambling Chip"},{"floor":14,"key":"Smiling Mask"},{"floor":20,"key":"Enchiridion"},{"floor":26,"key":"Regal Pillow"},{"floor":31,"key":"Ornamental Fan"},{"floor":38,"key":"Torii"},{"floor":40,"key":"Darkstone Periapt"},{"floor":42,"key":"The Courier"},{"floor":43,"key":"Toxic Egg 2"},{"floor":46,"key":"Singing Bowl"}],"event_choices":[{"event_name":"Golden Idol","player_choice":"Take Wound","floor":2,"damage_taken":0},{"event_name":"Big Fish","player_choice":"Donut","floor":3,"damage_taken":0},{"event_name":"Golden Wing","player_choice":"Card Removal","floor":10,"damage_taken":0},{"event_name":"Transmorgrifier","player_choice":"Transform","floor":11,"damage_taken":0},{"event_name":"Cursed Tome","player_choice":"Obtained Book","floor":20,"damage_taken":0},{"event_name":"The Mausoleum","player_choice":"Yes","floor":21,"damage_taken":0},{"event_name":"Forgotten Altar","player_choice":"Gave Idol","floor":24,"damage_taken":0},{"event_name":"Mysterious Sphere","player_choice":"Fight","floor":38,"damage_taken":0},{"event_name":"Winding Halls","player_choice":"Writhe","floor":44,"damage_taken":0},{"event_name":"Tomb of Lord Red Mask","player_choice":"Paid","floor":47,"damage_taken":0},{"event_name":"SensoryStone","player_choice":"Memory 3","floor":48,"damage_taken":0}],"boss_relics":[{"not_picked":["Snecko Eye","Eternal Feather"],"picked":"Inserter"},{"not_picked":["Astrolabe","Philosopher\u0027s Stone"],"picked":"Nuclear Battery"}],"items_purged_floors":[29,45],"potions_floor_spawned":[1,4,16,18,27,38,39,40,42],"seed_played":"-8353840995051470154","killed_by":"Donu and Deca","ascension_level":4,"potions_obtained":[{"floor":1,"key":"Fire Potion"},{"floor":4,"key":"Poison Potion"},{"floor":16,"key":"Fire Potion"},{"floor":18,"key":"SpeedPotion"},{"floor":27,"key":"EssenceOfSteel"},{"floor":38,"key":"SkillPotion"},{"floor":39,"key":"Fire Potion"},{"floor":40,"key":"SkillPotion"},{"floor":42,"key":"AttackPotion"}],"is_trial":false}