{"gold_per_floor":[114,130,58,77,252,252,582,582,582,582,594,614,206,240,240,340,390,403,20,33,33,33,33,67,67,67,67,67,67,85,95,95,191,191,206,206,70,87,106,106,134,134],"floor_reached":42,"playtime":2434,"items_purged":["Doubt","Shame"],"score":504,"play_id":"c33e587c-a6a4-4103-863a-54fa96a4329e","local_time":"20190213124918","is_ascension_mode":false,"campfire_choices":[{"data":"Storm","floor":6.0,"key":"SMITH"},{"floor":10.0,"key":"REST"},{"data":"Creative AI","floor":15.0,"key":"SMITH"},{"floor":23.0,"key":"REST"},{"data":"Defragment","floor":28.0,"key":"SMITH"},{"data":"Echo Form","floor":32,"key":"SMITH"},{"floor":40,"key":"REST"}],"neow_cost":"NONE","seed_source_timestamp":0,"circlet_count":0,"master_deck":["Strike_B+1","Strike_B+1","Strike_B+1","Strike_B+1","Defend_B+1","Defend_B+1","Defend_B+1","Defend_B+1","Zap","Dualcast","Chill","Melter","Storm+1","Reboot","Barrage","Cold Snap","Defragment+1","Storm","Creative AI+1","Reboot","Melter","Auto Shields+1","Storm","Ball Lightning","Cold Snap+1","Fusion+1","Echo Form+1","Machine Learning","Conserve Battery+1","Storm+1","Self Repair","Conserve Battery+1","Conserve Battery+1","Echo Form"],"special_seed":0,"relics":["Cracked Core","NeowsBlessing","Old Coin","Girya","Dream Catcher","Pantograph","Centennial Puzzle","Tiny House","DataDisk","Potion Belt","Bottled Flame","Ancient Tea Set","Black Star","Happy Flower","Anchor"],"potions_floor_usage":[],"damage_taken":[{"damage":0.0,"enemies":"Cultist","floor":1.0,"turns":1.0},{"damage":0.0,"enemies":"2 Louse","floor":2.0,"turns":1.0},{"damage":0.0,"enemies":"Jaw Worm","floor":4.0,"turns":1.0},{"damage":18.0,"enemies":"3 Sentries","floor":7.0,"turns":8.0},{"damage":6.0,"enemies":"Red Slaver","floor":11.0,"turns":3.0},{"damage":0.0,"enemies":"Exordium Wildlife","floor":12.0,"turns":3.0},{"damage":17.0,"enemies":"Gremlin Nob","floor":14.0,"turns":4.0},{"damage":32.0,"enemies":"Slime Boss","floor":16.0,"turns":8.0},{"damage":12.0,"enemies":"2 Thieves","floor":18.0,"turns":3.0},{"damage":2.0,"enemies":"3 Byrds","floor":20.0,"turns":3.0},{"damage":10.0,"enemies":"Gremlin Leader","floor":24.0,"turns":7.0},{"damage":4,"enemies":"Centurion and Healer","floor":30,"turns":4},{"damage":3,"enemies":"3 Cultists","floor":31,"turns":4},{"damage":48,"enemies":"Automaton","floor":33,"turns":8},{"damage":1,"enemies":"Orb Walker","floor":35,"turns":3},{"damage":16,"enemies":"3 Shapes","floor":38,"turns":3},{"damage":30,"enemies":"3 Darklings","floor":39,"turns":4},{"damage":76,"enemies":"Reptomancer","floor":41,"turns":6},{"damage":1,"enemies":"Writhing Mass","floor":42,"turns":1}],"seed_played":"4286926491969269920","potions_obtained":[{"floor":2.0,"key":"SteroidPotion"},{"floor":4.0,"key":"Fire Potion"},{"floor":11.0,"key":"EntropicBrew"},{"floor":12.0,"key":"Energy Potion"},{"floor":17.0,"key":"SkillPotion"},{"floor":18.0,"key":"LiquidBronze"},{"floor":30,"key":"FearPotion"}],"is_trial":false,"path_per_floor":["M","M","$","M","?","R","E","T","T","R","M","M","$","E","R","B",null,"M","$","M","?","?","R","E","?","T","?","R","?","M","M","R","B",null,"M","?","$","M","M","R","E","M"],"character_chosen":"DEFECT","items_purchased":["Storm","Storm","PowerPotion","Pantograph","DataDisk","Potion Belt","Storm","SkillPotion","Self Repair"],"campfire_rested":3,"item_purchase_floors":[3,13,13,13,19,19,19,19,37],"current_hp_per_floor":[75,75,75,75,75,75,57,57,57,75,69,69,69,52,52,43,80,68,68,66,66,51,76,66,66,66,66,66,66,62,59,59,36,85,84,84,84,75,52,77,1,0],"gold":134,"neow_bonus":"THREE_ENEMY_KILL","is_prod":false,"is_daily":false,"chose_seed":false,"campfire_upgraded":4,"win_rate":0,"timestamp":1550054958,"path_taken":["M","?","$","M","?","R","E","?","T","R","?","M","$","E","R","BOSS","M","$","M","?","?","R","E","?","T","?","R","?","M","M","R","BOSS","M","?","$","?","M","R","E","?"],"build_version":"2019-01-23","purchased_purges":2,"victory":false,"max_hp_per_floor":[75,75,75,75,75,75,75,75,75,75,75,75,75,75,75,75,80,80,80,80,80,85,85,85,85,85,85,85,85,85,85,85,85,85,85,85,85,85,85,85,85,85],"card_choices":[{"not_picked":["Gash","Barrage"],"picked":"Chill","floor":1.0},{"not_picked":["Tempest","Sweeping Beam"],"picked":"Melter","floor":2.0},{"not_picked":["Compile Driver","Gash","Turbo"],"picked":"SKIP","floor":4.0},{"not_picked":["Streamline","Steam"],"picked":"Reboot","floor":7.0},{"not_picked":["Streamline","Gash"],"picked":"Barrage","floor":10.0},{"not_picked":["Gash","Double Energy"],"picked":"Cold Snap","floor":11.0},{"not_picked":["Tempest","Steam"],"picked":"Defragment","floor":12.0},{"not_picked":["Steam Power","White Noise"],"picked":"Creative AI","floor":14.0},{"not_picked":["All For One","Meteor Strike"],"picked":"Reboot","floor":16.0},{"not_picked":["Streamline","Sweeping Beam"],"picked":"Melter","floor":17.0},{"not_picked":["Recycle","Blizzard+1"],"picked":"Auto Shields+1","floor":18.0},{"not_picked":["Redo","Genetic Algorithm+1"],"picked":"Ball Lightning","floor":20.0},{"not_picked":["Blizzard","Streamline+1"],"picked":"Cold Snap+1","floor":24.0},{"not_picked":["Streamline+1","Recycle"],"picked":"Fusion+1","floor":30},{"not_picked":["Gash","Storm"],"picked":"Echo Form","floor":31},{"not_picked":["Thunder Strike","All For One"],"picked":"Machine Learning","floor":33},{"not_picked":["Sweeping Beam+1","Darkness"],"picked":"Conserve Battery+1","floor":35},{"not_picked":["Barrage","Coolheaded+1"],"picked":"Conserve Battery+1","floor":38},{"not_picked":["Beam Cell","Streamline"],"picked":"Conserve Battery+1","floor":39},{"not_picked":["Turbo","Gash+1"],"picked":"Echo Form","floor":41}],"player_experience":945062,"relics_obtained":[{"floor":7.0,"key":"Old Coin"},{"floor":8.0,"key":"Girya"},{"floor":9.0,"key":"Dream Catcher"},{"floor":14.0,"key":"Centennial Puzzle"},{"floor":24.0,"key":"Bottled Flame"},{"floor":41,"key":"Happy Flower"},{"floor":41,"key":"Anchor"}],"event_choices":[{"damage_healed":0.0,"max_hp_gain":0.0,"max_hp_loss":0.0,"gold_gain":175.0,"event_name":"Liars Game","player_choice":"AGREE","floor":5.0,"gold_loss":0.0,"damage_taken":0.0,"cards_obtained":["Doubt"]},{"damage_healed":0.0,"max_hp_gain":0.0,"max_hp_loss":0.0,"gold_gain":0.0,"event_name":"Vampires","player_choice":"Ignored","floor":21.0,"gold_loss":0.0,"damage_taken":0.0},{"damage_healed":0.0,"max_hp_gain":5.0,"max_hp_loss":0.0,"gold_gain":0.0,"event_name":"Forgotten Altar","player_choice":"Shed Blood","floor":22.0,"gold_loss":0.0,"damage_taken":20.0},{"damage_healed":0.0,"max_hp_gain":0.0,"max_hp_loss":0.0,"gold_gain":0.0,"event_name":"Beggar","player_choice":"Ignored","floor":25.0,"gold_loss":0.0,"damage_taken":0.0},{"damage_healed":0.0,"max_hp_gain":0.0,"max_hp_loss":0.0,"gold_gain":0.0,"event_name":"Back to Basics","player_choice":"Simplicity","floor":27.0,"gold_loss":0.0,"damage_taken":0.0,"cards_upgraded":["Strike_B","Strike_B","Strike_B","Strike_B","Defend_B","Defend_B","Defend_B"]},{"damage_healed":0,"gold_gain":0,"player_choice":"Stole Relic","damage_taken":0,"relics_obtained":["Ancient Tea Set"],"max_hp_gain":0,"max_hp_loss":0,"event_name":"Addict","floor":29,"gold_loss":0,"cards_obtained":["Shame"]},{"damage_healed":0,"gold_gain":0,"player_choice":"Copied","damage_taken":0,"max_hp_gain":0,"max_hp_loss":0,"event_name":"Duplicator","floor":36,"gold_loss":0,"cards_obtained":["Storm"]}],"is_beta":false,"boss_relics":[{"not_picked":["Fusion Hammer","Ectoplasm"],"picked":"Tiny House"},{"not_picked":["Velvet Choker","Runic Dome"],"picked":"Black Star"}],"items_purged_floors":[13,37],"is_endless":false,"potions_floor_spawned":[2,4,11,12,18,30],"killed_by":"Writhing Mass","ascension_level":0}