{"gold_per_floor":[110,110,121,139,289,289,299,299,323,323,356,57,57,86,86,165,165,176,176,76,76,89,89,89,89,89,89],"floor_reached":27,"playtime":633,"items_purged":["Doubt","Strike_B"],"score":434,"play_id":"f4a16e6b-de86-46a8-a02d-07f86df2cc93","local_time":"20190408193133","is_ascension_mode":true,"campfire_choices":[{"data":"Loop","floor":6,"key":"SMITH"},{"data":"Sunder","floor":8,"key":"SMITH"},{"data":"Zap","floor":10,"key":"SMITH"},{"floor":13,"key":"REST"},{"data":"Dualcast","floor":15,"key":"SMITH"},{"floor":23,"key":"REST"},{"data":"Panacea","floor":25,"key":"SMITH"}],"neow_cost":"NONE","seed_source_timestamp":149390948544600,"circlet_count":0,"master_deck":["AscendersBane","Strike_B+1","Strike_B+1","Defend_B+1","Defend_B+1","Defend_B+1","Defend_B+1","Zap+1","Dualcast+1","Loop+1","Conserve Battery","Sunder+1","Panacea+1","Barrage","Cold Snap","Meteor Strike","Recycle"],"relics":["FrozenCore","NeowsBlessing","Lantern","DataDisk","Boot","Happy Flower","Dodecahedron"],"potions_floor_usage":[7,7,16,19],"damage_taken":[{"damage":0,"enemies":"Cultist","floor":1,"turns":1},{"damage":0,"enemies":"Jaw Worm","floor":3,"turns":1},{"damage":0,"enemies":"2 Louse","floor":4,"turns":1},{"damage":28,"enemies":"Exordium Thugs","floor":7,"turns":6},{"damage":18,"enemies":"3 Sentries","floor":11,"turns":8},{"damage":28,"enemies":"Lagavulin","floor":14,"turns":5},{"damage":7,"enemies":"Hexaghost","floor":16,"turns":8},{"damage":23,"enemies":"3 Byrds","floor":18,"turns":6},{"damage":18,"enemies":"Colosseum Slavers","floor":19,"turns":5},{"damage":7,"enemies":"Spheric Guardian","floor":22,"turns":6},{"damage":18,"enemies":"Gremlin Leader","floor":27,"turns":9}],"seed_played":"-7309760138219560052","potions_obtained":[{"floor":3,"key":"Regen Potion"},{"floor":4,"key":"Fire Potion"},{"floor":7,"key":"Ancient Potion"},{"floor":18,"key":"Block Potion"}],"is_trial":false,"path_per_floor":["M","?","M","M","?","R","M","R","T","R","E","$","R","E","R","B",null,"M","?","$","?","M","R","?","R","T","E"],"character_chosen":"DEFECT","items_purchased":["FocusPotion","Panacea","Barrage"],"campfire_rested":2,"item_purchase_floors":[12,12,12],"current_hp_per_floor":[64,57,57,57,57,57,44,44,44,44,26,26,47,19,19,12,56,33,15,15,15,8,29,29,29,29,11],"gold":89,"neow_bonus":"THREE_ENEMY_KILL","is_prod":false,"is_daily":false,"chose_seed":false,"campfire_upgraded":5,"win_rate":0,"timestamp":1554719493,"path_taken":["M","?","M","M","?","R","M","R","T","R","E","$","R","E","R","BOSS","M","?","$","?","M","R","?","R","T","E"],"build_version":"2019-01-23","purchased_purges":2,"victory":false,"max_hp_per_floor":[71,71,71,71,71,71,71,71,71,71,71,71,71,71,71,71,71,71,71,71,71,71,71,71,71,71,71],"card_choices":[{"not_picked":["Conserve Battery","Gash"],"picked":"Loop","floor":1},{"not_picked":["Beam Cell","Steam Power"],"picked":"Conserve Battery","floor":3},{"not_picked":["Double Energy","Gash","Reprogram"],"picked":"SKIP","floor":4},{"not_picked":["Fusion","Compile Driver"],"picked":"Sunder","floor":7},{"not_picked":["Blizzard","Heatsinks","Steam"],"picked":"SKIP","floor":11},{"not_picked":["Rebound","Reinforced Body"],"picked":"Cold Snap","floor":14},{"not_picked":["Multi-Cast","All For One"],"picked":"Meteor Strike","floor":16},{"not_picked":["Doom and Gloom","Fusion"],"picked":"Recycle","floor":18},{"not_picked":["Streamline","Conserve Battery","Ball Lightning"],"picked":"SKIP","floor":22}],"player_experience":2985374,"relics_obtained":[{"floor":9,"key":"Lantern"},{"floor":11,"key":"DataDisk"},{"floor":14,"key":"Boot"},{"floor":26,"key":"Dodecahedron"}],"event_choices":[{"cards_removed":["Strike_B"],"damage_healed":0,"gold_gain":0,"player_choice":"Card Removal","damage_taken":7,"max_hp_gain":0,"max_hp_loss":0,"event_name":"Golden Wing","floor":2,"gold_loss":0},{"damage_healed":0,"gold_gain":150,"player_choice":"AGREE","damage_taken":0,"max_hp_gain":0,"max_hp_loss":0,"event_name":"Liars Game","floor":5,"gold_loss":0,"cards_obtained":["Doubt"]},{"damage_healed":0,"gold_gain":0,"player_choice":"Fight","damage_taken":0,"max_hp_gain":0,"max_hp_loss":0,"event_name":"Colosseum","floor":19,"gold_loss":0},{"damage_healed":0,"gold_gain":0,"player_choice":"Fled From Nobs","damage_taken":0,"max_hp_gain":0,"max_hp_loss":0,"event_name":"Colosseum","floor":19,"gold_loss":0},{"damage_healed":0,"gold_gain":0,"player_choice":"Simplicity","damage_taken":0,"max_hp_gain":0,"max_hp_loss":0,"event_name":"Back to Basics","floor":21,"gold_loss":0,"cards_upgraded":["Strike_B","Strike_B","Defend_B","Defend_B","Defend_B","Defend_B"]},{"damage_healed":0,"gold_gain":0,"player_choice":"Gave Potion","damage_taken":0,"relics_obtained":["Happy Flower"],"max_hp_gain":0,"max_hp_loss":0,"event_name":"WeMeetAgain","floor":24,"gold_loss":0}],"is_beta":false,"boss_relics":[{"not_picked":["Philosopher\u0027s Stone","Runic Pyramid"],"picked":"FrozenCore"}],"items_purged_floors":[12,20],"is_endless":false,"potions_floor_spawned":[3,4,7,14,18,19],"killed_by":"Gremlin Leader","ascension_level":20}