{"gold_per_floor":[112,112,112,112,122,154,154,174,174,249,279,279,279,109,109,184,184,160,130,144,144,164,164,214,214,214,214,246,258,269,283,283,357,357,369,369,379,379,379,409,101,101,101,130,144,176,176,190,190,190,190,190,190,28,53,53],"floor_reached":57,"playtime":2728,"items_purged":["Strike_B","Strike_B"],"score":2932,"play_id":"e460bdb4-b4dc-418c-8d23-be3cda9eeadc","local_time":"20190406143226","is_ascension_mode":true,"campfire_choices":[{"data":"Consume","floor":7,"key":"SMITH"},{"data":"Darkness","floor":12,"key":"SMITH"},{"data":"Loop","floor":15,"key":"SMITH"},{"data":"Dualcast","floor":23,"key":"SMITH"},{"data":"Chill","floor":25,"key":"SMITH"},{"floor":27,"key":"REST"},{"floor":32,"key":"REST"},{"data":"Defragment","floor":42,"key":"SMITH"},{"floor":49,"key":"RECALL"},{"data":"Capacitor","floor":53,"key":"SMITH"}],"neow_cost":"NONE","seed_source_timestamp":701280225275900,"circlet_count":0,"master_deck":["AscendersBane","Strike_B+1","Defend_B","Defend_B","Defend_B","Zap","Dualcast+1","Chill+1","Darkness+1","Consume+1","Loop+1","Coolheaded","Seek","Coolheaded","FTL","Turbo","Redo","Echo Form","Cold Snap","Echo Form","Conserve Battery+1","Defragment+1","Capacitor+1","Loop+1","White Noise+1"],"relics":["Cracked Core","NeowsBlessing","Thread and Needle","Dream Catcher","Dodecahedron","Pocketwatch","Eternal Feather","Bird Faced Urn","Letter Opener","Inserter","DataDisk","Anchor","Question Card","Gambling Chip","Bag of Preparation","Ice Cream"],"potions_floor_usage":[18,28,28,46,56,56],"damage_taken":[{"damage":0,"enemies":"2 Louse","floor":1,"turns":1},{"damage":0,"enemies":"Small Slimes","floor":5,"turns":1},{"damage":0,"enemies":"Lagavulin","floor":6,"turns":1},{"damage":0,"enemies":"Jaw Worm","floor":8,"turns":4},{"damage":24,"enemies":"Gremlin Nob","floor":11,"turns":4},{"damage":27,"enemies":"The Guardian","floor":16,"turns":9},{"damage":28,"enemies":"2 Thieves","floor":18,"turns":4},{"damage":5,"enemies":"Spheric Guardian","floor":20,"turns":4},{"damage":16,"enemies":"Snake Plant","floor":22,"turns":4},{"damage":14,"enemies":"Gremlin Leader","floor":28,"turns":7},{"damage":13,"enemies":"Snecko","floor":29,"turns":6},{"damage":7,"enemies":"Chosen and Byrds","floor":30,"turns":6},{"damage":4,"enemies":"Snake Plant","floor":31,"turns":5},{"damage":40,"enemies":"Collector","floor":33,"turns":11},{"damage":16,"enemies":"Orb Walker","floor":35,"turns":6},{"damage":0,"enemies":"3 Shapes","floor":37,"turns":5},{"damage":5,"enemies":"Giant Head","floor":40,"turns":9},{"damage":0,"enemies":"Nemesis","floor":44,"turns":7},{"damage":17,"enemies":"Transient","floor":45,"turns":6},{"damage":22,"enemies":"Reptomancer","floor":46,"turns":22},{"damage":3,"enemies":"3 Darklings","floor":48,"turns":6},{"damage":56,"enemies":"Awakened One","floor":50,"turns":13},{"damage":0,"enemies":"Donu and Deca","floor":51,"turns":12},{"damage":22,"enemies":"Shield and Spear","floor":55,"turns":11},{"damage":65,"enemies":"The Heart","floor":56,"turns":11}],"seed_played":"-6127725149939565548","potions_obtained":[{"floor":5,"key":"SkillPotion"},{"floor":6,"key":"FairyPotion"},{"floor":18,"key":"PowerPotion"},{"floor":19,"key":"Explosive Potion"},{"floor":29,"key":"FearPotion"},{"floor":30,"key":"LiquidBronze"},{"floor":35,"key":"FocusPotion"},{"floor":40,"key":"GamblersBrew"},{"floor":44,"key":"FocusPotion"},{"floor":48,"key":"LiquidBronze"}],"is_trial":false,"path_per_floor":["M","?","?","?","M","E","R","M","T","?","E","R","$","$","R","B",null,"M","?","M","$","M","R","?","R","T","R","E","M","M","M","R","B",null,"M","?","M","?","?","E","$","R","T","E","M","E","?","M","R","B","B",null,"R","$","E","B",null],"character_chosen":"DEFECT","items_purchased":["Loop","Coolheaded","Anchor","Defragment","Bag of Preparation"],"campfire_rested":2,"item_purchase_floors":[14,14,41,41,54],"current_hp_per_floor":[64,64,43,38,38,38,38,38,38,27,3,3,3,3,3,7,55,27,27,22,22,6,15,15,24,24,54,44,33,28,26,59,21,59,47,81,81,81,81,76,76,81,81,81,70,52,52,69,81,33,53,74,81,81,65,26],"gold":53,"neow_bonus":"THREE_ENEMY_KILL","is_prod":false,"is_daily":false,"chose_seed":false,"campfire_upgraded":7,"win_rate":0,"timestamp":1554528746,"path_taken":["M","?","?","?","?","E","R","?","T","?","E","R","?","$","R","BOSS","M","?","M","?","M","R","?","R","T","R","E","?","M","M","R","BOSS","M","?","?","?","?","E","$","R","T","E","?","E","?","?","R","BOSS","BOSS","R","$","E","BOSS"],"build_version":"2019-01-23","purchased_purges":2,"victory":true,"max_hp_per_floor":[71,71,71,71,71,71,71,71,71,71,71,71,71,71,71,71,71,71,71,71,71,71,71,71,71,71,71,71,71,71,71,71,71,71,71,81,81,81,81,81,81,81,81,81,81,81,81,81,81,81,81,81,81,81,81,81],"card_choices":[{"not_picked":["Gash","Hello World"],"picked":"Chill","floor":1},{"not_picked":["Stack","Barrage"],"picked":"Consume","floor":5},{"not_picked":["Steam","Ball Lightning","Rebound"],"picked":"SKIP","floor":6},{"not_picked":["Conserve Battery","Redo"],"picked":"Core Surge","floor":8},{"not_picked":["Steam Power","Sweeping Beam","Rebound"],"picked":"SKIP","floor":11},{"not_picked":["Fission","Thunder Strike"],"picked":"Seek","floor":16},{"not_picked":["Go for the Eyes","Beam Cell"],"picked":"Coolheaded","floor":18},{"not_picked":["Chaos","Ball Lightning","Hologram"],"picked":"SKIP","floor":20},{"not_picked":["Beam Cell","Barrage","Gash"],"picked":"SKIP","floor":22},{"not_picked":["Redo","Skim"],"picked":"FTL","floor":27},{"not_picked":["Barrage","Rip and Tear"],"picked":"Turbo","floor":28},{"not_picked":["Meteor Strike","Sweeping Beam","Lockon"],"picked":"SKIP","floor":29},{"not_picked":["Leap","Cold Snap"],"picked":"Redo","floor":30},{"not_picked":["Streamline+1","Force Field","Coolheaded"],"picked":"SKIP","floor":31},{"not_picked":["Machine Learning","Rainbow"],"picked":"Echo Form","floor":33},{"not_picked":["Stack","Steam"],"picked":"Cold Snap","floor":35},{"not_picked":["Rebound","Genetic Algorithm","Steam"],"picked":"SKIP","floor":37},{"not_picked":["Thunder Strike","Stack"],"picked":"Conserve Battery+1","floor":40},{"not_picked":["Ball Lightning","Chaos","Cold Snap"],"picked":"SKIP","floor":44},{"not_picked":["Go for the Eyes","Barrage","Steam","Rebound+1"],"picked":"SKIP","floor":45},{"not_picked":["Coolheaded","Compile Driver","Scrape+1"],"picked":"Capacitor","floor":46},{"not_picked":["Defragment","Double Energy","Hologram+1"],"picked":"White Noise+1","floor":48},{"not_picked":["Genetic Algorithm","Sweeping Beam","Aggregate","Sunder"],"picked":"SKIP","floor":55}],"player_experience":2910412,"relics_obtained":[{"floor":6,"key":"Dream Catcher"},{"floor":9,"key":"Dodecahedron"},{"floor":11,"key":"Pocketwatch"},{"floor":26,"key":"Bird Faced Urn"},{"floor":28,"key":"Letter Opener"},{"floor":40,"key":"DataDisk"},{"floor":44,"key":"Question Card"},{"floor":46,"key":"Gambling Chip"},{"floor":55,"key":"Ice Cream"}],"event_choices":[{"damage_healed":0,"gold_gain":0,"cards_transformed":["Defend_B"],"player_choice":"Change","damage_taken":0,"max_hp_gain":0,"max_hp_loss":0,"event_name":"Living Wall","floor":2,"gold_loss":0,"cards_obtained":["Darkness"]},{"damage_healed":0,"gold_gain":0,"player_choice":"Entered Light","damage_taken":21,"max_hp_gain":0,"max_hp_loss":0,"event_name":"Shining Light","floor":3,"gold_loss":0,"cards_upgraded":["Strike_B","Strike_B"]},{"damage_healed":0,"gold_gain":0,"player_choice":"Success","damage_taken":5,"relics_obtained":["Thread and Needle"],"max_hp_gain":0,"max_hp_loss":0,"event_name":"Scrap Ooze","floor":4,"gold_loss":0},{"damage_healed":0,"gold_gain":75,"player_choice":"Gather Gold","damage_taken":11,"max_hp_gain":0,"max_hp_loss":0,"event_name":"World of Goop","floor":10,"gold_loss":0},{"damage_healed":0,"gold_gain":0,"player_choice":"Bought 2 Potions","damage_taken":0,"max_hp_gain":0,"max_hp_loss":0,"event_name":"The Woman in Blue","floor":19,"gold_loss":0},{"damage_healed":0,"gold_gain":50,"player_choice":"Stole From Cult","damage_taken":0,"max_hp_gain":0,"max_hp_loss":0,"event_name":"Nest","floor":24,"gold_loss":0},{"cards_removed":["Core Surge"],"damage_healed":24,"gold_gain":0,"player_choice":"Offered Rare","damage_taken":0,"max_hp_gain":10,"max_hp_loss":0,"event_name":"Bonfire Elementals","floor":36,"gold_loss":0},{"cards_removed":["Strike_B"],"damage_healed":0,"gold_gain":0,"player_choice":"Removed Attack","damage_taken":0,"max_hp_gain":0,"max_hp_loss":0,"event_name":"Falling","floor":38,"gold_loss":0},{"damage_healed":0,"gold_gain":0,"player_choice":"1 cards matched","damage_taken":0,"max_hp_gain":0,"max_hp_loss":0,"event_name":"Match and Keep!","floor":39,"gold_loss":0,"cards_obtained":["Echo Form"]},{"damage_healed":0,"gold_gain":0,"player_choice":"Copied","damage_taken":0,"max_hp_gain":0,"max_hp_loss":0,"event_name":"Duplicator","floor":47,"gold_loss":0,"cards_obtained":["Loop"]}],"is_beta":false,"boss_relics":[{"not_picked":["Lizard Tail","Ectoplasm"],"picked":"Eternal Feather"},{"not_picked":["Fusion Hammer","Cursed Key"],"picked":"Inserter"}],"items_purged_floors":[14,41],"is_endless":false,"potions_floor_spawned":[5,6,11,18,20,22,29,30,35,40,44,48,55],"ascension_level":20}