{"gold_per_floor":[118,118,64,64,35,35,35,62,62,90,90,101,101,134,134,208,208,227,27,27,39,39,39,39,39,39,49,66,66,95,111,111,111],"floor_reached":33,"playtime":1009,"items_purged":[],"score":558,"play_id":"7f1baa58-2f68-4bc2-93be-84eefeaa1a56","local_time":"20190329130040","is_ascension_mode":true,"campfire_choices":[{"data":"Armaments","floor":6.0,"key":"SMITH"},{"data":"Bash","floor":13.0,"key":"SMITH"},{"data":"Disarm","floor":15.0,"key":"SMITH"},{"data":"Entrench","floor":23.0,"key":"SMITH"},{"data":"Juggernaut","floor":25.0,"key":"SMITH"},{"floor":32.0,"key":"REST"}],"neow_cost":"PERCENT_DAMAGE","seed_source_timestamp":6244469550800,"circlet_count":0,"master_deck":["AscendersBane","Strike_R+1","Strike_R+1","Defend_R+1","Defend_R+1","Defend_R+1","Defend_R+1","Bash+1","Infernal Blade","Armaments+1","Power Through","Entrench+1","Reckless Charge","Disarm+1","Juggernaut+1","Evolve","Impervious","Second Wind","Disarm","Ghostly Armor","Shame","Sentinel+1","Inflame"],"special_seed":0,"relics":["Burning Blood","Charon\u0027s Ashes","Blue Candle","Mummified Hand","Letter Opener","Molten Egg 2","Runic Dome","Peace Pipe","Orichalcum"],"potions_floor_usage":[33,33],"damage_taken":[{"damage":17.0,"enemies":"Small Slimes","floor":1.0,"turns":4.0},{"damage":10.0,"enemies":"3 Sentries","floor":8.0,"turns":6.0},{"damage":39.0,"enemies":"Gremlin Nob","floor":10.0,"turns":4.0},{"damage":12.0,"enemies":"Jaw Worm","floor":12.0,"turns":4.0},{"damage":5.0,"enemies":"3 Sentries","floor":14.0,"turns":6.0},{"damage":41.0,"enemies":"The Guardian","floor":16.0,"turns":19.0},{"damage":30.0,"enemies":"Chosen","floor":18.0,"turns":5.0},{"damage":8.0,"enemies":"Shell Parasite","floor":21.0,"turns":4.0},{"damage":13.0,"enemies":"Snecko","floor":27.0,"turns":5.0},{"damage":7.0,"enemies":"Snake Plant","floor":28.0,"turns":3.0},{"damage":23.0,"enemies":"Gremlin Leader","floor":30.0,"turns":8.0},{"damage":3.0,"enemies":"Centurion and Healer","floor":31.0,"turns":6.0},{"damage":28,"enemies":"Champ","floor":33,"turns":9}],"seed_played":"6687487636306304491","potions_obtained":[{"floor":1.0,"key":"Explosive Potion"},{"floor":10.0,"key":"SteroidPotion"},{"floor":16.0,"key":"SpeedPotion"},{"floor":30.0,"key":"PowerPotion"}],"is_trial":false,"path_per_floor":["M","?","$","?","$","R","$","E","T","E","?","M","R","E","R","B",null,"M","$","?","M","?","R","?","R","T","M","M","?","E","M","R","B"],"character_chosen":"IRONCLAD","items_purchased":["Explosive Potion","Armaments","Evolve","Impervious"],"campfire_rested":1,"item_purchase_floors":[3,5,19,19],"current_hp_per_floor":[39,64,64,64,64,64,64,60,60,27,75,69,69,70,70,35,65,41,41,41,39,39,39,39,39,39,32,31,31,14,17,39,11],"gold":111,"neow_bonus":"ONE_RARE_RELIC","is_prod":false,"is_daily":false,"chose_seed":false,"campfire_upgraded":5,"win_rate":0,"timestamp":1553832040,"path_taken":["M","?","$","?","?","R","$","E","T","E","?","M","R","E","R","BOSS","M","$","?","M","?","R","?","R","T","M","?","?","E","M","R","BOSS"],"build_version":"2019-01-23","purchased_purges":0,"victory":false,"max_hp_per_floor":[75,75,75,75,75,75,75,75,75,75,75,75,75,75,75,75,75,75,75,75,75,75,75,75,75,75,75,75,75,75,75,75,75],"card_choices":[{"not_picked":["Dual Wield","Cleave","Bloodletting"],"picked":"SKIP","floor":1.0},{"not_picked":["Intimidate","Burning Pact"],"picked":"Power Through","floor":8.0},{"not_picked":["Flex","Heavy Blade"],"picked":"Entrench","floor":10.0},{"not_picked":["Clothesline","Perfected Strike"],"picked":"Reckless Charge","floor":12.0},{"not_picked":["Anger","Cleave"],"picked":"Disarm","floor":14.0},{"not_picked":["Reaper+1","Impervious"],"picked":"Juggernaut","floor":16.0},{"not_picked":["Hemokinesis+1","Havoc","Clash+1"],"picked":"SKIP","floor":18.0},{"not_picked":["Perfected Strike+1","True Grit"],"picked":"Second Wind","floor":21.0},{"not_picked":["Corruption","Hemokinesis+1","Clothesline+1"],"picked":"SKIP","floor":27.0},{"not_picked":["Flame Barrier","Iron Wave+1"],"picked":"Ghostly Armor","floor":28.0},{"not_picked":["Iron Wave+1","Rage+1"],"picked":"Sentinel+1","floor":30.0},{"not_picked":["Clash+1","Sword Boomerang+1"],"picked":"Inflame","floor":31.0}],"player_experience":2700883,"relics_obtained":[{"floor":8.0,"key":"Blue Candle"},{"floor":9.0,"key":"Mummified Hand"},{"floor":10.0,"key":"Letter Opener"},{"floor":14.0,"key":"Molten Egg 2"},{"floor":30.0,"key":"Orichalcum"}],"event_choices":[{"damage_healed":25.0,"max_hp_gain":0.0,"max_hp_loss":0.0,"gold_gain":0.0,"event_name":"Big Fish","player_choice":"Banana","floor":2.0,"gold_loss":0.0,"damage_taken":0.0},{"damage_healed":0.0,"max_hp_gain":0.0,"max_hp_loss":0.0,"gold_gain":0.0,"cards_transformed":["Strike_R"],"event_name":"Living Wall","player_choice":"Change","floor":4.0,"gold_loss":0.0,"damage_taken":0.0,"cards_obtained":["Infernal Blade"]},{"damage_healed":48.0,"max_hp_gain":0.0,"max_hp_loss":0.0,"gold_gain":0.0,"event_name":"Wheel of Change","player_choice":"Full Heal","floor":11.0,"gold_loss":0.0,"damage_taken":0.0},{"damage_healed":0.0,"max_hp_gain":0.0,"max_hp_loss":0.0,"gold_gain":0.0,"event_name":"Back to Basics","player_choice":"Simplicity","floor":20.0,"gold_loss":0.0,"damage_taken":0.0,"cards_upgraded":["Strike_R","Strike_R","Strike_R","Strike_R","Defend_R","Defend_R","Defend_R","Defend_R"]},{"damage_healed":0.0,"max_hp_gain":0.0,"max_hp_loss":0.0,"gold_gain":0.0,"cards_transformed":["Strike_R","Strike_R"],"event_name":"Drug Dealer","player_choice":"Became Test Subject","floor":22.0,"gold_loss":0.0,"damage_taken":0.0,"cards_obtained":["Disarm","Combust"]},{"cards_removed":["Combust"],"damage_healed":0.0,"max_hp_gain":0.0,"max_hp_loss":0.0,"gold_gain":0.0,"event_name":"Purifier","player_choice":"Purged","floor":24.0,"gold_loss":0.0,"damage_taken":0.0},{"damage_healed":0.0,"max_hp_gain":0.0,"max_hp_loss":0.0,"gold_gain":0.0,"event_name":"Addict","player_choice":"Stole Relic","floor":29.0,"gold_loss":0.0,"damage_taken":0.0,"relics_obtained":["Peace Pipe"],"cards_obtained":["Shame"]}],"is_beta":false,"boss_relics":[{"not_picked":["Coffee Dripper","Velvet Choker"],"picked":"Runic Dome"}],"items_purged_floors":[],"is_endless":false,"potions_floor_spawned":[1,8,10,16,21,30],"killed_by":"Champ","ascension_level":20}