{"gold_per_floor":[110,124,124,25,46,80,104,104,104,142,142,242,257,282,282,371,371,371,326,326,326,326,326,326,326,326,326,83,83,83,83,83,83,83,83,83,83,83,83,83,83,83,83,83,83,83,83,83,83,83],"floor_reached":51,"playtime":3960,"items_purged":["Shame","Defend_R"],"score":1328,"play_id":"aad3ddb4-7359-46cd-ac69-6cf64f64466f","local_time":"20181205004702","is_ascension_mode":true,"campfire_choices":[{"data":"True Grit","floor":11.0,"key":"SMITH"},{"data":"Inflame","floor":15.0,"key":"SMITH"},{"data":"Clash","floor":24.0,"key":"SMITH"},{"floor":30.0,"key":"REST"},{"data":"Fiend Fire","floor":32.0,"key":"SMITH"},{"data":"Burning Pact","floor":40.0,"key":"SMITH"},{"data":"Dual Wield","floor":44.0,"key":"SMITH"},{"floor":49.0,"key":"REST"}],"neow_cost":"CURSE","seed_source_timestamp":811957120060397,"circlet_count":0,"master_deck":["AscendersBane","Strike_R","Strike_R","Strike_R","Strike_R","Strike_R","Defend_R","Defend_R","Defend_R","Bash+1","Clash+1","Clash+1","Anger","True Grit+1","Inflame+1","Rage","Rage","Disarm","Juggernaut+1","Dual Wield+1","Feel No Pain+1","Fiend Fire+1","Burning Pact+1","Feed","Inflame+1"],"special_seed":0,"relics":["Burning Blood","FossilizedHelix","Golden Idol","Bag of Preparation","Frozen Egg 2","Charon\u0027s Ashes","Ectoplasm","Whetstone","Tiny Chest","Pen Nib","Incense Burner","Happy Flower","Red Mask","Sundial","Busted Crown","Matryoshka","Blood Vial","Orichalcum","Shuriken"],"potions_floor_usage":[50],"damage_taken":[{"damage":0.0,"enemies":"Jaw Worm","floor":1.0,"turns":4.0},{"damage":0.0,"enemies":"Small Slimes","floor":2.0,"turns":3.0},{"damage":5.0,"enemies":"Cultist","floor":5.0,"turns":4.0},{"damage":15.0,"enemies":"Lagavulin","floor":6.0,"turns":4.0},{"damage":33.0,"enemies":"Gremlin Gang","floor":7.0,"turns":6.0},{"damage":15.0,"enemies":"3 Sentries","floor":10.0,"turns":8.0},{"damage":0.0,"enemies":"Looter","floor":13.0,"turns":2.0},{"damage":0.0,"enemies":"2 Fungi Beasts","floor":14.0,"turns":2.0},{"damage":21.0,"enemies":"Slime Boss","floor":16.0,"turns":8.0},{"damage":0.0,"enemies":"Spheric Guardian","floor":18.0,"turns":3.0},{"damage":11.0,"enemies":"2 Thieves","floor":19.0,"turns":3.0},{"damage":8.0,"enemies":"Shelled Parasite and Fungi","floor":21.0,"turns":4.0},{"damage":6.0,"enemies":"3 Cultists","floor":22.0,"turns":5.0},{"damage":39.0,"enemies":"Slavers","floor":23.0,"turns":6.0},{"damage":0.0,"enemies":"Gremlin Leader","floor":25.0,"turns":6.0},{"damage":0.0,"enemies":"Centurion and Healer","floor":27.0,"turns":5.0},{"damage":30.0,"enemies":"Masked Bandits","floor":29.0,"turns":4.0},{"damage":19.0,"enemies":"Slavers","floor":31.0,"turns":7.0},{"damage":24.0,"enemies":"Collector","floor":33.0,"turns":7.0},{"damage":9.0,"enemies":"3 Darklings","floor":35.0,"turns":4.0},{"damage":0.0,"enemies":"Orb Walker","floor":36.0,"turns":2.0},{"damage":22.0,"enemies":"Sphere and 2 Shapes","floor":38.0,"turns":4.0},{"damage":10.0,"enemies":"3 Darklings","floor":39.0,"turns":4.0},{"damage":0.0,"enemies":"4 Shapes","floor":41.0,"turns":3.0},{"damage":21.0,"enemies":"Giant Head","floor":42.0,"turns":7.0},{"damage":9.0,"enemies":"Reptomancer","floor":45.0,"turns":5.0},{"damage":17.0,"enemies":"Writhing Mass","floor":47.0,"turns":4.0},{"damage":0.0,"enemies":"Sphere and 2 Shapes","floor":48.0,"turns":2.0},{"damage":44,"enemies":"Donu and Deca","floor":50,"turns":7}],"seed_played":"8181219262596706788","potions_obtained":[{"floor":1.0,"key":"Poison Potion"},{"floor":5.0,"key":"LiquidBronze"},{"floor":10.0,"key":"Block Potion"},{"floor":13.0,"key":"AttackPotion"},{"floor":19.0,"key":"Dexterity Potion"},{"floor":23.0,"key":"BloodPotion"},{"floor":25.0,"key":"Poison Potion"},{"floor":31.0,"key":"FearPotion"},{"floor":39.0,"key":"BloodPotion"},{"floor":41.0,"key":"Poison Potion"},{"floor":45.0,"key":"GamblersBrew"}],"is_trial":false,"path_per_floor":["M","M","?","$","M","E","M","?","T","E","R","?","M","M","R","B",null,"M","M","T","M","M","E","R","E","T","M","$","?","R","E","R","B","B",null,"M","M","?","M","M","R","M","E","T","R","E","?","M","M","R","B",null],"character_chosen":"IRONCLAD","items_purchased":["Clash","Happy Flower"],"campfire_rested":2,"item_purchase_floors":[4,28],"current_hp_per_floor":[74,75,57,57,58,49,22,47,47,38,38,38,44,50,50,35,65,71,66,66,64,64,31,31,37,37,43,43,19,41,28,28,17,61,58,64,64,48,44,44,53,38,38,38,44,44,38,49,73,40],"gold":83,"neow_bonus":"ONE_RARE_RELIC","is_prod":false,"is_daily":false,"chose_seed":false,"campfire_upgraded":6,"win_rate":0,"timestamp":1543942022,"path_taken":["M","M","?","$","M","E","M","?","T","E","R","?","M","M","R","BOSS","M","M","?","M","M","E","R","E","T","?","$","?","R","E","R","BOSS","BOSS","M","M","?","M","?","R","M","E","T","R","E","?","M","M","R","BOSS"],"build_version":"2018-11-15","purchased_purges":2,"victory":true,"max_hp_per_floor":[75,75,75,75,75,75,75,75,75,75,75,75,75,75,75,75,75,75,75,75,75,75,75,75,75,75,75,75,75,75,75,75,75,75,75,75,75,75,75,75,78,78,78,78,78,74,77,80,80,83],"card_choices":[{"not_picked":["Power Through","Thunderclap","Twin Strike"],"picked":"SKIP","floor":1.0},{"not_picked":["Body Slam","Fire Breathing"],"picked":"Clash","floor":2.0},{"not_picked":["Heavy Blade","Clash"],"picked":"Anger","floor":5.0},{"not_picked":["Warcry","Seeing Red"],"picked":"True Grit","floor":6.0},{"not_picked":["Dropkick","Wild Strike"],"picked":"Inflame","floor":7.0},{"not_picked":["Brutality+1","Exhume"],"picked":"Rage","floor":10.0},{"not_picked":["Warcry","Inflame+1"],"picked":"Rage","floor":13.0},{"not_picked":["Iron Wave","Armaments"],"picked":"Disarm","floor":14.0},{"not_picked":["Dark Embrace+1","Impervious"],"picked":"Juggernaut+1","floor":16.0},{"not_picked":["Clothesline","Thunderclap"],"picked":"Dual Wield","floor":18.0},{"not_picked":["Perfected Strike","Power Through","Rage"],"picked":"SKIP","floor":19.0},{"not_picked":["Armaments+1","Power Through","Cleave"],"picked":"SKIP","floor":21.0},{"not_picked":["Reckless Charge+1","Battle Trance","Infernal Blade"],"picked":"SKIP","floor":22.0},{"not_picked":["Brutality+1","Cleave"],"picked":"Feel No Pain+1","floor":23.0},{"not_picked":["Perfected Strike","Body Slam","Sword Boomerang"],"picked":"SKIP","floor":25.0},{"not_picked":["Sword Boomerang","Searing Blow"],"picked":"Fiend Fire","floor":27.0},{"not_picked":["Wild Strike","Anger"],"picked":"Burning Pact","floor":29.0},{"not_picked":["Sentinel","Rampage","Perfected Strike+1"],"picked":"SKIP","floor":31.0},{"not_picked":["Barricade+1","Berserk+1"],"picked":"Feed","floor":33.0},{"not_picked":["Rupture+1"],"picked":"SKIP","floor":35.0},{"not_picked":["Cleave"],"picked":"SKIP","floor":36.0},{"not_picked":["Bloodletting"],"picked":"SKIP","floor":38.0},{"not_picked":["Dual Wield"],"picked":"SKIP","floor":39.0},{"not_picked":["Thunderclap+1"],"picked":"SKIP","floor":41.0},{"not_picked":["Berserk+1"],"picked":"SKIP","floor":42.0},{"not_picked":["Cleave"],"picked":"SKIP","floor":45.0},{"not_picked":["Twin Strike+1"],"picked":"SKIP","floor":47.0},{"not_picked":["Cleave"],"picked":"SKIP","floor":48.0}],"player_experience":588085,"relics_obtained":[{"floor":6.0,"key":"Bag of Preparation"},{"floor":9.0,"key":"Frozen Egg 2"},{"floor":10.0,"key":"Charon\u0027s Ashes"},{"floor":20.0,"key":"Whetstone"},{"floor":23.0,"key":"Tiny Chest"},{"floor":25.0,"key":"Pen Nib"},{"floor":26.0,"key":"Incense Burner"},{"floor":29.0,"key":"Red Mask"},{"floor":31.0,"key":"Sundial"},{"floor":42.0,"key":"Matryoshka"},{"floor":43.0,"key":"Blood Vial"},{"floor":43.0,"key":"Orichalcum"},{"floor":45.0,"key":"Shuriken"}],"event_choices":[{"damage_healed":0.0,"max_hp_gain":0.0,"max_hp_loss":0.0,"gold_gain":0.0,"event_name":"Golden Idol","player_choice":"Take Damage","floor":3.0,"gold_loss":0.0,"damage_taken":18.0,"relics_obtained":["Golden Idol"]},{"damage_healed":25.0,"max_hp_gain":0.0,"max_hp_loss":0.0,"gold_gain":0.0,"event_name":"Big Fish","player_choice":"Banana","floor":8.0,"gold_loss":0.0,"damage_taken":0.0},{"damage_healed":0.0,"max_hp_gain":0.0,"max_hp_loss":0.0,"gold_gain":100.0,"event_name":"Golden Shrine","player_choice":"Pray","floor":12.0,"gold_loss":0.0,"damage_taken":0.0},{"damage_healed":0.0,"max_hp_gain":0.0,"max_hp_loss":0.0,"gold_gain":0.0,"event_name":"Masked Bandits","player_choice":"Fought Bandits","floor":29.0,"gold_loss":0.0,"damage_taken":0.0},{"damage_healed":0.0,"max_hp_gain":0.0,"max_hp_loss":0.0,"gold_gain":0.0,"event_name":"Duplicator","player_choice":"Copied","floor":37.0,"gold_loss":0.0,"damage_taken":0.0,"cards_obtained":["Inflame"]},{"damage_healed":0.0,"max_hp_gain":0.0,"max_hp_loss":4.0,"gold_gain":0.0,"event_name":"Winding Halls","player_choice":"Max HP","floor":46.0,"gold_loss":0.0,"damage_taken":0.0}],"is_beta":true,"boss_relics":[{"not_picked":["Black Blood","Runic Dome"],"picked":"Ectoplasm"},{"not_picked":["Pandora\u0027s Box","Mark of Pain"],"picked":"Busted Crown"}],"items_purged_floors":[4,28],"is_endless":false,"potions_floor_spawned":[1,5,10,13,19,23,25,31,39,41,45],"ascension_level":14}