{"gold_per_floor":[115,139,150,166,131,163,210,223,223,235,235],"floor_reached":11,"playtime":307,"items_purged":[],"score":150,"play_id":"aea6a65f-3ff0-4d86-9cdc-ea02537303ea","local_time":"20190403201928","is_ascension_mode":true,"campfire_choices":[],"neow_cost":"NONE","seed_source_timestamp":465335572715300,"circlet_count":0,"master_deck":["AscendersBane","Strike_B","Strike_B","Strike_B","Strike_B","Defend_B","Defend_B","Defend_B","Defend_B","Zap","Dualcast","Doom and Gloom","Doom and Gloom"],"relics":["Snecko Eye","Lantern","Regal Pillow","Ancient Tea Set"],"potions_floor_usage":[6,6,11],"damage_taken":[{"damage":7,"enemies":"Cultist","floor":1,"turns":5},{"damage":14,"enemies":"Jaw Worm","floor":3,"turns":4},{"damage":4,"enemies":"2 Louse","floor":4,"turns":2},{"damage":25,"enemies":"Lagavulin","floor":6,"turns":8},{"damage":2,"enemies":"Exordium Wildlife","floor":8,"turns":4},{"damage":21,"enemies":"Exordium Thugs","floor":10,"turns":5},{"damage":5,"enemies":"3 Sentries","floor":11,"turns":2}],"seed_played":"-5463324531776438263","potions_obtained":[{"floor":3,"key":"Poison Potion"},{"floor":4,"key":"Block Potion"},{"floor":10,"key":"Explosive Potion"}],"is_trial":false,"path_per_floor":["M","T","M","M","?","E","T","M","T","M","E"],"character_chosen":"DEFECT","items_purchased":[],"campfire_rested":0,"item_purchase_floors":[],"current_hp_per_floor":[57,57,43,39,56,31,31,29,29,8,3],"gold":235,"neow_bonus":"BOSS_RELIC","is_prod":false,"is_daily":false,"chose_seed":false,"campfire_upgraded":0,"win_rate":0,"timestamp":1554290368,"path_taken":["M","?","?","M","?","E","?","M","T","M","E"],"build_version":"2019-01-23","purchased_purges":0,"victory":false,"max_hp_per_floor":[71,71,71,71,71,71,71,71,71,71,71],"card_choices":[{"not_picked":["Conserve Battery","Double Energy","Static Discharge"],"picked":"SKIP","floor":1},{"not_picked":["Rebound","Sweeping Beam","Go for the Eyes"],"picked":"SKIP","floor":3},{"not_picked":["Double Energy","Rip and Tear","Storm"],"picked":"SKIP","floor":4},{"not_picked":["Reprogram","Leap","Chill"],"picked":"SKIP","floor":6},{"not_picked":["Go for the Eyes","Scrape"],"picked":"Doom and Gloom","floor":8},{"not_picked":["Compile Driver","Cold Snap"],"picked":"Doom and Gloom","floor":10}],"player_experience":2845674,"relics_obtained":[{"floor":2,"key":"Lantern"},{"floor":6,"key":"Regal Pillow"},{"floor":7,"key":"Ancient Tea Set"}],"event_choices":[{"damage_healed":17,"gold_gain":0,"player_choice":"Healed","damage_taken":0,"max_hp_gain":0,"max_hp_loss":0,"event_name":"The Cleric","floor":5,"gold_loss":35}],"is_beta":false,"boss_relics":[],"items_purged_floors":[],"is_endless":false,"potions_floor_spawned":[3,4,10],"killed_by":"3 Sentries","ascension_level":20}