{"gold_per_floor":[119,131,179,179,179,179,212,212,212,212,230,274,299,320,320,320],"floor_reached":16,"playtime":284,"items_purged":[],"score":266,"play_id":"9174cd2b-3426-46ad-8a2f-78f81da203bc","local_time":"20190316121906","is_ascension_mode":true,"campfire_choices":[{"data":"True Grit","floor":6,"key":"SMITH"},{"data":"Cleave","floor":8,"key":"SMITH"},{"data":"Disarm","floor":15,"key":"SMITH"}],"neow_cost":"NONE","seed_source_timestamp":180890094633500,"circlet_count":0,"master_deck":["AscendersBane","Strike_R","Strike_R","Strike_R","Strike_R+1","Defend_R+1","Defend_R","Defend_R","Defend_R+1","Bash+1","True Grit+1","Cleave+1","Disarm+1","Metallicize"],"relics":["Burning Blood","NeowsBlessing","Whetstone","Golden Idol","Omamori","Shuriken","Self Forming Clay","Juzu Bracelet"],"potions_floor_usage":[12,12],"damage_taken":[{"damage":0,"enemies":"Cultist","floor":1,"turns":1},{"damage":0,"enemies":"Jaw Worm","floor":2,"turns":1},{"damage":0,"enemies":"Lagavulin","floor":7,"turns":1},{"damage":0,"enemies":"Small Slimes","floor":11,"turns":4},{"damage":24,"enemies":"Gremlin Nob","floor":12,"turns":4},{"damage":2,"enemies":"Looter","floor":14,"turns":4},{"damage":16,"enemies":"Hexaghost","floor":16,"turns":8}],"seed_played":"6498655251787069610","potions_obtained":[{"floor":2,"key":"Ancient Potion"},{"floor":7,"key":"GamblersBrew"}],"is_trial":false,"path_per_floor":["M","M","T","?","?","R","E","R","T","?","M","E","T","M","R","B"],"character_chosen":"IRONCLAD","items_purchased":[],"campfire_rested":0,"item_purchase_floors":[],"current_hp_per_floor":[74,75,75,49,49,49,55,55,55,32,38,20,20,24,24,8],"gold":320,"neow_bonus":"THREE_ENEMY_KILL","is_prod":false,"is_daily":false,"chose_seed":false,"campfire_upgraded":3,"win_rate":0,"timestamp":1552706346,"path_taken":["M","M","?","?","?","R","E","R","T","?","?","E","?","M","R","BOSS"],"build_version":"2019-01-23","purchased_purges":0,"victory":false,"max_hp_per_floor":[75,75,75,75,75,75,75,75,75,75,75,75,75,75,75,75],"card_choices":[{"not_picked":["Thunderclap","Twin Strike","Searing Blow"],"picked":"SKIP","floor":1},{"not_picked":["Body Slam","Shrug It Off"],"picked":"True Grit","floor":2},{"not_picked":["True Grit","Ghostly Armor"],"picked":"Cleave","floor":7},{"not_picked":["Perfected Strike","Twin Strike"],"picked":"Disarm","floor":11},{"not_picked":["Clash","Clothesline","Flex"],"picked":"SKIP","floor":12},{"not_picked":["Wild Strike","Corruption"],"picked":"Metallicize","floor":14}],"player_experience":2299942,"relics_obtained":[{"floor":3,"key":"Whetstone"},{"floor":7,"key":"Omamori"},{"floor":9,"key":"Shuriken"},{"floor":12,"key":"Self Forming Clay"},{"floor":13,"key":"Juzu Bracelet"}],"event_choices":[{"damage_healed":0,"gold_gain":0,"player_choice":"Take Damage","damage_taken":26,"relics_obtained":["Golden Idol"],"max_hp_gain":0,"max_hp_loss":0,"event_name":"Golden Idol","floor":4,"gold_loss":0},{"cards_removed":["Strike_R"],"damage_healed":0,"gold_gain":0,"player_choice":"Forget","damage_taken":0,"max_hp_gain":0,"max_hp_loss":0,"event_name":"Living Wall","floor":5,"gold_loss":0},{"damage_healed":0,"gold_gain":0,"player_choice":"Entered Light","damage_taken":23,"max_hp_gain":0,"max_hp_loss":0,"event_name":"Shining Light","floor":10,"gold_loss":0,"cards_upgraded":["Defend_R","Defend_R"]}],"is_beta":false,"boss_relics":[],"items_purged_floors":[],"is_endless":false,"potions_floor_spawned":[2,7],"killed_by":"Hexaghost","ascension_level":20}