{"gold_per_floor":[109,109,124,135,3,30,30,56,56,81,81,95,123,139,139,218,218,232,9,369,369,388,388,402,402,402,402,435,138,138,148,148,223,223,238,248,18,34,134,163,163,188,211,211,231,231,231,251,251,251,251,251,251,31,57,57],"floor_reached":57,"playtime":2942,"items_purged":["Zap"],"score":3066,"play_id":"45d0c0c2-fb9e-409d-b8fe-32dab6c7da2f","local_time":"20190308132447","is_ascension_mode":true,"campfire_choices":[{"data":"Blizzard","floor":7,"key":"SMITH"},{"data":"Streamline","floor":11,"key":"SMITH"},{"floor":15,"key":"REST"},{"data":"Defragment","floor":23,"key":"SMITH"},{"data":"Creative AI","floor":25,"key":"SMITH"},{"data":"Aggregate","floor":27,"key":"PURGE"},{"data":"Seek","floor":32,"key":"SMITH"},{"data":"Defragment","floor":41,"key":"SMITH"},{"data":"Defragment","floor":44,"key":"SMITH"},{"floor":47,"key":"RECALL"},{"data":"Self Repair","floor":49,"key":"PURGE"},{"data":"Creative AI","floor":53,"key":"SMITH"}],"neow_cost":"NONE","seed_source_timestamp":76528060474600,"circlet_count":0,"master_deck":["AscendersBane","Streamline+1","Self Repair","Glacier","Blizzard+1","Rainbow","Glacier","Echo Form","Seek+1","White Noise","Rainbow","Streamline","Creative AI+1","Amplify","Conserve Battery","Defragment+1","Coolheaded+1","Turbo","Fission","Defragment+1","Defragment+1","Cold Snap","Hologram+1","Heatsinks+1","Creative AI+1","Conserve Battery+1","Turbo+1","Turbo+1"],"relics":["Cracked Core","NeowsBlessing","Whetstone","Kunai","Juzu Bracelet","Anchor","Peace Pipe","Pandora\u0027s Box","Runic Capacitor","Mummified Hand","Lantern","ClockworkSouvenir","Coffee Dripper","OrangePellets","Unceasing Top","StoneCalendar","Mango","Happy Flower","Emotion Chip"],"potions_floor_usage":[6,8,13,18,38,50],"damage_taken":[{"damage":0,"enemies":"Small Slimes","floor":1,"turns":1},{"damage":0,"enemies":"Cultist","floor":3,"turns":1},{"damage":0,"enemies":"Jaw Worm","floor":4,"turns":1},{"damage":11,"enemies":"Lagavulin","floor":6,"turns":9},{"damage":17,"enemies":"3 Sentries","floor":8,"turns":8},{"damage":36,"enemies":"Lagavulin","floor":10,"turns":9},{"damage":0,"enemies":"Red Slaver","floor":12,"turns":2},{"damage":9,"enemies":"Gremlin Nob","floor":13,"turns":3},{"damage":0,"enemies":"2 Fungi Beasts","floor":14,"turns":3},{"damage":19,"enemies":"Slime Boss","floor":16,"turns":8},{"damage":2,"enemies":"Chosen","floor":18,"turns":6},{"damage":2,"enemies":"Spheric Guardian","floor":22,"turns":5},{"damage":17,"enemies":"Snecko","floor":24,"turns":7},{"damage":15,"enemies":"Book of Stabbing","floor":28,"turns":4},{"damage":0,"enemies":"Shelled Parasite and Fungi","floor":31,"turns":4},{"damage":0,"enemies":"Automaton","floor":33,"turns":8},{"damage":2,"enemies":"Orb Walker","floor":35,"turns":3},{"damage":19,"enemies":"3 Darklings","floor":36,"turns":4},{"damage":8,"enemies":"Transient","floor":38,"turns":6},{"damage":0,"enemies":"Mind Bloom Boss Battle","floor":39,"turns":4},{"damage":9,"enemies":"Nemesis","floor":40,"turns":7},{"damage":0,"enemies":"Giant Head","floor":42,"turns":5},{"damage":7,"enemies":"4 Shapes","floor":45,"turns":2},{"damage":7,"enemies":"Maw","floor":48,"turns":5},{"damage":0,"enemies":"Awakened One","floor":50,"turns":11},{"damage":13,"enemies":"Time Eater","floor":51,"turns":9},{"damage":0,"enemies":"Shield and Spear","floor":55,"turns":5},{"damage":18,"enemies":"The Heart","floor":56,"turns":6}],"seed_played":"-2360701329440248780","potions_obtained":[{"floor":1,"key":"Poison Potion"},{"floor":6,"key":"LiquidBronze"},{"floor":8,"key":"Ancient Potion"},{"floor":10,"key":"PowerPotion"},{"floor":16,"key":"Explosive Potion"},{"floor":28,"key":"Explosive Potion"},{"floor":38,"key":"Block Potion"},{"floor":55,"key":"AttackPotion"}],"is_trial":false,"path_per_floor":["M","?","M","M","$","E","R","E","T","E","R","M","E","M","R","B",null,"M","$","?","?","M","R","M","R","T","R","E","$","?","M","R","B",null,"M","M","$","M","?","E","R","E","T","R","M","?","R","M","R","B","B",null,"R","$","E","B",null],"character_chosen":"DEFECT","items_purchased":["Blizzard","Fire Potion","Runic Capacitor","ClockworkSouvenir","OrangePellets","Happy Flower","Fire Potion"],"campfire_rested":1,"item_purchase_floors":[5,5,19,29,37,54,54],"current_hp_per_floor":[64,64,64,64,64,60,60,50,50,21,21,21,12,19,40,28,60,71,71,36,71,69,69,66,66,66,66,51,51,51,71,71,71,71,71,66,66,71,71,71,71,85,85,85,85,85,85,85,85,85,79,84,84,84,85,74],"gold":57,"neow_bonus":"THREE_ENEMY_KILL","is_prod":false,"is_daily":false,"chose_seed":false,"campfire_upgraded":8,"win_rate":0,"timestamp":1552019087,"path_taken":["M","?","M","?","?","E","R","E","T","E","R","M","E","M","R","BOSS","M","$","?","?","M","R","M","R","T","R","E","?","?","M","R","BOSS","M","M","$","M","?","E","R","E","T","R","M","?","R","M","R","BOSS","BOSS","R","$","E","BOSS"],"build_version":"2019-01-23","purchased_purges":1,"victory":true,"max_hp_per_floor":[71,71,71,71,71,71,71,71,71,71,71,71,71,71,71,71,71,71,71,71,71,71,71,71,71,71,71,71,71,71,71,71,71,71,71,71,71,71,71,71,71,85,85,85,85,85,85,85,85,85,85,85,85,85,85,85],"card_choices":[{"not_picked":["Go for the Eyes","Stack"],"picked":"Streamline","floor":1},{"not_picked":["Double Energy","Skim"],"picked":"Self Repair","floor":3},{"not_picked":["BootSequence","Rebound"],"picked":"Glacier","floor":4},{"not_picked":["Turbo","Stack","Leap"],"picked":"SKIP","floor":6},{"not_picked":["Sweeping Beam","Genetic Algorithm"],"picked":"Rainbow","floor":8},{"not_picked":["Hyperbeam","Sweeping Beam","Stack"],"picked":"SKIP","floor":10},{"not_picked":["Stack","Hologram","Scrape"],"picked":"SKIP","floor":12},{"not_picked":["Stack","Sweeping Beam"],"picked":"Glacier","floor":13},{"not_picked":["Gash","Beam Cell"],"picked":"Echo Form","floor":14},{"not_picked":["Echo Form","Multi-Cast"],"picked":"Seek","floor":16},{"not_picked":["Force Field","Leap+1"],"picked":"Defragment","floor":18},{"not_picked":["Beam Cell","Hologram"],"picked":"Coolheaded+1","floor":22},{"not_picked":["Compile Driver","Darkness","Steam"],"picked":"SKIP","floor":24},{"not_picked":["Streamline","Genetic Algorithm"],"picked":"Self Repair","floor":28},{"not_picked":["Meteor Strike","Turbo","BootSequence"],"picked":"SKIP","floor":31},{"not_picked":["Rainbow","Hyperbeam"],"picked":"Fission","floor":33},{"not_picked":["Sweeping Beam+1","Go for the Eyes+1"],"picked":"Defragment","floor":35},{"not_picked":["Beam Cell","Auto Shields"],"picked":"Defragment","floor":36},{"not_picked":["Genetic Algorithm","Gash"],"picked":"Cold Snap","floor":38},{"not_picked":["Leap","Melter"],"picked":"Hologram+1","floor":39},{"not_picked":["Leap+1","Auto Shields"],"picked":"Heatsinks+1","floor":40},{"not_picked":["Go for the Eyes","Hologram"],"picked":"Creative AI","floor":42},{"not_picked":["Stack","Scrape"],"picked":"Conserve Battery+1","floor":45},{"not_picked":["Genetic Algorithm","Steam"],"picked":"Turbo+1","floor":48},{"not_picked":["Thunder Strike","Reprogram"],"picked":"Turbo+1","floor":55}],"player_experience":2067451,"relics_obtained":[{"floor":6,"key":"Whetstone"},{"floor":8,"key":"Kunai"},{"floor":9,"key":"Juzu Bracelet"},{"floor":10,"key":"Anchor"},{"floor":13,"key":"Peace Pipe"},{"floor":26,"key":"Mummified Hand"},{"floor":28,"key":"Lantern"},{"floor":39,"key":"Unceasing Top"},{"floor":40,"key":"StoneCalendar"},{"floor":42,"key":"Mango"},{"floor":55,"key":"Emotion Chip"}],"event_choices":[{"damage_healed":0,"gold_gain":0,"player_choice":"0 cards matched","damage_taken":0,"max_hp_gain":0,"max_hp_loss":0,"event_name":"Match and Keep!","floor":2,"gold_loss":0,"cards_obtained":[]},{"damage_healed":0,"gold_gain":360,"player_choice":"GOLD GOLD GOLD GOLD ","damage_taken":35,"max_hp_gain":0,"max_hp_loss":0,"event_name":"Knowing Skull","floor":20,"potions_obtained":[],"gold_loss":0,"cards_obtained":[]},{"cards_removed":["Steam Power"],"damage_healed":35,"gold_gain":0,"player_choice":"Offered Uncommon","damage_taken":0,"max_hp_gain":0,"max_hp_loss":0,"event_name":"Bonfire Elementals","floor":21,"gold_loss":0},{"damage_healed":0,"gold_gain":0,"player_choice":"Read","damage_taken":0,"max_hp_gain":0,"max_hp_loss":0,"event_name":"The Library","floor":30,"gold_loss":0,"cards_obtained":["Turbo"]},{"damage_healed":0,"gold_gain":0,"player_choice":"Fight","damage_taken":0,"max_hp_gain":0,"max_hp_loss":0,"event_name":"MindBloom","floor":39,"gold_loss":0},{"cards_removed":["Dualcast"],"damage_healed":0,"gold_gain":0,"player_choice":"Removed Skill","damage_taken":0,"max_hp_gain":0,"max_hp_loss":0,"event_name":"Falling","floor":46,"gold_loss":0}],"is_beta":false,"boss_relics":[{"not_picked":["Eternal Feather","White Beast Statue"],"picked":"Pandora\u0027s Box"},{"not_picked":["Busted Crown","Runic Dome"],"picked":"Coffee Dripper"}],"items_purged_floors":[29],"is_endless":false,"potions_floor_spawned":[1,6,8,10,16,28,31,38,45,48,55],"ascension_level":20}