{"gold_per_floor":[110,110,110,110,31,59,59,84,160,160,185,185,197,227,227,306,306,306,306,306,306,70,70,70,70,70,70,70,70,70,70,70,70,70,70,0,0,0,0,0,0,0,0,0,0,0,0,0,0,0],"floor_reached":50,"playtime":1863,"items_purged":[],"score":1401,"play_id":"d1e1a9ea-d8a9-44fb-bda1-09a7861b8374","local_time":"20190424220316","is_ascension_mode":true,"campfire_choices":[{"data":"Carnage","floor":7,"key":"SMITH"},{"data":"Bash","floor":10,"key":"SMITH"},{"data":"Rampage","floor":12,"key":"SMITH"},{"data":"Whirlwind","floor":15,"key":"SMITH"},{"data":"True Grit","floor":23,"key":"SMITH"},{"data":"Demon Form","floor":29,"key":"SMITH"},{"floor":32,"key":"RECALL"},{"floor":45,"key":"REST"},{"data":"Strike_R","floor":49,"key":"PURGE"}],"neow_cost":"NONE","seed_source_timestamp":208245871927400,"circlet_count":0,"master_deck":["AscendersBane","Strike_R","Strike_R","Defend_R","Defend_R","Defend_R","Defend_R","Bash+1","True Grit+1","Carnage+1","Rampage+1","Whirlwind+1","Double Tap+1","Exhume+1","Body Slam+1","Shrug It Off+1","Entrench+1","Fiend Fire+1","Demon Form+1","Ghostly+1","Ghostly+1","Ghostly+1","Power Through+1","Shrug It Off+1","Madness+1","Madness+1"],"relics":["Burning Blood","NeowsBlessing","WingedGreaves","Pantograph","Art of War","Red Skull","Toxic Egg 2","Centennial Puzzle","Molten Egg 2","Ectoplasm","Singing Bowl","Lantern","Nilry\u0027s Codex","Bag of Preparation","Blood Vial","Regal Pillow","Busted Crown","Red Mask","Mercury Hourglass","Bronze Scales","Peace Pipe"],"potions_floor_usage":[16,27,30,35,37,44,44,44,44,44],"damage_taken":[{"damage":0,"enemies":"Small Slimes","floor":1,"turns":1},{"damage":0,"enemies":"Lagavulin","floor":6,"turns":1},{"damage":0,"enemies":"Gremlin Nob","floor":8,"turns":1},{"damage":35,"enemies":"3 Sentries","floor":11,"turns":7},{"damage":2,"enemies":"Jaw Worm","floor":13,"turns":2},{"damage":8,"enemies":"Gremlin Nob","floor":14,"turns":3},{"damage":66,"enemies":"Hexaghost","floor":16,"turns":6},{"damage":22,"enemies":"Shell Parasite","floor":18,"turns":3},{"damage":2,"enemies":"3 Byrds","floor":21,"turns":4},{"damage":18,"enemies":"3 Cultists","floor":24,"turns":4},{"damage":0,"enemies":"Gremlin Leader","floor":27,"turns":3},{"damage":1,"enemies":"Book of Stabbing","floor":30,"turns":3},{"damage":0,"enemies":"Chosen and Byrds","floor":31,"turns":2},{"damage":1,"enemies":"Champ","floor":33,"turns":10},{"damage":0,"enemies":"3 Darklings","floor":35,"turns":2},{"damage":7,"enemies":"2 Orb Walkers","floor":37,"turns":5},{"damage":2,"enemies":"Orb Walker","floor":39,"turns":3},{"damage":27,"enemies":"Reptomancer","floor":40,"turns":4},{"damage":1,"enemies":"Jaw Worm Horde","floor":41,"turns":2},{"damage":0,"enemies":"Nemesis","floor":44,"turns":2},{"damage":2,"enemies":"Giant Head","floor":47,"turns":6},{"damage":89,"enemies":"Time Eater","floor":50,"turns":11}],"seed_played":"1347091647010146942","potions_obtained":[{"floor":8,"key":"Strength Potion"},{"floor":13,"key":"Swift Potion"},{"floor":16,"key":"SteroidPotion"},{"floor":21,"key":"Energy Potion"},{"floor":27,"key":"LiquidBronze"},{"floor":31,"key":"SmokeBomb"},{"floor":35,"key":"EntropicBrew"},{"floor":40,"key":"Weak Potion"},{"floor":47,"key":"Poison Potion"}],"is_trial":false,"path_per_floor":["M","?","?","T","$","E","R","E","T","R","E","R","M","E","R","B",null,"M","?","T","M","$","R","M","?","T","E","?","R","E","M","R","B",null,"M","?","?","?","M","E","M","?","T","E","R","T","E","$","R","B"],"character_chosen":"IRONCLAD","items_purchased":["Carnage","Lantern","Entrench+1"],"campfire_rested":1,"item_purchase_floors":[5,22,22],"current_hp_per_floor":[74,69,62,62,62,68,68,74,74,74,45,45,49,47,47,12,59,43,43,43,47,47,47,35,14,14,20,20,20,29,39,39,43,43,45,45,44,40,46,27,36,26,26,34,53,53,55,55,55,0],"gold":0,"neow_bonus":"THREE_ENEMY_KILL","is_prod":false,"is_daily":false,"chose_seed":false,"campfire_upgraded":6,"win_rate":0,"timestamp":1556110996,"path_taken":["M","?","?","?","$","E","R","E","T","R","E","R","?","E","R","BOSS","M","?","?","M","$","R","?","?","T","E","?","R","E","M","R","BOSS","M","?","?","?","?","E","M","?","T","E","R","?","E","$","R","BOSS"],"build_version":"2019-01-23","purchased_purges":0,"victory":false,"max_hp_per_floor":[75,75,75,75,75,75,75,75,75,75,75,75,75,75,75,75,75,75,75,75,75,75,75,75,75,75,75,37,37,39,41,41,43,43,45,45,45,51,51,51,53,53,53,53,53,53,55,55,55,55],"card_choices":[{"not_picked":["Headbutt","Sentinel"],"picked":"True Grit","floor":1},{"not_picked":["Brutality","Cleave","Dropkick"],"picked":"SKIP","floor":6},{"not_picked":["Wild Strike","Thunderclap"],"picked":"Rampage","floor":8},{"not_picked":["Clash","Rampage","Havoc+1"],"picked":"SKIP","floor":11},{"not_picked":["Headbutt","Flex+1"],"picked":"Whirlwind","floor":13},{"not_picked":["Anger","Armaments+1"],"picked":"Double Tap+1","floor":14},{"not_picked":["Dark Embrace","Juggernaut"],"picked":"Exhume+1","floor":16},{"not_picked":["Iron Wave+1","Havoc+1"],"picked":"Body Slam+1","floor":18},{"not_picked":["Flame Barrier+1","Thunderclap+1"],"picked":"Shrug It Off+1","floor":21},{"not_picked":["Thunderclap+1","Body Slam+1"],"picked":"Fiend Fire+1","floor":24},{"not_picked":["Heavy Blade+1","Hemokinesis+1"],"picked":"Demon Form","floor":27},{"not_picked":["Bloodletting+1","Fire Breathing+1","Pommel Strike+1"],"picked":"Singing Bowl","floor":30},{"not_picked":["Uppercut+1","Thunderclap+1","Headbutt+1"],"picked":"Singing Bowl","floor":31},{"not_picked":["Brutality","Juggernaut","Double Tap+1"],"picked":"Singing Bowl","floor":33},{"not_picked":["Warcry+1"],"picked":"Singing Bowl","floor":35},{"not_picked":["Apotheosis+1"],"picked":"Singing Bowl","floor":38},{"not_picked":["Enlightenment+1"],"picked":"Singing Bowl","floor":38},{"not_picked":["Blind+1"],"picked":"Singing Bowl","floor":38},{"not_picked":[],"picked":"Power Through+1","floor":39},{"not_picked":[],"picked":"Shrug It Off+1","floor":40},{"not_picked":["Headbutt+1"],"picked":"Singing Bowl","floor":41},{"not_picked":["Corruption"],"picked":"Singing Bowl","floor":47}],"player_experience":3356013,"relics_obtained":[{"floor":4,"key":"Pantograph"},{"floor":6,"key":"Art of War"},{"floor":8,"key":"Red Skull"},{"floor":9,"key":"Toxic Egg 2"},{"floor":11,"key":"Centennial Puzzle"},{"floor":14,"key":"Molten Egg 2"},{"floor":20,"key":"Singing Bowl"},{"floor":25,"key":"Nilry\u0027s Codex"},{"floor":26,"key":"Bag of Preparation"},{"floor":27,"key":"Blood Vial"},{"floor":30,"key":"Regal Pillow"},{"floor":40,"key":"Mercury Hourglass"},{"floor":46,"key":"Bronze Scales"},{"floor":47,"key":"Peace Pipe"}],"event_choices":[{"damage_healed":0,"gold_gain":0,"player_choice":"Success","damage_taken":5,"relics_obtained":["WingedGreaves"],"max_hp_gain":0,"max_hp_loss":0,"event_name":"Scrap Ooze","floor":2,"gold_loss":0},{"cards_removed":["Strike_R"],"damage_healed":0,"gold_gain":0,"player_choice":"Card Removal","damage_taken":7,"max_hp_gain":0,"max_hp_loss":0,"event_name":"Golden Wing","floor":3,"gold_loss":0},{"cards_removed":["Strike_R"],"damage_healed":0,"gold_gain":0,"player_choice":"Elegance","damage_taken":0,"max_hp_gain":0,"max_hp_loss":0,"event_name":"Back to Basics","floor":19,"gold_loss":0},{"damage_healed":0,"gold_gain":0,"player_choice":"Obtained Book","damage_taken":21,"max_hp_gain":0,"max_hp_loss":0,"event_name":"Cursed Tome","floor":25,"gold_loss":0},{"damage_healed":0,"gold_gain":0,"player_choice":"Became a Ghost","damage_taken":0,"max_hp_gain":0,"max_hp_loss":38,"event_name":"Ghosts","floor":28,"gold_loss":0,"cards_obtained":["Ghostly","Ghostly","Ghostly"]},{"damage_healed":0,"gold_gain":0,"player_choice":"Paid","damage_taken":0,"relics_obtained":["Red Mask"],"max_hp_gain":0,"max_hp_loss":0,"event_name":"Tomb of Lord Red Mask","floor":36,"gold_loss":70},{"damage_healed":0,"gold_gain":0,"player_choice":"Fight","damage_taken":0,"max_hp_gain":0,"max_hp_loss":0,"event_name":"Mysterious Sphere","floor":37,"gold_loss":0},{"damage_healed":0,"gold_gain":0,"player_choice":"Memory 3","damage_taken":10,"max_hp_gain":0,"max_hp_loss":0,"event_name":"SensoryStone","floor":38,"gold_loss":0},{"damage_healed":0,"gold_gain":0,"player_choice":"Embrace Madness","damage_taken":10,"max_hp_gain":0,"max_hp_loss":0,"event_name":"Winding Halls","floor":42,"gold_loss":0,"cards_obtained":["Madness","Madness"]}],"is_beta":false,"boss_relics":[{"not_picked":["Orrery","White Beast Statue"],"picked":"Ectoplasm"},{"not_picked":["Sozu","Runic Dome"],"picked":"Busted Crown"}],"items_purged_floors":[],"is_endless":false,"potions_floor_spawned":[8,13,16,21,27,31,35,40,41,47],"killed_by":"Time Eater","ascension_level":20}