{"path_per_floor":["M","M","?","?","?","E","M","E","T","R","M","$","?","M","R","B",null,"M","M","?","?","$","E","R","?","T","E","M"],"character_chosen":"THE_SILENT","items_purchased":["Panache","Well Laid Plans","Leg Sweep"],"gold_per_floor":[110,127,227,227,227,257,273,301,301,301,316,36,0,13,13,108,108,119,130,155,155,3,28,28,28,52,77,97,97],"floor_reached":29,"campfire_rested":2,"playtime":2040,"current_hp_per_floor":[56,55,55,52,38,34,34,20,20,20,20,20,20,18,39,33,61,55,49,23,23,23,11,32,32,39,15,6,0],"items_purged":["Strike_G"],"gold":97,"score":379,"play_id":"fb7c869e-7622-4c52-8187-612f8b32b81f","local_time":"20180411134932","is_prod":false,"is_daily":false,"chose_seed":false,"is_ascension_mode":true,"campfire_upgraded":1,"timestamp":1523425772,"path_taken":["M","M","?","?","?","E","?","E","T","R","M","$","?","M","R","BOSS","M","M","?","?","$","E","R","?","T","E","M","E"],"build_version":"2018-04-10","seed_source_timestamp":1380795511440206,"purchased_purges":1,"victory":false,"master_deck":["Defend_G","Defend_G+1","Defend_G","Defend_G","Defend_G","Strike_G","Strike_G","Strike_G+1","Survivor","Neutralize","Cloak And Dagger","Footwork+1","Infinite Blades","Flying Knee","Malaise","Panache","Endless Agony","Choke+1","Flying Knee","Footwork+1","Well Laid Plans","Leg Sweep","Prepared+1","Escape Plan","PiercingWail+1"],"max_hp_per_floor":[70,70,70,70,70,70,70,70,70,70,70,70,70,70,70,70,70,70,70,70,70,70,70,70,70,77,77,77,77],"relics":["Ring of the Snake","Bag of Preparation","Dead Branch","Matryoshka","Centennial Puzzle","Prayer Wheel","Dodecahedron","Black Star","Red Mask","Orichalcum","Juzu Bracelet","Oddly Smooth Stone","Strawberry","Snake Skull","Anchor"],"card_choices":[{"not_picked":["Dagger Throw","Flying Knee"],"picked":"Cloak And Dagger","floor":2},{"not_picked":["Underhanded Strike","Acrobatics"],"picked":"Footwork","floor":6},{"not_picked":["Dagger Throw","Bane"],"picked":"Infinite Blades","floor":7},{"not_picked":["Sucker Punch","Prepared"],"picked":"Flying Knee","floor":8},{"not_picked":["Slice","A Thousand Cuts"],"picked":"Malaise","floor":11},{"not_picked":["Slice","Underhanded Strike"],"picked":"Endless Agony","floor":14},{"not_picked":["Acrobatics","Deflect"],"picked":"Choke","floor":18},{"not_picked":["Predator","Acrobatics"],"picked":"Flying Knee","floor":19},{"not_picked":["PiercingWail","Outmaneuver"],"picked":"Footwork","floor":20},{"not_picked":["Glass Knife","Dagger Spray"],"picked":"Prepared","floor":23},{"not_picked":["Flying Knee","Dash"],"picked":"Escape Plan","floor":26},{"not_picked":["Deflect","Finisher"],"picked":"PiercingWail","floor":27}],"player_experience":261557,"potions_floor_usage":[7,8,20,27],"damage_taken":[{"damage":7,"enemies":"Jaw Worm","floor":1,"turns":7},{"damage":1,"enemies":"Cultist","floor":2,"turns":3},{"damage":4,"enemies":"3 Sentries","floor":6,"turns":7},{"damage":0,"enemies":"2 Louse","floor":7,"turns":2},{"damage":14,"enemies":"Lagavulin","floor":8,"turns":6},{"damage":0,"enemies":"2 Fungi Beasts","floor":11,"turns":3},{"damage":2,"enemies":"Looter","floor":14,"turns":3},{"damage":6,"enemies":"Hexaghost","floor":16,"turns":7},{"damage":6,"enemies":"Shell Parasite","floor":18,"turns":7},{"damage":6,"enemies":"Spheric Guardian","floor":19,"turns":3},{"damage":26,"enemies":"Masked Bandits","floor":20,"turns":4},{"damage":12,"enemies":"Gremlin Leader","floor":23,"turns":9},{"damage":24,"enemies":"Slavers","floor":27,"turns":5},{"damage":9,"enemies":"Snake Plant","floor":28,"turns":5},{"damage":8,"enemies":"Gremlin Leader","floor":29,"turns":5}],"event_choices":[{"event_name":"Golden Shrine","player_choice":"Pray","floor":3,"damage_taken":0},{"event_name":"Scrap Ooze","player_choice":"success","floor":4,"damage_taken":3},{"event_name":"Shining Light","player_choice":"Entered Light","floor":5,"damage_taken":0},{"event_name":"World of Goop","player_choice":"Left","floor":13,"damage_taken":0},{"event_name":"Masked Bandits","player_choice":"Fought over 130 gold","floor":20,"damage_taken":0},{"event_name":"Drug Dealer","player_choice":"Ignored","floor":21,"damage_taken":0},{"event_name":"Back to Basics","player_choice":"Elegance","floor":25,"damage_taken":0}],"boss_relics":[{"not_picked":["Eternal Feather","Lizard Tail"],"picked":"Black Star"}],"potions_floor_spawned":[1,6,14,20],"seed_played":"-5161774114177339011","killed_by":"Gremlin Leader","ascension_level":8,"is_trial":false}