{"gold_per_floor":[119,133,133,133,145,145,177,177,201,126,157,157,82,109,109,181,181,200,38,38,38,38,51,86,86,168,184,200,200,220,253,253,332,332,343,46,64,64,64,95,113,113,195,227,241,256,256,256,256,256,256],"floor_reached":51,"playtime":2116,"items_purged":["Strike_R"],"score":1572,"play_id":"013b6b63-4c3f-4735-bffe-ed4bc493fe39","local_time":"20190315193611","is_ascension_mode":true,"campfire_choices":[{"data":"Immolate","floor":6.0,"key":"SMITH"},{"data":"Shockwave","floor":8.0,"key":"SMITH"},{"floor":12.0,"key":"REST"},{"data":"Bash","floor":15.0,"key":"SMITH"},{"data":"Barricade","floor":25.0,"key":"SMITH"},{"data":"Entrench","floor":29.0,"key":"SMITH"},{"data":"True Grit","floor":32.0,"key":"SMITH"},{"data":"Body Slam","floor":42.0,"key":"SMITH"},{"data":"Demon Form","floor":47.0,"key":"SMITH"},{"floor":49.0,"key":"RECALL"}],"neow_cost":"CURSE","seed_source_timestamp":118716643271800,"circlet_count":0,"master_deck":["AscendersBane","Bash+1","Immolate+1","Shockwave+1","Seeing Red","Double Tap","Reaper","Offering","Battle Trance","Clash","Barricade+1","Ghostly Armor","Fiend Fire+1","Bloodletting","True Grit+1","Entrench+1","Whirlwind+1","Ghostly Armor","Seeing Red+1","True Grit+1","Demon Form+1","Armaments+1","Body Slam+1","Normality","Battle Trance"],"special_seed":0,"relics":["Burning Blood","Pen Nib","Orichalcum","War Paint","Smiling Mask","Pandora\u0027s Box","PreservedInsect","Blue Candle","Blood Vial","Bottled Flame","Bag of Preparation","Cursed Key","Membership Card","Potion Belt","Darkstone Periapt","Bronze Scales"],"potions_floor_usage":[50,50],"damage_taken":[{"damage":9.0,"enemies":"Jaw Worm","floor":1.0,"turns":4.0},{"damage":0.0,"enemies":"2 Louse","floor":2.0,"turns":1.0},{"damage":10.0,"enemies":"Small Slimes","floor":5.0,"turns":3.0},{"damage":24.0,"enemies":"Gremlin Nob","floor":7.0,"turns":4.0},{"damage":10.0,"enemies":"3 Sentries","floor":11.0,"turns":5.0},{"damage":0.0,"enemies":"Gremlin Nob","floor":14.0,"turns":3.0},{"damage":15.0,"enemies":"Slime Boss","floor":16.0,"turns":7.0},{"damage":24.0,"enemies":"Shell Parasite","floor":18.0,"turns":3.0},{"damage":6.0,"enemies":"Spheric Guardian","floor":23.0,"turns":2.0},{"damage":35.0,"enemies":"Book of Stabbing","floor":24.0,"turns":3.0},{"damage":6.0,"enemies":"Snake Plant","floor":27.0,"turns":1.0},{"damage":20.0,"enemies":"Shelled Parasite and Fungi","floor":28.0,"turns":2.0},{"damage":9.0,"enemies":"3 Cultists","floor":30.0,"turns":3.0},{"damage":6.0,"enemies":"Gremlin Leader","floor":31.0,"turns":4.0},{"damage":10.0,"enemies":"Champ","floor":33.0,"turns":38.0},{"damage":0.0,"enemies":"3 Darklings","floor":35.0,"turns":4.0},{"damage":18.0,"enemies":"Orb Walker","floor":37.0,"turns":4.0},{"damage":29.0,"enemies":"Reptomancer","floor":40.0,"turns":4.0},{"damage":9.0,"enemies":"Spire Growth","floor":41.0,"turns":2.0},{"damage":9.0,"enemies":"Nemesis","floor":44.0,"turns":5.0},{"damage":1.0,"enemies":"Sphere and 2 Shapes","floor":45.0,"turns":3.0},{"damage":34.0,"enemies":"Transient","floor":46.0,"turns":6.0},{"damage":39,"enemies":"Time Eater","floor":50,"turns":16},{"damage":81,"enemies":"Donu and Deca","floor":51,"turns":5}],"seed_played":"-4582892004462275983","potions_obtained":[{"floor":2.0,"key":"PowerPotion"},{"floor":5.0,"key":"AttackPotion"},{"floor":7.0,"key":"PowerPotion"},{"floor":14.0,"key":"SteroidPotion"},{"floor":16.0,"key":"Weak Potion"},{"floor":24.0,"key":"Swift Potion"},{"floor":27.0,"key":"Block Potion"},{"floor":28.0,"key":"BloodPotion"},{"floor":30.0,"key":"Explosive Potion"},{"floor":35.0,"key":"Dexterity Potion"},{"floor":40.0,"key":"Strength Potion"},{"floor":41.0,"key":"Swift Potion"}],"is_trial":false,"path_per_floor":["M","M","?","?","M","R","E","R","T","?","E","R","$","E","R","B",null,"M","$","?","$","T","M","E","R","T","M","M","R","M","E","R","B",null,"M","$","M","?","?","E","M","R","T","E","M","M","R","?","R","B","B"],"character_chosen":"IRONCLAD","items_purchased":["PreservedInsect","Membership Card","Potion Belt"],"campfire_rested":1,"item_purchase_floors":[19,36,36],"current_hp_per_floor":[65,71,76,52,48,48,30,30,30,30,26,50,50,56,56,47,72,54,54,54,54,54,54,65,65,65,67,55,55,77,80,80,76,79,80,80,68,68,68,56,55,55,61,66,73,60,60,60,60,82,1],"gold":256,"neow_bonus":"THREE_RARE_CARDS","is_prod":false,"is_daily":false,"chose_seed":false,"campfire_upgraded":8,"win_rate":0,"timestamp":1552646171,"path_taken":["M","M","?","?","M","R","E","R","T","?","E","R","$","E","R","BOSS","M","$","?","?","?","M","E","R","T","M","M","R","?","E","R","BOSS","M","$","M","?","?","E","M","R","T","E","M","M","R","?","R","BOSS","BOSS"],"build_version":"2019-01-23","purchased_purges":1,"victory":false,"max_hp_per_floor":[75,75,80,80,80,80,80,80,80,80,80,80,80,80,80,80,80,80,80,80,80,80,80,80,80,80,80,80,80,80,80,80,80,80,80,80,80,76,76,76,76,76,82,82,82,82,82,82,82,82,82],"card_choices":[{"not_picked":["Juggernaut","Double Tap"],"picked":"Immolate","floor":0.0},{"not_picked":["Pommel Strike","Havoc","Ghostly Armor"],"picked":"SKIP","floor":1.0},{"not_picked":["Headbutt","True Grit"],"picked":"Shockwave","floor":2.0},{"not_picked":["Warcry","Metallicize","Hemokinesis"],"picked":"SKIP","floor":5.0},{"not_picked":["Disarm","Sentinel"],"picked":"Seeing Red","floor":7.0},{"not_picked":["Pommel Strike","Clash","Burning Pact"],"picked":"SKIP","floor":11.0},{"not_picked":["Inflame","Heavy Blade","Flame Barrier"],"picked":"SKIP","floor":14.0},{"not_picked":["Fiend Fire","Reaper"],"picked":"Double Tap","floor":16.0},{"not_picked":["Flex+1","Corruption"],"picked":"True Grit","floor":18.0},{"not_picked":["Metallicize","Uppercut","Rupture"],"picked":"SKIP","floor":23.0},{"not_picked":["Havoc","Wild Strike"],"picked":"Entrench","floor":24.0},{"not_picked":["Feel No Pain","Sword Boomerang"],"picked":"Whirlwind+1","floor":27.0},{"not_picked":["Rupture+1","Barricade"],"picked":"Ghostly Armor","floor":28.0},{"not_picked":["Carnage+1","Blood for Blood"],"picked":"Seeing Red+1","floor":30.0},{"not_picked":["Shrug It Off","Sever Soul"],"picked":"True Grit+1","floor":31.0},{"not_picked":["Offering","Exhume"],"picked":"Demon Form","floor":33.0},{"not_picked":["Heavy Blade","Cleave","Ghostly Armor"],"picked":"SKIP","floor":35.0},{"not_picked":["Combust","Sword Boomerang","Flex"],"picked":"SKIP","floor":37.0},{"not_picked":["True Grit","Intimidate"],"picked":"Armaments+1","floor":40.0},{"not_picked":["Feed","Whirlwind+1"],"picked":"Body Slam","floor":41.0},{"not_picked":["Power Through","Clash"],"picked":"Battle Trance","floor":44.0},{"not_picked":["Thunderclap","Twin Strike","Dual Wield"],"picked":"SKIP","floor":45.0},{"not_picked":["Sword Boomerang","Pommel Strike+1","Rupture"],"picked":"SKIP","floor":46.0}],"player_experience":2291784,"relics_obtained":[{"floor":7.0,"key":"Pen Nib"},{"floor":9.0,"key":"Orichalcum"},{"floor":11.0,"key":"War Paint"},{"floor":14.0,"key":"Smiling Mask"},{"floor":22.0,"key":"Blue Candle"},{"floor":24.0,"key":"Blood Vial"},{"floor":26.0,"key":"Bottled Flame"},{"floor":31.0,"key":"Bag of Preparation"},{"floor":40.0,"key":"Darkstone Periapt"},{"floor":44.0,"key":"Bronze Scales"}],"event_choices":[{"damage_healed":0.0,"max_hp_gain":5.0,"max_hp_loss":0.0,"gold_gain":0.0,"event_name":"Big Fish","player_choice":"Donut","floor":3.0,"gold_loss":0.0,"damage_taken":0.0},{"damage_healed":0.0,"max_hp_gain":0.0,"max_hp_loss":0.0,"gold_gain":0.0,"event_name":"Shining Light","player_choice":"Entered Light","floor":4.0,"gold_loss":0.0,"damage_taken":24.0,"cards_upgraded":["Defend_R","Strike_R"]},{"cards_removed":["Writhe"],"damage_healed":0.0,"max_hp_gain":0.0,"max_hp_loss":0.0,"gold_gain":0.0,"event_name":"The Cleric","player_choice":"Card Removal","floor":10.0,"gold_loss":75.0,"damage_taken":0.0},{"damage_healed":0.0,"max_hp_gain":0.0,"max_hp_loss":0.0,"gold_gain":0.0,"event_name":"Accursed Blacksmith","player_choice":"Forge","floor":20.0,"gold_loss":0.0,"damage_taken":0.0,"cards_upgraded":["Fiend Fire"]},{"damage_healed":0.0,"max_hp_gain":0.0,"max_hp_loss":4.0,"gold_gain":0.0,"event_name":"Winding Halls","player_choice":"Max HP","floor":38.0,"gold_loss":0.0,"damage_taken":0.0},{"damage_healed":0.0,"max_hp_gain":0.0,"max_hp_loss":0.0,"gold_gain":0.0,"event_name":"Mysterious Sphere","player_choice":"Ignored","floor":39.0,"gold_loss":0.0,"damage_taken":0.0},{"damage_healed":0.0,"max_hp_gain":0.0,"max_hp_loss":0.0,"gold_gain":0.0,"event_name":"Tomb of Lord Red Mask","player_choice":"Ignored","floor":48.0,"gold_loss":0.0,"damage_taken":0.0}],"is_beta":false,"boss_relics":[{"not_picked":["Calling Bell","White Beast Statue"],"picked":"Pandora\u0027s Box"},{"not_picked":["Runic Dome","Coffee Dripper"],"picked":"Cursed Key"}],"items_purged_floors":[13],"is_endless":false,"potions_floor_spawned":[2,5,7,14,16,18,24,27,28,30,35,40,41],"killed_by":"Donu and Deca","ascension_level":20}