{"gold_per_floor":[119,119,119,136,136,166,166,199,199,199],"floor_reached":10,"playtime":180,"items_purged":[],"score":148,"play_id":"dd3dae12-ef49-41c8-bce7-ea93d3b16536","local_time":"20190404175207","is_ascension_mode":true,"campfire_choices":[{"data":"Fiend Fire","floor":7,"key":"SMITH"}],"neow_cost":"CURSE","seed_source_timestamp":542811263024600,"circlet_count":0,"master_deck":["AscendersBane","Strike_R","Strike_R","Strike_R","Strike_R+1","Strike_R","Defend_R","Defend_R","Defend_R+1","Defend_R","Bash","Fiend Fire+1","Offering","Battle Trance"],"relics":["Burning Blood","Prayer Wheel","Kunai","Peace Pipe","Toxic Egg 2"],"potions_floor_usage":[],"damage_taken":[{"damage":0,"enemies":"Small Slimes","floor":1,"turns":2},{"damage":1,"enemies":"2 Louse","floor":4,"turns":3},{"damage":32,"enemies":"Gremlin Nob","floor":6,"turns":4},{"damage":28,"enemies":"Lagavulin","floor":8,"turns":5},{"damage":6,"enemies":"3 Sentries","floor":10,"turns":3}],"seed_played":"7549754397087009816","potions_obtained":[],"is_trial":false,"path_per_floor":["M","?","?","M","T","E","R","E","T","E"],"character_chosen":"IRONCLAD","items_purchased":[],"campfire_rested":0,"item_purchase_floors":[],"current_hp_per_floor":[74,51,51,56,56,30,30,8,8,2],"gold":199,"neow_bonus":"THREE_RARE_CARDS","is_prod":false,"is_daily":false,"chose_seed":true,"campfire_upgraded":1,"win_rate":0,"timestamp":1554367927,"path_taken":["M","?","?","?","?","E","R","E","T","E"],"build_version":"2019-01-23","purchased_purges":0,"victory":false,"max_hp_per_floor":[75,75,75,75,75,75,75,75,75,75],"card_choices":[{"not_picked":["Brutality","Juggernaut"],"picked":"Fiend Fire","floor":0},{"not_picked":["Pommel Strike","Heavy Blade","Clothesline"],"picked":"SKIP","floor":1},{"not_picked":["Pommel Strike","Heavy Blade","Cleave"],"picked":"SKIP","floor":4},{"not_picked":["Sword Boomerang","Armaments"],"picked":"Offering","floor":6},{"not_picked":["Limit Break","Wild Strike"],"picked":"Battle Trance","floor":8}],"player_experience":2868714,"relics_obtained":[{"floor":5,"key":"Prayer Wheel"},{"floor":6,"key":"Kunai"},{"floor":8,"key":"Peace Pipe"},{"floor":9,"key":"Toxic Egg 2"}],"event_choices":[{"damage_healed":0,"gold_gain":0,"player_choice":"Entered Light","damage_taken":23,"max_hp_gain":0,"max_hp_loss":0,"event_name":"Shining Light","floor":2,"gold_loss":0,"cards_upgraded":["Defend_R","Strike_R"]},{"cards_removed":["Decay"],"damage_healed":0,"gold_gain":0,"player_choice":"Card Removal","damage_taken":0,"max_hp_gain":0,"max_hp_loss":0,"event_name":"Wheel of Change","floor":3,"gold_loss":0}],"is_beta":false,"boss_relics":[],"items_purged_floors":[],"is_endless":false,"potions_floor_spawned":[],"killed_by":"3 Sentries","ascension_level":20}