{"gold_per_floor":[118,35,35,35,56,56,95,119,119,140,158,68,68,102,102,198,198,219,134,134,160,85,85,119,139,139,183,183,42,42,55,55,148,148,162,162,227,248,88,111,124,165,165,184,184,184,202,202,202,202,202,202,202,96,127,127],"floor_reached":57,"playtime":2377,"items_purged":["Strike_B","Strike_B"],"score":2616,"play_id":"d12e2888-6915-4b79-9399-d6939c8bd279","local_time":"20190330010737","is_ascension_mode":true,"campfire_choices":[{"data":"Sunder","floor":6.0,"key":"SMITH"},{"data":"Defragment","floor":13.0,"key":"SMITH"},{"data":"Recycle","floor":15.0,"key":"SMITH"},{"data":"Electrodynamics","floor":23.0,"key":"SMITH"},{"floor":28.0,"key":"REST"},{"data":"Chill","floor":30.0,"key":"SMITH"},{"data":"Chill","floor":32.0,"key":"SMITH"},{"floor":46.0,"key":"RECALL"},{"data":"White Noise","floor":49.0,"key":"SMITH"},{"floor":53.0,"key":"REST"}],"neow_cost":"NONE","seed_source_timestamp":48377571793800,"circlet_count":0,"master_deck":["AscendersBane","Strike_B","Strike_B","Defend_B","Defend_B","Defend_B","Defend_B","Zap","Dualcast","Chill+1","Sunder+1","White Noise+1","Defragment+1","Electrodynamics+1","Recycle+1","Core Surge+1","Conserve Battery","Glacier","Chill+1","Self Repair+1","Cold Snap+1","Tempest","Buffer+1","Echo Form+1","Loop+1","Dark Shackles","Finesse","Hologram+1","Cold Snap+1","Barrage+1","Hologram+1","Coolheaded+1","Barrage+1","Reinforced Body+1"],"special_seed":0,"relics":["Cracked Core","NeowsBlessing","Meat on the Bone","Golden Idol","Matryoshka","Molten Egg 2","Art of War","Ice Cream","Inserter","Shuriken","Frozen Egg 2","Vajra","Gambling Chip","Red Mask","Cursed Key","Calipers","Bronze Scales","Toxic Egg 2","Kunai"],"potions_floor_usage":[56,56],"damage_taken":[{"damage":0.0,"enemies":"Small Slimes","floor":1.0,"turns":1.0},{"damage":0.0,"enemies":"2 Louse","floor":5.0,"turns":1.0},{"damage":0.0,"enemies":"Lagavulin","floor":7.0,"turns":1.0},{"damage":12.0,"enemies":"Jaw Worm","floor":8.0,"turns":2.0},{"damage":0.0,"enemies":"Exordium Wildlife","floor":10.0,"turns":2.0},{"damage":0.0,"enemies":"3 Louse","floor":11.0,"turns":4.0},{"damage":36.0,"enemies":"Gremlin Nob","floor":14.0,"turns":4.0},{"damage":7.0,"enemies":"Hexaghost","floor":16.0,"turns":9.0},{"damage":15.0,"enemies":"Chosen","floor":18.0,"turns":4.0},{"damage":39.0,"enemies":"Book of Stabbing","floor":24.0,"turns":8.0},{"damage":15.0,"enemies":"Shell Parasite","floor":25.0,"turns":5.0},{"damage":12.0,"enemies":"Masked Bandits","floor":27.0,"turns":2.0},{"damage":0.0,"enemies":"3 Cultists","floor":31.0,"turns":3.0},{"damage":16.0,"enemies":"Champ","floor":33.0,"turns":18.0},{"damage":0.0,"enemies":"3 Shapes","floor":35.0,"turns":7.0},{"damage":57.0,"enemies":"2 Orb Walkers","floor":37.0,"turns":5.0},{"damage":11.0,"enemies":"3 Darklings","floor":38.0,"turns":5.0},{"damage":4.0,"enemies":"Transient","floor":40.0,"turns":6.0},{"damage":28.0,"enemies":"Spire Growth","floor":41.0,"turns":5.0},{"damage":37.0,"enemies":"Reptomancer","floor":42.0,"turns":8.0},{"damage":0.0,"enemies":"4 Shapes","floor":44.0,"turns":3.0},{"damage":0.0,"enemies":"Sphere and 2 Shapes","floor":47.0,"turns":5.0},{"damage":19.0,"enemies":"Donu and Deca","floor":50.0,"turns":11.0},{"damage":41.0,"enemies":"Awakened One","floor":51.0,"turns":17.0},{"damage":69.0,"enemies":"Shield and Spear","floor":55.0,"turns":7.0},{"damage":21,"enemies":"The Heart","floor":56,"turns":11}],"seed_played":"-2495058905209455314","potions_obtained":[{"floor":10.0,"key":"Dexterity Potion"},{"floor":14.0,"key":"FocusPotion"},{"floor":16.0,"key":"SkillPotion"},{"floor":24.0,"key":"LiquidBronze"},{"floor":25.0,"key":"Dexterity Potion"},{"floor":38.0,"key":"FearPotion"},{"floor":40.0,"key":"LiquidBronze"}],"is_trial":false,"path_per_floor":["M","$","?","?","M","R","E","M","T","M","M","$","R","E","R","B",null,"M","?","?","T","$","R","E","M","T","?","R","$","R","M","R","B",null,"M","?","?","M","$","M","M","E","T","M","?","R","M","$","R","B","B",null,"R","$","E","B",null],"character_chosen":"DEFECT","items_purchased":["Sunder","Electrodynamics","Tempest","Bronze Scales","Coolheaded+1","Barrage+1"],"campfire_rested":2,"item_purchase_floors":[2,12,29,39,54,54],"current_hp_per_floor":[64,64,29,5,17,17,29,29,29,41,41,41,41,17,17,22,59,44,44,44,44,44,44,17,14,14,14,35,35,35,47,47,53,67,71,61,36,57,57,63,57,42,42,52,52,52,62,62,62,53,44,64,71,71,24,25],"gold":127,"neow_bonus":"THREE_ENEMY_KILL","is_prod":false,"is_daily":false,"chose_seed":false,"campfire_upgraded":7,"win_rate":0,"timestamp":1553875657,"path_taken":["M","$","?","?","?","R","E","M","T","M","M","$","R","E","R","BOSS","M","?","?","?","?","R","E","M","T","?","R","$","R","M","R","BOSS","M","?","?","M","$","M","M","E","T","M","?","R","?","$","R","BOSS","BOSS","R","$","E","BOSS"],"build_version":"2019-01-23","purchased_purges":2,"victory":true,"max_hp_per_floor":[71,71,71,71,71,71,71,71,71,71,71,71,71,71,71,71,71,71,71,71,71,71,71,71,71,71,71,71,71,71,71,71,71,71,71,71,71,71,71,71,71,71,71,71,71,71,71,71,71,71,71,71,71,71,71,71],"card_choices":[{"not_picked":["Hologram","White Noise"],"picked":"Chill","floor":1.0},{"not_picked":["Force Field","Conserve Battery","Gash"],"picked":"SKIP","floor":5.0},{"not_picked":["Ball Lightning","Go for the Eyes"],"picked":"White Noise","floor":7.0},{"not_picked":["Hologram","Go for the Eyes","Redo"],"picked":"SKIP","floor":8.0},{"not_picked":["Conserve Battery","Compile Driver+1"],"picked":"Defragment","floor":10.0},{"not_picked":["Storm","Streamline+1","Go for the Eyes+1"],"picked":"SKIP","floor":11.0},{"not_picked":["Steam","Turbo"],"picked":"Recycle","floor":14.0},{"not_picked":["All For One+1","Electrodynamics"],"picked":"Core Surge+1","floor":16.0},{"not_picked":["Stack","Ball Lightning+1"],"picked":"Conserve Battery","floor":18.0},{"not_picked":["Gash+1","Storm+1"],"picked":"Chill","floor":24.0},{"not_picked":["Skim+1","Reinforced Body"],"picked":"Self Repair+1","floor":25.0},{"not_picked":["Hologram","Rebound+1"],"picked":"Cold Snap+1","floor":27.0},{"not_picked":["Capacitor+1","Leap"],"picked":"Buffer+1","floor":31.0},{"not_picked":["Amplify","Creative AI+1"],"picked":"Echo Form+1","floor":33.0},{"not_picked":["Stack+1","Ball Lightning+1"],"picked":"Loop+1","floor":35.0},{"not_picked":["Secret Weapon","Apotheosis"],"picked":"Dark Shackles","floor":36.0},{"not_picked":["Good Instincts","Secret Weapon"],"picked":"Finesse","floor":36.0},{"not_picked":["Stack+1","Compile Driver+1"],"picked":"Hologram+1","floor":37.0},{"not_picked":["Hello World+1","Redo"],"picked":"Cold Snap+1","floor":38.0},{"not_picked":["Beam Cell+1","Leap","Steam Power"],"picked":"SKIP","floor":40.0},{"not_picked":["Conserve Battery","Sweeping Beam+1"],"picked":"Barrage+1","floor":41.0},{"not_picked":["Steam","Force Field+1","Sweeping Beam+1"],"picked":"SKIP","floor":42.0},{"not_picked":["Steam+1","All For One+1","Gash+1"],"picked":"SKIP","floor":44.0},{"not_picked":["Storm+1","Lockon+1"],"picked":"Hologram+1","floor":47.0},{"not_picked":["Hologram+1","Hyperbeam+1"],"picked":"Reinforced Body+1","floor":55.0}],"player_experience":2733133,"relics_obtained":[{"floor":7.0,"key":"Matryoshka"},{"floor":9.0,"key":"Molten Egg 2"},{"floor":9.0,"key":"Art of War"},{"floor":14.0,"key":"Ice Cream"},{"floor":21.0,"key":"Frozen Egg 2"},{"floor":24.0,"key":"Vajra"},{"floor":26.0,"key":"Gambling Chip"},{"floor":27.0,"key":"Red Mask"},{"floor":37.0,"key":"Calipers"},{"floor":42.0,"key":"Toxic Egg 2"},{"floor":55.0,"key":"Kunai"}],"event_choices":[{"damage_healed":0.0,"max_hp_gain":0.0,"max_hp_loss":0.0,"gold_gain":0.0,"event_name":"Scrap Ooze","player_choice":"Success","floor":3.0,"gold_loss":0.0,"damage_taken":35.0,"relics_obtained":["Meat on the Bone"]},{"damage_healed":0.0,"max_hp_gain":0.0,"max_hp_loss":0.0,"gold_gain":0.0,"event_name":"Golden Idol","player_choice":"Take Damage","floor":4.0,"gold_loss":0.0,"damage_taken":24.0,"relics_obtained":["Golden Idol"]},{"damage_healed":0.0,"max_hp_gain":0.0,"max_hp_loss":0.0,"gold_gain":0.0,"event_name":"Addict","player_choice":"Obtained Relic","floor":19.0,"gold_loss":85.0,"damage_taken":0.0,"relics_obtained":["Shuriken"]},{"damage_healed":0.0,"max_hp_gain":0.0,"max_hp_loss":0.0,"gold_gain":0.0,"event_name":"The Library","player_choice":"Read","floor":20.0,"gold_loss":0.0,"damage_taken":0.0,"cards_obtained":["Glacier"]},{"damage_healed":0.0,"max_hp_gain":0.0,"max_hp_loss":0.0,"gold_gain":0.0,"event_name":"Masked Bandits","player_choice":"Fought Bandits","floor":27.0,"gold_loss":0.0,"damage_taken":0.0},{"damage_healed":0.0,"max_hp_gain":0.0,"max_hp_loss":0.0,"gold_gain":0.0,"event_name":"SensoryStone","player_choice":"Memory 3","floor":36.0,"gold_loss":0.0,"damage_taken":10.0},{"damage_healed":0.0,"max_hp_gain":0.0,"max_hp_loss":0.0,"gold_gain":0.0,"event_name":"Mysterious Sphere","player_choice":"Fight","floor":37.0,"gold_loss":0.0,"damage_taken":0.0},{"damage_healed":0.0,"max_hp_gain":0.0,"max_hp_loss":0.0,"gold_gain":0.0,"event_name":"Lab","player_choice":"Got Potions","floor":45.0,"gold_loss":0.0,"damage_taken":0.0}],"is_beta":false,"boss_relics":[{"not_picked":["Eternal Feather","Coffee Dripper"],"picked":"Inserter"},{"not_picked":["Snecko Eye","Astrolabe"],"picked":"Cursed Key"}],"items_purged_floors":[22,29],"is_endless":false,"potions_floor_spawned":[10,14,16,18,24,25,38,40,44,47,55],"ascension_level":20}