{"gold_per_floor":[110,260,260,12,25,25,52,68,68,68,68,81,81,107,107,181,181,199,219,231,250,33,33,33],"floor_reached":24,"playtime":585,"items_purged":["Doubt"],"score":462,"play_id":"565a0c69-56b3-4e8e-9de9-822dcffc6536","local_time":"20190328202703","is_ascension_mode":true,"campfire_choices":[{"data":"Carnage","floor":6,"key":"SMITH"},{"data":"Spot Weakness","floor":11,"key":"SMITH"},{"data":"Shrug It Off","floor":13,"key":"SMITH"},{"data":"Limit Break","floor":15,"key":"SMITH"},{"floor":23,"key":"REST"}],"neow_cost":"NONE","seed_source_timestamp":5502657669100,"circlet_count":0,"master_deck":["AscendersBane","Bash+1","Carnage+1","Spot Weakness+1","Shrug It Off+1","Limit Break+1","Feed","Limit Break","Body Slam","Armaments","Searing Blow","Entrench","Metallicize","Immolate","Sentinel","Clothesline","Bloodletting+1","Battle Trance","Second Wind"],"relics":["Burning Blood","NeowsBlessing","Paper Frog","Bag of Preparation","Happy Flower","Ornamental Fan","Pandora\u0027s Box","PreservedInsect"],"potions_floor_usage":[16,18,19,21,24],"damage_taken":[{"damage":0,"enemies":"Small Slimes","floor":1,"turns":1},{"damage":0,"enemies":"2 Louse","floor":5,"turns":1},{"damage":0,"enemies":"Lagavulin","floor":7,"turns":1},{"damage":7,"enemies":"Jaw Worm","floor":8,"turns":2},{"damage":16,"enemies":"Lots of Slimes","floor":12,"turns":5},{"damage":25,"enemies":"3 Sentries","floor":14,"turns":8},{"damage":40,"enemies":"Hexaghost","floor":16,"turns":8},{"damage":19,"enemies":"Chosen","floor":18,"turns":5},{"damage":7,"enemies":"3 Byrds","floor":19,"turns":3},{"damage":27,"enemies":"Centurion and Healer","floor":20,"turns":4},{"damage":24,"enemies":"Shelled Parasite and Fungi","floor":21,"turns":3},{"damage":3,"enemies":"Gremlin Leader","floor":24,"turns":3}],"seed_played":"6319106107434701668","potions_obtained":[{"floor":5,"key":"SkillPotion"},{"floor":8,"key":"Poison Potion"},{"floor":16,"key":"PowerPotion"},{"floor":18,"key":"LiquidBronze"},{"floor":19,"key":"LiquidBronze"}],"is_trial":false,"path_per_floor":["M","?","?","$","M","R","E","M","T","?","R","M","R","E","R","B",null,"M","M","M","M","$","R","E"],"character_chosen":"IRONCLAD","items_purchased":["Bag of Preparation","PreservedInsect","AttackPotion"],"campfire_rested":1,"item_purchase_floors":[4,22,22],"current_hp_per_floor":[74,74,63,63,69,69,75,74,74,74,74,64,64,45,45,11,59,46,45,28,10,10,33,30],"gold":33,"neow_bonus":"THREE_ENEMY_KILL","is_prod":false,"is_daily":false,"chose_seed":false,"campfire_upgraded":4,"win_rate":0,"timestamp":1553772423,"path_taken":["M","?","?","$","M","R","E","M","T","?","R","M","R","E","R","BOSS","M","M","?","?","$","R","E"],"build_version":"2019-01-23","purchased_purges":1,"victory":false,"max_hp_per_floor":[75,75,75,75,75,75,75,75,75,75,75,75,75,75,75,75,75,75,75,79,79,79,79,79],"card_choices":[{"not_picked":["Iron Wave","Burning Pact"],"picked":"Carnage","floor":1},{"not_picked":["Fire Breathing","Pommel Strike","Sword Boomerang"],"picked":"SKIP","floor":5},{"not_picked":["Armaments","Sever Soul"],"picked":"Spot Weakness","floor":7},{"not_picked":["Thunderclap","Cleave","Infernal Blade"],"picked":"SKIP","floor":8},{"not_picked":["Warcry","Blood for Blood"],"picked":"Shrug It Off","floor":12},{"not_picked":["Thunderclap","Flex"],"picked":"Limit Break","floor":14},{"not_picked":["Dark Embrace","Barricade"],"picked":"Feed","floor":16},{"not_picked":["Flex","Sword Boomerang","Wild Strike"],"picked":"SKIP","floor":18},{"not_picked":["Inflame","Dual Wield"],"picked":"Bloodletting+1","floor":19},{"not_picked":["Perfected Strike+1","Twin Strike"],"picked":"Battle Trance","floor":20},{"not_picked":["Shrug It Off","Metallicize"],"picked":"Second Wind","floor":21}],"player_experience":2686374,"relics_obtained":[{"floor":7,"key":"Happy Flower"},{"floor":14,"key":"Ornamental Fan"}],"event_choices":[{"damage_healed":0,"gold_gain":150,"player_choice":"AGREE","damage_taken":0,"max_hp_gain":0,"max_hp_loss":0,"event_name":"Liars Game","floor":2,"gold_loss":0,"cards_obtained":["Doubt"]},{"damage_healed":0,"gold_gain":0,"player_choice":"Success","damage_taken":11,"relics_obtained":["Paper Frog"],"max_hp_gain":0,"max_hp_loss":0,"event_name":"Scrap Ooze","floor":3,"gold_loss":0},{"damage_healed":0,"gold_gain":0,"player_choice":"Upgraded","damage_taken":0,"max_hp_gain":0,"max_hp_loss":0,"event_name":"Upgrade Shrine","floor":10,"gold_loss":0,"cards_upgraded":["Bash"]}],"is_beta":false,"boss_relics":[{"not_picked":["Ectoplasm","Eternal Feather"],"picked":"Pandora\u0027s Box"}],"items_purged_floors":[4],"is_endless":false,"potions_floor_spawned":[5,8,14,16,18,19],"killed_by":"Gremlin Leader","ascension_level":20}