{"gold_per_floor":[111,111,124,124,0,0,17,47,47,47,122,132,132],"floor_reached":13,"playtime":218,"items_purged":[],"score":166,"play_id":"0aeb335b-afee-4200-8de0-1afbf9f2d440","local_time":"20190408194830","is_ascension_mode":true,"campfire_choices":[{"data":"Discovery","floor":6,"key":"SMITH"},{"data":"Fiend Fire","floor":10,"key":"SMITH"}],"neow_cost":"NONE","seed_source_timestamp":150823462363600,"circlet_count":0,"master_deck":["AscendersBane","Strike_R","Strike_R","Strike_R","Strike_R","Strike_R","Defend_R","Defend_R","Defend_R","Defend_R","Bash","Shrug It Off","Discovery+1","Shrug It Off","Fiend Fire+1","Shockwave"],"relics":["Burning Blood","NeowsBlessing","Dodecahedron","Ornamental Fan"],"potions_floor_usage":[],"damage_taken":[{"damage":0,"enemies":"Jaw Worm","floor":1,"turns":1},{"damage":0,"enemies":"Small Slimes","floor":3,"turns":1},{"damage":0,"enemies":"2 Louse","floor":7,"turns":1},{"damage":32,"enemies":"Gremlin Nob","floor":8,"turns":4},{"damage":28,"enemies":"Exordium Thugs","floor":12,"turns":6},{"damage":0,"enemies":"3 Sentries","floor":13,"turns":2}],"seed_played":"-8855307462522849836","potions_obtained":[{"floor":7,"key":"SpeedPotion"}],"is_trial":false,"path_per_floor":["M","?","M","?","$","R","M","E","T","R","?","M","E"],"character_chosen":"IRONCLAD","items_purchased":["Shrug It Off","Discovery"],"campfire_rested":0,"item_purchase_floors":[5,5],"current_hp_per_floor":[74,79,80,80,80,80,80,54,54,54,43,21,21],"gold":132,"neow_bonus":"THREE_ENEMY_KILL","is_prod":false,"is_daily":false,"chose_seed":false,"campfire_upgraded":2,"win_rate":0,"timestamp":1554720510,"path_taken":["M","?","M","?","?","R","M","E","T","R","?","?","E"],"build_version":"2019-01-23","purchased_purges":0,"victory":false,"max_hp_per_floor":[75,80,80,80,80,80,80,80,80,80,80,80,80],"card_choices":[{"not_picked":["Anger","Clothesline","Metallicize"],"picked":"SKIP","floor":1},{"not_picked":["Havoc","Dual Wield","Power Through"],"picked":"SKIP","floor":3},{"not_picked":["Cleave","Heavy Blade"],"picked":"Shrug It Off","floor":7},{"not_picked":["Anger","Sever Soul"],"picked":"Fiend Fire","floor":8},{"not_picked":["Wild Strike","Warcry"],"picked":"Shockwave","floor":12}],"player_experience":2986758,"relics_obtained":[{"floor":8,"key":"Dodecahedron"},{"floor":9,"key":"Ornamental Fan"}],"event_choices":[{"damage_healed":0,"gold_gain":0,"player_choice":"Donut","damage_taken":0,"max_hp_gain":5,"max_hp_loss":0,"event_name":"Big Fish","floor":2,"gold_loss":0},{"damage_healed":0,"gold_gain":0,"player_choice":"Leave","damage_taken":0,"max_hp_gain":0,"max_hp_loss":0,"event_name":"The Cleric","floor":4,"gold_loss":0},{"damage_healed":0,"gold_gain":75,"player_choice":"Gather Gold","damage_taken":11,"max_hp_gain":0,"max_hp_loss":0,"event_name":"World of Goop","floor":11,"gold_loss":0}],"is_beta":false,"boss_relics":[],"items_purged_floors":[],"is_endless":false,"potions_floor_spawned":[7],"killed_by":"3 Sentries","ascension_level":20}