{"gold_per_floor":[112,112,112,130,130,162,42,42,42,92,112,125,125,155,155,229,229,229,229,154,69,69,69,69,69,69,69,69,69,69,69,69,69,69,69,0,0,0,0,0,0,0,0,0],"floor_reached":44,"playtime":1456,"items_purged":["Strike_R"],"score":989,"play_id":"e861a0f3-9996-4483-802a-844aeacb6b28","local_time":"20190306164206","is_ascension_mode":true,"campfire_choices":[{"data":"Whirlwind","floor":8.0,"key":"SMITH"},{"data":"True Grit","floor":13.0,"key":"SMITH"},{"data":"Demon Form","floor":15.0,"key":"SMITH"},{"data":"Disarm","floor":23.0,"key":"SMITH"},{"data":"Corruption","floor":25.0,"key":"SMITH"},{"data":"Limit Break","floor":28.0,"key":"SMITH"},{"data":"Strike_R","floor":32.0,"key":"PURGE"},{"data":"Feel No Pain","floor":40,"key":"SMITH"},{"data":"Fire Breathing","floor":42,"key":"PURGE"}],"neow_cost":"NONE","seed_source_timestamp":139665359139500,"circlet_count":0,"master_deck":["AscendersBane","Defend_R","Defend_R","Defend_R","Defend_R","Bash+1","True Grit+1","Limit Break+1","Evolve","Whirlwind+1","Corruption+1","Demon Form+1","Reaper","Disarm+1","Evolve","Feel No Pain+1","Limit Break+1","Shrug It Off+1","Flex+1","Flex+1"],"special_seed":0,"relics":["Burning Blood","NeowsBlessing","Bird Faced Urn","Pantograph","Kunai","Ectoplasm","Mummified Hand","Self Forming Clay","Omamori","Peace Pipe","Toxic Egg 2","Mark of Pain","Red Mask"],"potions_floor_usage":[],"damage_taken":[{"damage":0.0,"enemies":"Jaw Worm","floor":1.0,"turns":1.0},{"damage":0.0,"enemies":"Cultist","floor":4.0,"turns":1.0},{"damage":0.0,"enemies":"Gremlin Nob","floor":6.0,"turns":1.0},{"damage":10.0,"enemies":"Small Slimes","floor":11.0,"turns":3.0},{"damage":8.0,"enemies":"Exordium Wildlife","floor":12.0,"turns":3.0},{"damage":21.0,"enemies":"3 Sentries","floor":14.0,"turns":6.0},{"damage":38.0,"enemies":"Slime Boss","floor":16.0,"turns":6.0},{"damage":10.0,"enemies":"3 Byrds","floor":18.0,"turns":5.0},{"damage":30.0,"enemies":"Spheric Guardian","floor":19.0,"turns":5.0},{"damage":42.0,"enemies":"Centurion and Healer","floor":22.0,"turns":7.0},{"damage":47.0,"enemies":"Gremlin Leader","floor":24.0,"turns":6.0},{"damage":27.0,"enemies":"Snake Plant","floor":29.0,"turns":5.0},{"damage":29.0,"enemies":"Colosseum Slavers","floor":31.0,"turns":6.0},{"damage":45.0,"enemies":"Colosseum Nobs","floor":31.0,"turns":6.0},{"damage":74.0,"enemies":"Automaton","floor":33.0,"turns":8.0},{"damage":0.0,"enemies":"3 Shapes","floor":35.0,"turns":1.0},{"damage":13,"enemies":"Orb Walker","floor":39,"turns":5},{"damage":72,"enemies":"Jaw Worm Horde","floor":41,"turns":5},{"damage":60,"enemies":"Sphere and 2 Shapes","floor":44,"turns":3}],"seed_played":"4270217301841191891","potions_obtained":[{"floor":4.0,"key":"Block Potion"},{"floor":11.0,"key":"EntropicBrew"},{"floor":12.0,"key":"Weak Potion"},{"floor":14.0,"key":"Fire Potion"},{"floor":22.0,"key":"EssenceOfSteel"},{"floor":24.0,"key":"Regen Potion"},{"floor":33.0,"key":"SteroidPotion"},{"floor":39,"key":"PowerPotion"}],"is_trial":false,"path_per_floor":["M","$","?","M","?","E","$","R","T","?","M","M","R","E","R","B",null,"M","M","$","?","M","R","E","R","T","?","R","M","$","?","R","B",null,"M","?","?","?","M","R","M","R","T","M"],"character_chosen":"IRONCLAD","items_purchased":["Evolve","Whirlwind"],"campfire_rested":0,"item_purchase_floors":[7,7],"current_hp_per_floor":[74,74,74,75,52,58,58,58,58,51,49,51,51,40,40,39,66,73,59,59,59,46,46,42,42,42,42,42,63,63,75,75,65,73,75,75,75,75,75,75,53,53,53,0],"gold":0,"neow_bonus":"THREE_ENEMY_KILL","is_prod":false,"is_daily":false,"chose_seed":false,"campfire_upgraded":7,"win_rate":0,"timestamp":1551858126,"path_taken":["M","$","?","?","?","E","?","R","T","?","M","?","R","E","R","BOSS","M","M","$","?","M","R","E","R","T","?","R","?","?","?","R","BOSS","M","?","?","?","?","R","?","R","T","M"],"build_version":"2019-01-23","purchased_purges":1,"victory":false,"max_hp_per_floor":[75,75,75,75,75,75,75,75,75,75,75,75,75,75,75,75,75,75,75,75,75,75,75,75,75,75,75,75,75,75,75,75,75,75,75,75,75,75,75,75,75,75,75,75],"card_choices":[{"not_picked":["Warcry","Twin Strike","Thunderclap"],"picked":"SKIP","floor":1.0},{"not_picked":["Iron Wave","Infernal Blade"],"picked":"True Grit","floor":4.0},{"not_picked":["Heavy Blade","Flame Barrier"],"picked":"Limit Break","floor":6.0},{"not_picked":["Clash","Flame Barrier","Headbutt"],"picked":"SKIP","floor":11.0},{"not_picked":["Hemokinesis","Corruption","Clash"],"picked":"SKIP","floor":12.0},{"not_picked":["Hemokinesis","Clash"],"picked":"Corruption","floor":12.0},{"not_picked":["Sword Boomerang","Rampage"],"picked":"Demon Form","floor":14.0},{"not_picked":["Juggernaut","Double Tap"],"picked":"Reaper","floor":16.0},{"not_picked":["Thunderclap","Perfected Strike","True Grit"],"picked":"SKIP","floor":18.0},{"not_picked":["Anger","Wild Strike","Havoc"],"picked":"SKIP","floor":19.0},{"not_picked":["Spot Weakness","Armaments"],"picked":"Disarm","floor":22.0},{"not_picked":["Berserk","Flex","Corruption"],"picked":"SKIP","floor":24.0},{"not_picked":["Corruption","Havoc","Anger"],"picked":"SKIP","floor":29.0},{"not_picked":["Shrug It Off","Bloodletting"],"picked":"Feel No Pain","floor":31.0},{"not_picked":["Reaper","Double Tap+1"],"picked":"Limit Break+1","floor":33.0},{"not_picked":["Cleave+1","Inflame"],"picked":"Shrug It Off+1","floor":35.0},{"not_picked":["Whirlwind","Twin Strike"],"picked":"Flex+1","floor":39},{"not_picked":["Cleave","Evolve"],"picked":"Flex+1","floor":41}],"player_experience":2040082,"relics_obtained":[{"floor":6.0,"key":"Bird Faced Urn"},{"floor":9.0,"key":"Pantograph"},{"floor":14.0,"key":"Kunai"},{"floor":24.0,"key":"Self Forming Clay"},{"floor":26.0,"key":"Omamori"},{"floor":31.0,"key":"Peace Pipe"},{"floor":31.0,"key":"Toxic Egg 2"}],"event_choices":[{"damage_healed":0.0,"max_hp_gain":0.0,"max_hp_loss":0.0,"gold_gain":0.0,"cards_transformed":["Strike_R"],"event_name":"Transmorgrifier","player_choice":"Transformed","floor":3.0,"gold_loss":0.0,"damage_taken":0.0,"cards_obtained":["Fire Breathing"]},{"damage_healed":0.0,"max_hp_gain":0.0,"max_hp_loss":0.0,"gold_gain":0.0,"event_name":"Shining Light","player_choice":"Entered Light","floor":5.0,"gold_loss":0.0,"damage_taken":23.0,"cards_upgraded":["Strike_R","Bash"]},{"damage_healed":0.0,"max_hp_gain":0.0,"max_hp_loss":0.0,"gold_gain":50.0,"event_name":"FaceTrader","player_choice":"Touch","floor":10.0,"gold_loss":0.0,"damage_taken":7.0},{"damage_healed":0.0,"max_hp_gain":0.0,"max_hp_loss":0.0,"gold_gain":0.0,"event_name":"Addict","player_choice":"Obtained Relic","floor":21.0,"gold_loss":85.0,"damage_taken":0.0,"relics_obtained":["Mummified Hand"]},{"damage_healed":0.0,"max_hp_gain":0.0,"max_hp_loss":0.0,"gold_gain":0.0,"cards_transformed":["Strike_R"],"event_name":"Transmorgrifier","player_choice":"Transformed","floor":27.0,"gold_loss":0.0,"damage_taken":0.0,"cards_obtained":["Evolve"]},{"damage_healed":0.0,"max_hp_gain":0.0,"max_hp_loss":0.0,"gold_gain":0.0,"event_name":"Colosseum","player_choice":"Fight","floor":31.0,"gold_loss":0.0,"damage_taken":0.0},{"damage_healed":0.0,"max_hp_gain":0.0,"max_hp_loss":0.0,"gold_gain":0.0,"event_name":"Colosseum","player_choice":"Fought Nobs","floor":31.0,"gold_loss":0.0,"damage_taken":0.0},{"damage_healed":0.0,"max_hp_gain":0.0,"max_hp_loss":0.0,"gold_gain":0.0,"event_name":"Tomb of Lord Red Mask","player_choice":"Paid","floor":36.0,"gold_loss":69.0,"damage_taken":0.0,"relics_obtained":["Red Mask"]},{"cards_removed":["Strike_R"],"damage_healed":0.0,"max_hp_gain":0.0,"max_hp_loss":0.0,"gold_gain":0.0,"event_name":"Falling","player_choice":"Removed Attack","floor":37.0,"gold_loss":0.0,"damage_taken":0.0},{"damage_healed":0,"gold_gain":0,"player_choice":"Ignored","damage_taken":0,"max_hp_gain":0,"max_hp_loss":0,"event_name":"Mysterious Sphere","floor":38,"gold_loss":0}],"is_beta":false,"boss_relics":[{"not_picked":["Runic Pyramid","White Beast Statue"],"picked":"Ectoplasm"},{"not_picked":["Black Blood","Tiny House"],"picked":"Mark of Pain"}],"items_purged_floors":[20],"is_endless":false,"potions_floor_spawned":[4,11,12,14,16,22,24,31,33,39,41],"killed_by":"Sphere and 2 Shapes","ascension_level":20}