{"gold_per_floor":[111,127,27,27,43,43,78,91,91,111,111,145,45,59,59,59],"floor_reached":16,"playtime":469,"items_purged":["Strike_R","Strike_R"],"score":224,"play_id":"8094fdc9-13ad-4922-9952-4567fea23f36","local_time":"20190315140116","is_ascension_mode":true,"campfire_choices":[{"data":"Whirlwind","floor":6,"key":"SMITH"},{"floor":11,"key":"REST"},{"data":"True Grit","floor":15,"key":"SMITH"}],"neow_cost":"NONE","seed_source_timestamp":100434247363500,"circlet_count":0,"master_deck":["AscendersBane","Strike_R","Strike_R","Defend_R","Defend_R","Defend_R","Defend_R","Bash","Whirlwind+1","True Grit+1","Flex","Metallicize"],"relics":["Burning Blood","NeowsBlessing","Strawberry","Lantern","Blue Candle"],"potions_floor_usage":[7,10,12,16],"damage_taken":[{"damage":0,"enemies":"Cultist","floor":1,"turns":1},{"damage":0,"enemies":"Jaw Worm","floor":2,"turns":1},{"damage":0,"enemies":"2 Louse","floor":5,"turns":2},{"damage":35,"enemies":"Lagavulin","floor":7,"turns":6},{"damage":33,"enemies":"Exordium Thugs","floor":8,"turns":8},{"damage":17,"enemies":"Exordium Wildlife","floor":10,"turns":5},{"damage":5,"enemies":"3 Sentries","floor":12,"turns":5},{"damage":16,"enemies":"Large Slime","floor":14,"turns":6},{"damage":29,"enemies":"The Guardian","floor":16,"turns":12}],"seed_played":"3406939856623674577","potions_obtained":[{"floor":1,"key":"Strength Potion"},{"floor":2,"key":"Strength Potion"},{"floor":7,"key":"Energy Potion"},{"floor":14,"key":"Fire Potion"}],"is_trial":false,"path_per_floor":["M","M","$","?","M","R","E","M","T","M","R","E","$","M","R","B"],"character_chosen":"IRONCLAD","items_purchased":["True Grit"],"campfire_rested":1,"item_purchase_floors":[3],"current_hp_per_floor":[74,75,75,75,75,75,53,26,26,15,39,40,40,30,30,1],"gold":59,"neow_bonus":"THREE_ENEMY_KILL","is_prod":false,"is_daily":false,"chose_seed":false,"campfire_upgraded":2,"win_rate":0,"timestamp":1552626076,"path_taken":["M","?","?","?","M","R","E","M","T","M","R","E","$","M","R","BOSS"],"build_version":"2019-01-23","purchased_purges":2,"victory":false,"max_hp_per_floor":[75,75,75,75,75,75,82,82,82,82,82,82,82,82,82,82],"card_choices":[{"not_picked":["Evolve","Cleave"],"picked":"Whirlwind","floor":1},{"not_picked":["Havoc","Combust","Iron Wave"],"picked":"SKIP","floor":2},{"not_picked":["Pommel Strike","Thunderclap"],"picked":"Flex","floor":5},{"not_picked":["Thunderclap","Inflame","Blood for Blood"],"picked":"SKIP","floor":7},{"not_picked":["Heavy Blade","Fire Breathing","Iron Wave"],"picked":"SKIP","floor":8},{"not_picked":["Sever Soul","Cleave","Dual Wield"],"picked":"SKIP","floor":10},{"not_picked":["Body Slam","Evolve"],"picked":"Metallicize","floor":12},{"not_picked":["Flex","Clash","Heavy Blade"],"picked":"SKIP","floor":14}],"player_experience":2285576,"relics_obtained":[{"floor":7,"key":"Strawberry"},{"floor":9,"key":"Lantern"},{"floor":12,"key":"Blue Candle"}],"event_choices":[{"cards_removed":["Strike_R"],"damage_healed":0,"gold_gain":0,"player_choice":"Purged","damage_taken":0,"max_hp_gain":0,"max_hp_loss":0,"event_name":"Purifier","floor":4,"gold_loss":0}],"is_beta":false,"boss_relics":[],"items_purged_floors":[3,13],"is_endless":false,"potions_floor_spawned":[1,2,7,14],"killed_by":"The Guardian","ascension_level":20}