{"gold_per_floor":[119,119,194,214,214,244,244,270,342,74,74,74,94,112,112,190,190],"floor_reached":17,"playtime":372,"items_purged":["Strike_R"],"score":376,"play_id":"fb8fbb1e-d225-42ea-b563-af144525687b","local_time":"20190427192514","is_ascension_mode":true,"campfire_choices":[{"data":"Bash","floor":7,"key":"SMITH"},{"data":"True Grit","floor":11,"key":"SMITH"},{"data":"Demon Form","floor":15,"key":"SMITH"}],"neow_cost":"NONE","seed_source_timestamp":23211664143100,"circlet_count":0,"master_deck":["AscendersBane","Bash+1","Disarm","Impervious","True Grit+1","Rupture","Demon Form+1","Shrug It Off","Offering"],"relics":["Burning Blood","NeowsBlessing","Red Skull","Unceasing Top","Kunai","Question Card","Tiny Chest","Pandora\u0027s Box"],"potions_floor_usage":[16,16],"damage_taken":[{"damage":0,"enemies":"2 Louse","floor":1,"turns":1},{"damage":0,"enemies":"Small Slimes","floor":4,"turns":1},{"damage":0,"enemies":"Gremlin Nob","floor":6,"turns":1},{"damage":54,"enemies":"Lagavulin","floor":8,"turns":9},{"damage":0,"enemies":"Cultist","floor":13,"turns":3},{"damage":0,"enemies":"Exordium Wildlife","floor":14,"turns":5},{"damage":4,"enemies":"Slime Boss","floor":16,"turns":12}],"seed_played":"-3187063464001833600","potions_obtained":[{"floor":1,"key":"SpeedPotion"},{"floor":4,"key":"EssenceOfSteel"},{"floor":16,"key":"SpeedPotion"}],"is_trial":false,"path_per_floor":["M","?","?","M","?","E","R","E","T","$","R","?","M","M","R","B",null],"character_chosen":"IRONCLAD","items_purchased":["Tiny Chest","PowerPotion"],"campfire_rested":0,"item_purchase_floors":[10,10],"current_hp_per_floor":[74,74,63,69,62,68,68,20,20,20,20,20,26,32,32,34,34],"gold":190,"neow_bonus":"THREE_ENEMY_KILL","is_prod":false,"is_daily":false,"chose_seed":false,"campfire_upgraded":3,"win_rate":0,"timestamp":1556360714,"path_taken":["M","?","?","M","?","E","R","E","T","$","R","?","?","M","R","BOSS"],"build_version":"2019-01-23","purchased_purges":1,"victory":false,"max_hp_per_floor":[75,75,75,75,75,75,75,75,75,75,75,75,75,75,75,75,75],"card_choices":[{"not_picked":["Fire Breathing","Warcry"],"picked":"Disarm","floor":1},{"not_picked":["Pummel","Hemokinesis","Wild Strike"],"picked":"SKIP","floor":4},{"not_picked":["Sword Boomerang","Armaments"],"picked":"Impervious","floor":6},{"not_picked":["Iron Wave","Clothesline"],"picked":"True Grit","floor":8},{"not_picked":["Twin Strike","Shockwave","Power Through"],"picked":"Demon Form","floor":13},{"not_picked":["Flame Barrier","Fire Breathing","Havoc"],"picked":"Shrug It Off","floor":14},{"not_picked":["Juggernaut","Bludgeon","Impervious"],"picked":"Offering","floor":16}],"player_experience":3426963,"relics_obtained":[{"floor":6,"key":"Unceasing Top"},{"floor":8,"key":"Kunai"},{"floor":9,"key":"Question Card"}],"event_choices":[{"damage_healed":0,"gold_gain":0,"player_choice":"Box","damage_taken":0,"relics_obtained":["Red Skull"],"max_hp_gain":0,"max_hp_loss":0,"event_name":"Big Fish","floor":2,"gold_loss":0,"cards_obtained":["Regret"]},{"damage_healed":0,"gold_gain":75,"player_choice":"Gather Gold","damage_taken":11,"max_hp_gain":0,"max_hp_loss":0,"event_name":"World of Goop","floor":3,"gold_loss":0},{"cards_removed":["Regret"],"damage_healed":0,"gold_gain":0,"player_choice":"Card Removal","damage_taken":7,"max_hp_gain":0,"max_hp_loss":0,"event_name":"Golden Wing","floor":5,"gold_loss":0},{"damage_healed":0,"gold_gain":0,"cards_transformed":["Strike_R"],"player_choice":"Transformed","damage_taken":0,"max_hp_gain":0,"max_hp_loss":0,"event_name":"Transmorgrifier","floor":12,"gold_loss":0,"cards_obtained":["Rupture"]}],"is_beta":false,"boss_relics":[{"not_picked":["Mark of Pain","Ectoplasm"],"picked":"Pandora\u0027s Box"}],"items_purged_floors":[10],"is_endless":false,"potions_floor_spawned":[1,4,13,16],"ascension_level":20}