{"gold_per_floor":[112,77,77,24,37,68,68,143,143,169,186,186,200,200,200,273,273,285,270,282,282],"floor_reached":21,"playtime":1126,"items_purged":[],"score":375,"play_id":"bb381557-453b-4bed-b76c-a3f548e38f60","local_time":"20181125193357","is_ascension_mode":true,"campfire_choices":[{"data":"Hello World","floor":7.0,"key":"SMITH"},{"floor":12.0,"key":"REST"},{"floor":15.0,"key":"REST"}],"neow_cost":"NONE","seed_source_timestamp":0,"circlet_count":0,"master_deck":["AscendersBane","Strike_B","Strike_B","Strike_B","Strike_B","Defend_B","Defend_B","Defend_B","Defend_B","Zap","Dualcast","Redo","Cold Snap","Cold Snap","Hello World+1","Heatsinks","Loop","Rip and Tear","Biased Cognition","Coolheaded","White Noise","Self Repair"],"special_seed":0,"relics":["Cracked Core","NeowsBlessing","Bottled Flame","Shuriken","The Courier","White Beast Statue"],"potions_floor_usage":[19,19,20,21],"damage_taken":[{"damage":0.0,"enemies":"Jaw Worm","floor":1.0,"turns":1.0},{"damage":0.0,"enemies":"Small Slimes","floor":5.0,"turns":1.0},{"damage":0.0,"enemies":"Lagavulin","floor":6.0,"turns":1.0},{"damage":27.0,"enemies":"Gremlin Nob","floor":10.0,"turns":5.0},{"damage":0.0,"enemies":"Cultist","floor":11.0,"turns":3.0},{"damage":3.0,"enemies":"Large Slime","floor":13.0,"turns":5.0},{"damage":8.0,"enemies":"Slime Boss","floor":16.0,"turns":7.0},{"damage":15.0,"enemies":"Shell Parasite","floor":18.0,"turns":8.0},{"damage":11,"enemies":"2 Thieves","floor":19,"turns":4},{"damage":33,"enemies":"Centurion and Healer","floor":20,"turns":10},{"damage":30,"enemies":"Snake Plant","floor":21,"turns":2}],"seed_played":"233314745680314775","potions_obtained":[{"floor":1.0,"key":"Strength Potion"},{"floor":10.0,"key":"AttackPotion"},{"floor":11.0,"key":"Fire Potion"},{"floor":18,"key":"Regen Potion"},{"floor":19,"key":"Weak Potion"},{"floor":20,"key":"PowerPotion"}],"is_trial":false,"path_per_floor":["M","?","?","$","M","E","R","?","T","E","M","R","M","?","R","B",null,"M","M","M","M","M"],"character_chosen":"DEFECT","items_purchased":["Cold Snap"],"campfire_rested":2,"item_purchase_floors":[4],"current_hp_per_floor":[64,71,71,71,71,71,71,60,60,33,33,54,51,51,71,63,69,54,57,24,0],"gold":282,"neow_bonus":"THREE_ENEMY_KILL","is_prod":false,"is_daily":false,"chose_seed":false,"campfire_upgraded":1,"win_rate":0,"timestamp":1543167237,"path_taken":["M","?","?","$","M","E","R","?","T","E","M","R","?","?","R","BOSS","M","M","M","M"],"build_version":"2018-11-15","purchased_purges":0,"victory":false,"max_hp_per_floor":[71,71,71,71,71,71,71,71,71,71,71,71,71,71,71,71,71,71,71,71,71],"card_choices":[{"not_picked":["Sunder","Go for the Eyes"],"picked":"Redo","floor":1.0},{"not_picked":["Hologram","Gash"],"picked":"Cold Snap","floor":5.0},{"not_picked":["Beam Cell","Skim"],"picked":"Hello World","floor":6.0},{"not_picked":["Compile Driver","Steam","Turbo"],"picked":"SKIP","floor":10.0},{"not_picked":["Hyperbeam","Steam"],"picked":"Heatsinks","floor":11.0},{"not_picked":["Heatsinks","Barrage"],"picked":"Loop","floor":13.0},{"not_picked":["Hyperbeam","Thunder Strike"],"picked":"Biased Cognition","floor":16.0},{"not_picked":["Rebound","Undo"],"picked":"Coolheaded","floor":18},{"not_picked":["Genetic Algorithm+1","Coolheaded"],"picked":"White Noise","floor":19},{"not_picked":["Compile Driver","Gash"],"picked":"Self Repair","floor":20}],"player_experience":788470,"relics_obtained":[{"floor":6.0,"key":"Bottled Flame"},{"floor":9.0,"key":"Shuriken"},{"floor":10.0,"key":"The Courier"}],"event_choices":[{"damage_healed":17.0,"max_hp_gain":0.0,"max_hp_loss":0.0,"gold_gain":0.0,"event_name":"The Cleric","player_choice":"Healed","floor":2.0,"gold_loss":35.0,"damage_taken":0.0},{"damage_healed":0.0,"max_hp_gain":0.0,"max_hp_loss":0.0,"gold_gain":0.0,"event_name":"Golden Wing","player_choice":"Ignored","floor":3.0,"gold_loss":0.0,"damage_taken":0.0},{"damage_healed":0.0,"max_hp_gain":0.0,"max_hp_loss":0.0,"gold_gain":75.0,"event_name":"World of Goop","player_choice":"Gather Gold","floor":8.0,"gold_loss":0.0,"damage_taken":11.0},{"damage_healed":0.0,"max_hp_gain":0.0,"max_hp_loss":0.0,"gold_gain":0.0,"event_name":"Match and Keep!","player_choice":"1 cards matched","floor":14.0,"gold_loss":0.0,"damage_taken":0.0,"cards_obtained":["Rip and Tear"]}],"is_beta":false,"boss_relics":[{"not_picked":["Cursed Key","Coffee Dripper"],"picked":"White Beast Statue"}],"items_purged_floors":[],"is_endless":false,"potions_floor_spawned":[1,10,11,13,18,19,20],"killed_by":"Snake Plant","ascension_level":15}