{"gold_per_floor":[117,133,147,147,159,159,194,211,211,244,244,25,25,40,40,140,140,156,156,170,170,190,190,202,202,202,235,235,248,13,13,13,111,111,121,133,133,46,62,62,130,130,430,430,447,460,460,314,314,314,314,314,4,32,32],"floor_reached":55,"playtime":4504,"items_purged":[],"score":707,"play_id":"e4f31bcd-c0de-4793-9c3f-6cc9629e14db","local_time":"20190101202343","is_ascension_mode":false,"campfire_choices":[{"floor":6,"key":"REST"},{"floor":15,"key":"REST"},{"floor":23,"key":"REST"},{"data":"White Noise","floor":28,"key":"SMITH"},{"floor":32,"key":"REST"},{"floor":40,"key":"REST"},{"floor":42,"key":"RECALL"},{"data":"Chaos","floor":44,"key":"SMITH"},{"data":"Chaos","floor":47,"key":"SMITH"},{"data":"Static Discharge","floor":49,"key":"SMITH"},{"data":"Discovery","floor":52,"key":"SMITH"}],"neow_cost":"NONE","seed_source_timestamp":872994551327735,"circlet_count":0,"master_deck":["Strike_B","Strike_B","Strike_B","Strike_B","Defend_B","Defend_B","Defend_B","Defend_B+1","Zap+1","Dualcast","Steam","Glacier","Streamline","Chaos+1","Biased Cognition","Conserve Battery","Static Discharge+1","Chaos+1","Storm+1","Buffer+1","Doom and Gloom","Redo","White Noise+1","Redo","Cold Snap+1","Magnetism+1","Creative AI+1","Defragment+1","Sunder","Discovery+1","Self Repair+1","Heatsinks+1","Redo+1","Capacitor+1","Core Surge"],"relics":["Cracked Core","Pen Nib","Regal Pillow","Sundial","Blue Candle","Gremlin Horn","Frozen Egg 2","Eternal Feather","Red Mask","Nuclear Battery","Bottled Tornado","Old Coin","Dodecahedron","Bag of Preparation"],"potions_floor_usage":[7,7,10,16,22,24,27,33,35,35,39,54,54,54],"damage_taken":[{"damage":0,"enemies":"Cultist","floor":1,"turns":3},{"damage":0,"enemies":"Jaw Worm","floor":2,"turns":3},{"damage":0,"enemies":"2 Louse","floor":3,"turns":3},{"damage":0,"enemies":"Exordium Wildlife","floor":5,"turns":2},{"damage":5,"enemies":"Lagavulin","floor":7,"turns":5},{"damage":1,"enemies":"Blue Slaver","floor":8,"turns":2},{"damage":22,"enemies":"3 Sentries","floor":10,"turns":10},{"damage":0,"enemies":"2 Fungi Beasts","floor":14,"turns":4},{"damage":11,"enemies":"Slime Boss","floor":16,"turns":9},{"damage":20,"enemies":"2 Thieves","floor":18,"turns":3},{"damage":13,"enemies":"3 Byrds","floor":20,"turns":5},{"damage":10,"enemies":"Sentry and Sphere","floor":22,"turns":4},{"damage":0,"enemies":"Centurion and Healer","floor":24,"turns":8},{"damage":23,"enemies":"Masked Bandits","floor":27,"turns":3},{"damage":19,"enemies":"Shelled Parasite and Fungi","floor":29,"turns":3},{"damage":32,"enemies":"Champ","floor":33,"turns":8},{"damage":23,"enemies":"3 Darklings","floor":35,"turns":3},{"damage":7,"enemies":"Orb Walker","floor":36,"turns":3},{"damage":34,"enemies":"Spire Growth","floor":39,"turns":5},{"damage":32,"enemies":"Maw","floor":45,"turns":8},{"damage":0,"enemies":"Sphere and 2 Shapes","floor":46,"turns":3},{"damage":52,"enemies":"Time Eater","floor":50,"turns":8},{"damage":36,"enemies":"Shield and Spear","floor":54,"turns":5},{"damage":49,"enemies":"The Heart","floor":55,"turns":3}],"seed_played":"3145210865027091196","potions_obtained":[{"floor":1,"key":"AttackPotion"},{"floor":3,"key":"Poison Potion"},{"floor":8,"key":"GamblersBrew"},{"floor":10,"key":"FocusPotion"},{"floor":16,"key":"SpeedPotion"},{"floor":18,"key":"Fire Potion"},{"floor":29,"key":"EssenceOfSteel"},{"floor":33,"key":"EssenceOfSteel"},{"floor":39,"key":"FearPotion"},{"floor":45,"key":"PowerPotion"},{"floor":46,"key":"Block Potion"}],"is_trial":false,"path_per_floor":["M","M","M","?","M","R","E","M","T","E","?","$","T","M","R","B",null,"M","?","M","?","M","R","M","?","T","?","R","M","$","?","R","B",null,"M","M","?","$","M","R","T","R","T","R","M","M","R","$","R","B",null,"R","$","E","B"],"character_chosen":"DEFECT","items_purchased":["Static Discharge","FocusPotion","Chaos","Magnetism+1","FocusPotion","Self Repair+1","SkillPotion","Core Surge","Dodecahedron","Block Potion"],"campfire_rested":5,"item_purchase_floors":[12,12,12,30,30,38,38,48,53,53],"current_hp_per_floor":[75,75,75,60,60,75,70,69,69,47,29,29,29,29,66,55,75,55,55,42,42,32,75,75,75,75,52,64,45,45,45,75,43,75,52,45,45,45,21,75,75,75,75,75,53,53,71,71,75,43,75,75,75,49,0],"gold":32,"neow_bonus":"RANDOM_COMMON_RELIC","is_prod":false,"is_daily":false,"chose_seed":false,"campfire_upgraded":5,"win_rate":0,"timestamp":1546367023,"path_taken":["M","M","?","?","M","R","E","M","T","E","?","?","?","?","R","BOSS","M","?","?","?","M","R","M","?","T","?","R","M","$","?","R","BOSS","M","M","?","$","M","R","?","R","T","R","M","M","R","?","R","BOSS","R","$","E","BOSS"],"build_version":"2018-12-20","purchased_purges":0,"victory":false,"max_hp_per_floor":[75,75,75,75,75,75,75,75,75,75,75,75,75,75,75,75,75,75,75,75,75,75,75,75,75,75,75,75,75,75,75,75,75,75,75,75,75,75,75,75,75,75,75,75,75,75,75,75,75,75,75,75,75,75,75],"card_choices":[{"not_picked":["Reprogram","Genetic Algorithm"],"picked":"Steam","floor":1},{"not_picked":["Steam","Leap"],"picked":"Glacier","floor":2},{"not_picked":["Turbo","Rebound"],"picked":"Streamline","floor":3},{"not_picked":["Hologram","Streamline"],"picked":"Chaos","floor":5},{"not_picked":["Scrape","Recycle"],"picked":"Biased Cognition","floor":7},{"not_picked":["Lockon","Gash"],"picked":"Conserve Battery","floor":8},{"not_picked":["Compile Driver","Recycle","Rip and Tear"],"picked":"SKIP","floor":10},{"not_picked":["Stack","Barrage"],"picked":"Storm+1","floor":14},{"not_picked":["Core Surge","Amplify"],"picked":"Buffer+1","floor":16},{"not_picked":["Barrage+1","Leap"],"picked":"Doom and Gloom","floor":18},{"not_picked":["Beam Cell","Ball Lightning"],"picked":"White Noise","floor":20},{"not_picked":["Go for the Eyes","Coolheaded","Beam Cell+1"],"picked":"SKIP","floor":22},{"not_picked":["Hologram","Coolheaded","Reprogram+1"],"picked":"SKIP","floor":24},{"not_picked":["Compile Driver","Recycle+1"],"picked":"Redo","floor":27},{"not_picked":["Steam","Coolheaded"],"picked":"Cold Snap+1","floor":29},{"not_picked":["Biased Cognition+1","All For One"],"picked":"Creative AI+1","floor":33},{"not_picked":["Gash","Fusion+1"],"picked":"Defragment+1","floor":35},{"not_picked":["Hologram+1","Turbo"],"picked":"Sunder","floor":36},{"not_picked":["Purity","Trip"],"picked":"Discovery","floor":37},{"not_picked":["Conserve Battery+1","Beam Cell+1"],"picked":"Heatsinks+1","floor":39},{"not_picked":["Steam","Tempest+1"],"picked":"Redo+1","floor":45},{"not_picked":["Undo+1","Blizzard"],"picked":"Capacitor+1","floor":46},{"not_picked":["Compile Driver","Rip and Tear","Reprogram+1"],"picked":"SKIP","floor":54}],"player_experience":886407,"relics_obtained":[{"floor":7,"key":"Regal Pillow"},{"floor":9,"key":"Sundial"},{"floor":10,"key":"Blue Candle"},{"floor":13,"key":"Frozen Egg 2"},{"floor":27,"key":"Red Mask"},{"floor":41,"key":"Bottled Tornado"},{"floor":43,"key":"Old Coin"},{"floor":54,"key":"Bag of Preparation"}],"event_choices":[{"damage_healed":0,"gold_gain":0,"player_choice":"Entered Light","damage_taken":15,"max_hp_gain":0,"max_hp_loss":0,"event_name":"Shining Light","floor":4,"gold_loss":0,"cards_upgraded":["Defend_B","Zap"]},{"damage_healed":0,"gold_gain":0,"player_choice":"Success","damage_taken":18,"relics_obtained":["Gremlin Horn"],"max_hp_gain":0,"max_hp_loss":0,"event_name":"Scrap Ooze","floor":11,"gold_loss":0},{"damage_healed":0,"gold_gain":0,"player_choice":"1 cards matched","damage_taken":0,"max_hp_gain":0,"max_hp_loss":0,"event_name":"Match and Keep!","floor":19,"gold_loss":0,"cards_obtained":["Redo"]},{"damage_healed":0,"gold_gain":0,"player_choice":"Ignored","damage_taken":0,"max_hp_gain":0,"max_hp_loss":0,"event_name":"Beggar","floor":21,"gold_loss":0},{"damage_healed":0,"gold_gain":0,"player_choice":"Ignored","damage_taken":0,"max_hp_gain":0,"max_hp_loss":0,"event_name":"Ghosts","floor":25,"gold_loss":0},{"damage_healed":0,"gold_gain":0,"player_choice":"Fought Bandits","damage_taken":0,"max_hp_gain":0,"max_hp_loss":0,"event_name":"Masked Bandits","floor":27,"gold_loss":0},{"damage_healed":0,"gold_gain":0,"player_choice":"Ignored","damage_taken":0,"max_hp_gain":0,"max_hp_loss":0,"event_name":"Vampires","floor":31,"gold_loss":0},{"damage_healed":0,"gold_gain":0,"player_choice":"Memory 1","damage_taken":0,"max_hp_gain":0,"max_hp_loss":0,"event_name":"SensoryStone","floor":37,"gold_loss":0}],"is_beta":false,"boss_relics":[{"not_picked":["Velvet Choker","FrozenCore"],"picked":"Eternal Feather"},{"not_picked":["Snecko Eye","Pandora\u0027s Box"],"picked":"Nuclear Battery"}],"items_purged_floors":[],"is_endless":false,"potions_floor_spawned":[1,3,8,10,16,18,20,29,33,39,45,46],"killed_by":"The Heart","ascension_level":0}