{"gold_per_floor":[116,127,127,146,146,146,160,160,209,24,54,65,65,80,80,157,207,227,277,295,295,295],"floor_reached":22,"playtime":1261,"items_purged":[],"score":344,"play_id":"029cc13e-f132-4436-a366-b5260b1edee9","local_time":"20181209195551","is_ascension_mode":true,"campfire_choices":[{"data":"Cloak And Dagger","floor":6,"key":"SMITH"},{"data":"Neutralize","floor":8,"key":"SMITH"},{"data":"A Thousand Cuts","floor":13,"key":"SMITH"},{"data":"Blade Dance","floor":15,"key":"SMITH"}],"neow_cost":"TEN_PERCENT_HP_LOSS","seed_source_timestamp":1229477884946218,"circlet_count":0,"master_deck":["AscendersBane","Defend_G","Defend_G","Defend_G","Defend_G","Defend_G","Strike_G","Strike_G","Strike_G","Strike_G+1","Survivor","Neutralize+1","Dagger Spray","Cloak And Dagger+1","Dagger Throw","A Thousand Cuts+1","Blade Dance+1","Caltrops","Blade Dance","Envenom","Footwork","Finisher","Bane","Ghostly","Ghostly","Ghostly"],"special_seed":0,"relics":["Ring of the Snake","Incense Burner","Orichalcum","Vajra","Tiny House"],"potions_floor_usage":[16,16,20,22],"damage_taken":[{"damage":19.0,"enemies":"Cultist","floor":1.0,"turns":6.0},{"damage":1,"enemies":"2 Louse","floor":2,"turns":3},{"damage":7,"enemies":"Jaw Worm","floor":4,"turns":4},{"damage":1,"enemies":"2 Fungi Beasts","floor":7,"turns":4},{"damage":17,"enemies":"Lagavulin","floor":11,"turns":8},{"damage":0,"enemies":"Large Slime","floor":12,"turns":4},{"damage":1,"enemies":"Blue Slaver","floor":14,"turns":3},{"damage":13,"enemies":"The Guardian","floor":16,"turns":11},{"damage":38,"enemies":"Shell Parasite","floor":18,"turns":5},{"damage":6,"enemies":"Chosen","floor":20,"turns":4},{"damage":13,"enemies":"Centurion and Healer","floor":22,"turns":5}],"seed_played":"3132037062340621650","potions_obtained":[{"floor":1.0,"key":"GhostInAJar"},{"floor":12,"key":"Regen Potion"},{"floor":16,"key":"GamblersBrew"},{"floor":17,"key":"Fire Potion"}],"is_trial":false,"path_per_floor":["M","M","$","M","?","R","M","R","T","$","E","M","R","M","R","B",null,"M","?","M","?","M"],"character_chosen":"THE_SILENT","items_purchased":["A Thousand Cuts","Blade Dance","PowerPotion"],"campfire_rested":0,"item_purchase_floors":[10,10,10],"current_hp_per_floor":[40,39,39,32,25,25,24,24,24,24,7,7,7,6,6,8,52,14,14,8,8,0],"gold":295,"neow_bonus":"ONE_RARE_RELIC","is_prod":false,"is_daily":false,"chose_seed":false,"campfire_upgraded":4,"win_rate":0,"timestamp":1544356551,"path_taken":["M","?","?","M","?","R","M","R","T","$","E","M","R","M","R","BOSS","M","?","M","?","M"],"build_version":"2018-11-15","purchased_purges":0,"victory":false,"max_hp_per_floor":[60,60,60,60,60,60,60,60,60,60,60,60,60,60,60,60,65,65,65,65,32,32],"card_choices":[{"not_picked":["Calculated Gamble","Underhanded Strike"],"picked":"Dagger Spray","floor":1.0},{"not_picked":["Eviscerate","Setup"],"picked":"Cloak And Dagger","floor":2},{"not_picked":["Poisoned Stab","Quick Slash"],"picked":"Dagger Throw","floor":4},{"not_picked":["Quick Slash","Deadly Poison","Escape Plan"],"picked":"SKIP","floor":7},{"not_picked":["Slice","Outmaneuver"],"picked":"Caltrops","floor":11},{"not_picked":["Flying Knee","Catalyst"],"picked":"Blade Dance","floor":12},{"not_picked":["Unload","Quick Slash","Bane"],"picked":"SKIP","floor":14},{"not_picked":["Night Terror","A Thousand Cuts"],"picked":"Envenom","floor":16},{"not_picked":["Terror","Poisoned Stab"],"picked":"Footwork","floor":17},{"not_picked":["Bouncing Flask","Flying Knee"],"picked":"Finisher","floor":18},{"not_picked":["Dagger Throw","Deadly Poison"],"picked":"Bane","floor":20}],"player_experience":623273,"relics_obtained":[{"floor":9,"key":"Orichalcum"},{"floor":11,"key":"Vajra"}],"event_choices":[{"cards_removed":["Strike_G"],"damage_healed":0,"gold_gain":0,"player_choice":"Card Removal","damage_taken":7,"max_hp_gain":0,"max_hp_loss":0,"event_name":"Golden Wing","floor":5,"gold_loss":0},{"damage_healed":0,"gold_gain":50,"player_choice":"Stole From Cult","damage_taken":0,"max_hp_gain":0,"max_hp_loss":0,"event_name":"Nest","floor":19,"gold_loss":0},{"damage_healed":0,"gold_gain":0,"player_choice":"Became a Ghost","damage_taken":0,"max_hp_gain":0,"max_hp_loss":33,"event_name":"Ghosts","floor":21,"gold_loss":0,"cards_obtained":["Ghostly","Ghostly","Ghostly"]}],"is_beta":true,"boss_relics":[{"not_picked":["Calling Bell","Fusion Hammer"],"picked":"Tiny House"}],"items_purged_floors":[],"is_endless":false,"potions_floor_spawned":[1,11,12,16],"killed_by":"Centurion and Healer","ascension_level":17}