{"gold_per_floor":[111,111,111,111,134,134,134,175,256,406,46,60,60,81,81,174,174,188,103,138,338,357,357],"floor_reached":23,"playtime":608,"items_purged":["Doubt"],"score":424,"play_id":"af94d868-eb1e-4f91-a28c-e6598790b816","local_time":"20190406155018","is_ascension_mode":true,"campfire_choices":[{"data":"Self Repair","floor":6,"key":"SMITH"},{"data":"Consume","floor":13,"key":"SMITH"},{"data":"Darkness","floor":15,"key":"SMITH"}],"neow_cost":"NONE","seed_source_timestamp":708086875889300,"circlet_count":0,"master_deck":["AscendersBane","Strike_B+1","Strike_B+1","Strike_B","Defend_B","Defend_B","Defend_B","Zap","Dualcast","Machine Learning","Self Repair+1","Darkness+1","Chill","Hologram","Consume+1","Core Surge","Conserve Battery+1","Static Discharge+1"],"relics":["Cracked Core","NeowsBlessing","Golden Idol","Whetstone","The Courier","Omamori","Tiny Chest","Cursed Key","Bronze Scales","Red Mask"],"potions_floor_usage":[23],"damage_taken":[{"damage":0,"enemies":"Cultist","floor":1,"turns":1},{"damage":0,"enemies":"Jaw Worm","floor":5,"turns":1},{"damage":0,"enemies":"Gremlin Nob","floor":8,"turns":1},{"damage":8,"enemies":"2 Louse","floor":12,"turns":2},{"damage":12,"enemies":"2 Fungi Beasts","floor":14,"turns":4},{"damage":7,"enemies":"The Guardian","floor":16,"turns":10},{"damage":13,"enemies":"3 Byrds","floor":18,"turns":7},{"damage":48,"enemies":"Masked Bandits","floor":20,"turns":5},{"damage":6,"enemies":"Spheric Guardian","floor":22,"turns":3},{"damage":33,"enemies":"Slavers","floor":23,"turns":4}],"seed_played":"-8015485958538827355","potions_obtained":[{"floor":8,"key":"FocusPotion"},{"floor":14,"key":"FearPotion"}],"is_trial":false,"path_per_floor":["M","?","?","?","M","R","?","E","T","?","$","M","R","M","R","B",null,"M","?","?","?","M","E"],"character_chosen":"DEFECT","items_purchased":["Chill","Omamori","Tiny Chest","Hologram"],"campfire_rested":0,"item_purchase_floors":[11,11,11,11],"current_hp_per_floor":[64,40,40,33,33,33,56,56,56,56,56,58,58,56,56,59,68,65,65,27,27,31,0],"gold":357,"neow_bonus":"THREE_ENEMY_KILL","is_prod":false,"is_daily":false,"chose_seed":false,"campfire_upgraded":3,"win_rate":0,"timestamp":1554533418,"path_taken":["M","?","?","?","M","R","?","E","T","?","$","M","R","M","R","BOSS","M","?","?","?","M","E"],"build_version":"2019-01-23","purchased_purges":1,"victory":false,"max_hp_per_floor":[71,71,71,71,71,71,71,71,71,71,71,71,71,71,71,71,71,71,71,71,71,71,71],"card_choices":[{"not_picked":["Stack","Blizzard","Storm"],"picked":"SKIP","floor":1},{"not_picked":["Redo","Conserve Battery"],"picked":"Self Repair","floor":5},{"not_picked":["Scrape","Compile Driver"],"picked":"Darkness","floor":8},{"not_picked":["Streamline","Beam Cell"],"picked":"Consume","floor":12},{"not_picked":["Chaos","Storm","Turbo"],"picked":"SKIP","floor":14},{"not_picked":["Buffer","Fission"],"picked":"Core Surge","floor":16},{"not_picked":["Redo","Streamline"],"picked":"Conserve Battery+1","floor":18},{"not_picked":["Sunder","Self Repair"],"picked":"Static Discharge+1","floor":20},{"not_picked":["Gash","Rebound","Consume"],"picked":"SKIP","floor":22}],"player_experience":2916354,"relics_obtained":[{"floor":8,"key":"Whetstone"},{"floor":9,"key":"The Courier"},{"floor":20,"key":"Red Mask"}],"event_choices":[{"damage_healed":0,"gold_gain":0,"player_choice":"Take Damage","damage_taken":24,"relics_obtained":["Golden Idol"],"max_hp_gain":0,"max_hp_loss":0,"event_name":"Golden Idol","floor":2,"gold_loss":0},{"damage_healed":0,"gold_gain":0,"cards_transformed":["Strike_B"],"player_choice":"Change","damage_taken":0,"max_hp_gain":0,"max_hp_loss":0,"event_name":"Living Wall","floor":3,"gold_loss":0,"cards_obtained":["Machine Learning"]},{"cards_removed":["Defend_B"],"damage_healed":0,"gold_gain":0,"player_choice":"Card Removal","damage_taken":7,"max_hp_gain":0,"max_hp_loss":0,"event_name":"Golden Wing","floor":4,"gold_loss":0},{"damage_healed":23,"gold_gain":0,"player_choice":"Banana","damage_taken":0,"max_hp_gain":0,"max_hp_loss":0,"event_name":"Big Fish","floor":7,"gold_loss":0},{"damage_healed":0,"gold_gain":150,"player_choice":"AGREE","damage_taken":0,"max_hp_gain":0,"max_hp_loss":0,"event_name":"Liars Game","floor":10,"gold_loss":0,"cards_obtained":["Doubt"]},{"damage_healed":0,"gold_gain":0,"player_choice":"Obtained Relic","damage_taken":0,"relics_obtained":["Bronze Scales"],"max_hp_gain":0,"max_hp_loss":0,"event_name":"Addict","floor":19,"gold_loss":85},{"damage_healed":0,"gold_gain":0,"player_choice":"Fought Bandits","damage_taken":0,"max_hp_gain":0,"max_hp_loss":0,"event_name":"Masked Bandits","floor":20,"gold_loss":0},{"damage_healed":0,"gold_gain":250,"player_choice":"Bet on Owner","damage_taken":0,"max_hp_gain":0,"max_hp_loss":0,"event_name":"The Joust","floor":21,"gold_loss":50}],"is_beta":false,"boss_relics":[{"not_picked":["Sozu","Nuclear Battery"],"picked":"Cursed Key"}],"items_purged_floors":[11],"is_endless":false,"potions_floor_spawned":[8,14,16,18,20],"killed_by":"Slavers","ascension_level":20}