{"gold_per_floor":[117,130,142,142,158,189,189,189,215,180,209,221,233,272,284,375,387,410,69,69,69],"floor_reached":21,"playtime":499,"items_purged":[],"score":390,"play_id":"04c22cf0-5317-43b9-835c-92eb66556091","local_time":"20190314192840","is_ascension_mode":true,"campfire_choices":[{"data":"Zap","floor":7,"key":"SMITH"},{"data":"Darkness","floor":15,"key":"SMITH"}],"neow_cost":"NONE","seed_source_timestamp":33647239910300,"circlet_count":0,"master_deck":["AscendersBane","Strike_B","Strike_B","Strike_B","Strike_B","Defend_B","Defend_B+1","Defend_B","Zap+1","Dualcast+1","Coolheaded","Rip and Tear","Conserve Battery","Ball Lightning","Recycle","Darkness+1","Biased Cognition","Loop","Bandage Up","Shame"],"relics":["Cracked Core","NeowsBlessing","Bag of Marbles","Strawberry","Bag of Preparation","MawBank","Ice Cream","Runic Pyramid","OrangePellets","Ornamental Fan"],"potions_floor_usage":[6,6,16],"damage_taken":[{"damage":0,"enemies":"Cultist","floor":1,"turns":1},{"damage":0,"enemies":"2 Louse","floor":2,"turns":1},{"damage":0,"enemies":"Small Slimes","floor":3,"turns":1},{"damage":3,"enemies":"Looter","floor":5,"turns":3},{"damage":4,"enemies":"Gremlin Nob","floor":6,"turns":3},{"damage":24,"enemies":"Lagavulin","floor":11,"turns":6},{"damage":9,"enemies":"Gremlin Nob","floor":14,"turns":3},{"damage":12,"enemies":"Hexaghost","floor":16,"turns":7},{"damage":18,"enemies":"2 Thieves","floor":18,"turns":4},{"damage":26,"enemies":"Masked Bandits","floor":21,"turns":3}],"seed_played":"6173793292419869002","potions_obtained":[{"floor":2,"key":"FocusPotion"},{"floor":3,"key":"PowerPotion"},{"floor":11,"key":"SteroidPotion"}],"is_trial":false,"path_per_floor":["M","M","M","?","M","E","R","?","T","?","E","?","$","E","R","B",null,"M","$","?","?"],"character_chosen":"DEFECT","items_purchased":["OrangePellets","Loop","Bandage Up"],"campfire_rested":0,"item_purchase_floors":[19,19,19],"current_hp_per_floor":[64,64,64,64,61,57,57,59,59,78,54,31,31,22,22,10,61,43,43,43,21],"gold":69,"neow_bonus":"THREE_ENEMY_KILL","is_prod":false,"is_daily":false,"chose_seed":false,"campfire_upgraded":2,"win_rate":0,"timestamp":1552559320,"path_taken":["M","?","M","?","?","E","R","?","T","?","E","?","$","E","R","BOSS","M","$","?","?"],"build_version":"2019-01-23","purchased_purges":0,"victory":false,"max_hp_per_floor":[71,71,71,71,71,71,71,78,78,78,78,78,78,78,78,78,78,78,78,78,78],"card_choices":[{"not_picked":["Barrage","Beam Cell"],"picked":"Coolheaded","floor":1},{"not_picked":["Gash","Tempest"],"picked":"Rip and Tear","floor":2},{"not_picked":["Stack","Genetic Algorithm"],"picked":"Conserve Battery","floor":3},{"not_picked":["Conserve Battery","Reprogram","Double Energy"],"picked":"SKIP","floor":5},{"not_picked":["Compile Driver","Leap"],"picked":"Ball Lightning","floor":6},{"not_picked":["Leap","Skim"],"picked":"Recycle","floor":11},{"not_picked":["Leap","Steam"],"picked":"Darkness","floor":14},{"not_picked":["Seek","Hyperbeam"],"picked":"Biased Cognition","floor":16},{"not_picked":["Beam Cell","Heatsinks","Scrape"],"picked":"SKIP","floor":18}],"player_experience":2273524,"relics_obtained":[{"floor":6,"key":"Bag of Marbles"},{"floor":9,"key":"Bag of Preparation"},{"floor":11,"key":"MawBank"},{"floor":14,"key":"Ice Cream"}],"event_choices":[{"cards_removed":["Defend_B"],"damage_healed":0,"gold_gain":0,"player_choice":"Purged","damage_taken":0,"max_hp_gain":0,"max_hp_loss":0,"event_name":"Purifier","floor":4,"gold_loss":0},{"damage_healed":0,"gold_gain":0,"player_choice":"Success","damage_taken":5,"relics_obtained":["Strawberry"],"max_hp_gain":0,"max_hp_loss":0,"event_name":"Scrap Ooze","floor":8,"gold_loss":0},{"damage_healed":19,"gold_gain":0,"player_choice":"Healed","damage_taken":0,"max_hp_gain":0,"max_hp_loss":0,"event_name":"The Cleric","floor":10,"gold_loss":35},{"damage_healed":0,"gold_gain":0,"player_choice":"Entered Light","damage_taken":23,"max_hp_gain":0,"max_hp_loss":0,"event_name":"Shining Light","floor":12,"gold_loss":0,"cards_upgraded":["Dualcast","Defend_B"]},{"damage_healed":0,"gold_gain":0,"player_choice":"Stole Relic","damage_taken":0,"relics_obtained":["Ornamental Fan"],"max_hp_gain":0,"max_hp_loss":0,"event_name":"Addict","floor":20,"gold_loss":0,"cards_obtained":["Shame"]},{"damage_healed":0,"gold_gain":0,"player_choice":"Fought Bandits","damage_taken":0,"max_hp_gain":0,"max_hp_loss":0,"event_name":"Masked Bandits","floor":21,"gold_loss":0}],"is_beta":false,"boss_relics":[{"not_picked":["Black Star","Coffee Dripper"],"picked":"Runic Pyramid"}],"items_purged_floors":[],"is_endless":false,"potions_floor_spawned":[2,3,11],"killed_by":"Masked Bandits","ascension_level":20}