{"path_per_floor":["M","?","?","M","M","R","$","M","T","E","M","M","M","M","R","B",null,"M","?","M","M","$","R","M","M","T","?","R","?","M","M","R","B",null,"M","?","M","$","M","R","M","R","T","R","M","R","?","$","R"],"character_chosen":"THE_SILENT","items_purchased":["Crippling Poison","Tiny Chest","Mummified Hand","Noxious Fumes","Regen Potion","Dexterity Potion"],"gold_per_floor":[109,109,109,129,143,143,67,82,109,139,151,162,174,189,189,286,286,301,301,321,337,141,141,158,172,222,372,372,372,387,402,402,497,527,543,543,555,455,469,469,483,483,483,483,493,493,593,14,14,14],"floor_reached":50,"campfire_rested":6,"playtime":3211,"item_purchase_floors":[],"current_hp_per_floor":[60,53,47,43,43,43,43,40,40,21,18,20,21,21,21,8,49,30,30,20,8,8,26,15,3,3,3,21,21,23,11,29,6,54,48,48,35,35,6,6,7,27,27,27,3,23,23,23,43,0],"items_purged":["Strike_G","Strike_G+1","Strike_G+1"],"gold":14,"score":700,"play_id":"8eafe5dc-d287-40b1-bc85-2f6530fdd47f","local_time":"20180611224515","is_prod":false,"is_daily":false,"chose_seed":false,"is_ascension_mode":true,"campfire_upgraded":4,"win_rate":0,"timestamp":1528728315,"campfire_choices":[{"data":"Bouncing Flask","floor":6.0,"key":"SMITH"},{"data":"Malaise","floor":15.0,"key":"SMITH"},{"floor":23,"key":"REST"},{"floor":28,"key":"REST"},{"floor":32,"key":"REST"},{"data":"Envenom","floor":40,"key":"SMITH"},{"floor":42,"key":"REST"},{"data":"Footwork","floor":44,"key":"SMITH"},{"floor":46,"key":"REST"},{"floor":49,"key":"REST"}],"path_taken":["M","?","?","?","M","R","$","?","T","E","M","M","M","M","R","BOSS","M","?","M","M","$","R","M","M","T","?","R","?","?","M","R","BOSS","M","?","M","$","M","R","M","R","T","R","M","R","?","$","R","BOSS"],"build_version":"2018-06-08","seed_source_timestamp":0,"purchased_purges":3,"victory":false,"master_deck":["Defend_G+1","Defend_G+1","Defend_G+1","Defend_G+1","Survivor","Neutralize","AscendersBane","Bouncing Flask+1","Well Laid Plans","Crippling Poison","Backflip+1","Escape Plan","Dagger Spray","Malaise+1","Calculated Gamble","Deadly Poison","Corpse Explosion+1","Heel Hook+1","Predator","Leg Sweep+1","PiercingWail","Crippling Poison+1","Envenom+1","Footwork+1","Adrenaline","Noxious Fumes"],"max_hp_per_floor":[63,63,63,63,63,63,63,63,63,63,63,63,63,63,63,63,63,63,63,63,63,63,63,63,63,63,63,63,63,63,63,63,63,68,68,68,68,68,68,68,68,68,68,68,68,68,68,68,68,68],"relics":["Ring of the Snake","Blood Vial","Orichalcum","Velvet Choker","Tiny Chest","War Paint","Tiny House","Mummified Hand"],"card_choices":[{"not_picked":["Underhanded Strike","Finisher"],"picked":"Bouncing Flask","floor":1.0},{"not_picked":["Underhanded Strike","Outmaneuver"],"picked":"Well Laid Plans","floor":4.0},{"not_picked":["Flechettes","Slice","Quick Slash"],"picked":"SKIP","floor":5.0},{"not_picked":["Quick Slash","Blade Dance"],"picked":"Backflip","floor":8.0},{"not_picked":["Sucker Punch","Backstab"],"picked":"Escape Plan","floor":10.0},{"not_picked":["Cloak And Dagger","Crippling Poison"],"picked":"Dagger Spray","floor":11.0},{"not_picked":["Sucker Punch","Acrobatics"],"picked":"Malaise","floor":12.0},{"not_picked":["Phantasmal Killer","Backstab"],"picked":"Calculated Gamble","floor":13.0},{"not_picked":["Outmaneuver","Deflect"],"picked":"Deadly Poison","floor":14.0},{"not_picked":["Wraith Form v2","Night Terror"],"picked":"Corpse Explosion","floor":16.0},{"not_picked":["Underhanded Strike","Sucker Punch"],"picked":"Heel Hook+1","floor":18},{"not_picked":["Concentrate","Outmaneuver","Dodge and Roll"],"picked":"SKIP","floor":20},{"not_picked":["Backflip","Quick Slash"],"picked":"Predator","floor":21},{"not_picked":["Malaise","Flying Knee"],"picked":"Leg Sweep","floor":24},{"not_picked":["Dagger Spray+1","Blade Dance"],"picked":"PiercingWail","floor":25},{"not_picked":["Poisoned Stab","Calculated Gamble"],"picked":"Crippling Poison+1","floor":30},{"not_picked":["Finisher+1","Flechettes+1","Backstab"],"picked":"SKIP","floor":31},{"not_picked":["Doppelganger","Tools of the Trade"],"picked":"Envenom","floor":33},{"not_picked":["Bane","Flying Knee"],"picked":"Footwork","floor":34},{"not_picked":["Endless Agony+1","Cloak And Dagger+1","Dagger Throw+1"],"picked":"SKIP","floor":35},{"not_picked":["Infinite Blades+1","PiercingWail","Poisoned Stab"],"picked":"SKIP","floor":37},{"not_picked":["Dagger Throw+1","Prepared+1","Dash+1"],"picked":"SKIP","floor":39},{"not_picked":["Bane","Distraction","Sucker Punch"],"picked":"SKIP","floor":41},{"not_picked":["Accuracy+1","Prepared+1"],"picked":"Adrenaline","floor":45}],"player_experience":420919,"potions_floor_usage":[20,25,25,33,39,41,50,50],"damage_taken":[{"damage":3.0,"enemies":"2 Louse","floor":1.0,"turns":3.0},{"damage":4.0,"enemies":"Jaw Worm","floor":4.0,"turns":3.0},{"damage":0.0,"enemies":"Cultist","floor":5.0,"turns":3.0},{"damage":3.0,"enemies":"2 Fungi Beasts","floor":8.0,"turns":3.0},{"damage":21.0,"enemies":"Gremlin Nob","floor":10.0,"turns":4.0},{"damage":5.0,"enemies":"Blue Slaver","floor":11.0,"turns":4.0},{"damage":0.0,"enemies":"Gremlin Gang","floor":12.0,"turns":1.0},{"damage":1.0,"enemies":"Looter","floor":13.0,"turns":4.0},{"damage":2.0,"enemies":"3 Louse","floor":14.0,"turns":3.0},{"damage":15.0,"enemies":"The Guardian","floor":16.0,"turns":8.0},{"damage":21,"enemies":"2 Thieves","floor":18,"turns":4},{"damage":12,"enemies":"Chosen","floor":20,"turns":5},{"damage":14,"enemies":"Snecko","floor":21,"turns":5},{"damage":13,"enemies":"Centurion and Healer","floor":24,"turns":7},{"damage":14,"enemies":"Snake Plant","floor":25,"turns":5},{"damage":0,"enemies":"Sentry and Sphere","floor":30,"turns":3},{"damage":14,"enemies":"3 Cultists","floor":31,"turns":5},{"damage":25,"enemies":"Automaton","floor":33,"turns":13},{"damage":8,"enemies":"Orb Walker","floor":35,"turns":3},{"damage":15,"enemies":"Flame Bruiser 1 Orb","floor":37,"turns":6},{"damage":39,"enemies":"Sphere and 2 Shapes","floor":39,"turns":5},{"damage":16,"enemies":"Maw","floor":41,"turns":8},{"damage":26,"enemies":"Spire Growth","floor":45,"turns":6},{"damage":75,"enemies":"Donu and Deca","floor":50,"turns":9}],"relics_obtained":[{"floor":9.0,"key":"Blood Vial"},{"floor":10.0,"key":"Orichalcum"},{"floor":26,"key":"War Paint"}],"event_choices":[{"event_name":"Golden Wing","player_choice":"Card Removal","floor":2.0,"damage_taken":0.0},{"event_name":"Wheel of Change","player_choice":"Damage","floor":3.0,"damage_taken":0.0},{"event_name":"Ghosts","player_choice":"Ignored","floor":19,"damage_taken":0},{"event_name":"Nest","player_choice":"Stole From Cult","floor":27,"damage_taken":0},{"event_name":"Back to Basics","player_choice":"Simplicity","floor":29,"damage_taken":0},{"event_name":"The Lab","player_choice":"Got Potions","floor":36,"damage_taken":0},{"event_name":"Golden Shrine","player_choice":"Pray","floor":47,"damage_taken":0}],"boss_relics":[{"not_picked":["Philosopher\u0027s Stone","Runic Dome"],"picked":"Velvet Choker"},{"not_picked":["Astrolabe","White Beast Statue"],"picked":"Tiny House"}],"items_purged_floors":[22,38,48],"potions_floor_spawned":[4,10,11,14,16,18,24,30,33,37,39],"seed_played":"-3706125535567289425","killed_by":"Donu and Deca","ascension_level":10,"potions_obtained":[{"floor":4.0,"key":"SteroidPotion"},{"floor":10.0,"key":"Strength Potion"},{"floor":11.0,"key":"Dexterity Potion"},{"floor":14.0,"key":"EssenceOfSteel"},{"floor":16.0,"key":"Block Potion"},{"floor":18,"key":"Dexterity Potion"},{"floor":24,"key":"Block Potion"},{"floor":30,"key":"Weak Potion"},{"floor":33,"key":"Energy Potion"},{"floor":34,"key":"Energy Potion"},{"floor":36,"key":"Block Potion"},{"floor":36,"key":"FairyPotion"},{"floor":37,"key":"Regen Potion"},{"floor":39,"key":"FearPotion"}],"is_trial":false}