{"gold_per_floor":[111,186,196,51,51,85,85,85,138,148,148,174,93,103,103,198,198,213,31,45,65,65,99,99,113,113,113,113,126,126],"floor_reached":30,"playtime":1532,"items_purged":[],"score":453,"play_id":"364ed1dc-f512-41b2-8f42-6ebddda31cee","local_time":"20180906135904","is_ascension_mode":true,"campfire_choices":[{"floor":8,"key":"REST"},{"floor":15,"key":"REST"},{"floor":24,"key":"REST"},{"floor":27,"key":"REST"}],"neow_cost":"NONE","seed_source_timestamp":1884584800433929,"circlet_count":0,"master_deck":["Strike_B+1","Strike_B","Strike_B+1","Strike_B+1","Defend_B","Defend_B","Defend_B","Defend_B","Zap","Dualcast+1","AscendersBane","Redo","Redo","Electrodynamics+1","Glacier","Buffer+1","Loop+1","Chaos","Creative AI+1","Storm+1","Loop+1","Skim","Decay","Loop+1","Chaos","Storm+1","Self Repair+1"],"relics":["Cracked Core","NeowsBlessing","Dream Catcher","Darkstone Periapt","Frozen Egg 2","Oddly Smooth Stone","Whetstone","Nuclear Battery","Meat on the Bone","Molten Egg 2"],"potions_floor_usage":[12,12,23,23],"damage_taken":[{"damage":0,"enemies":"Jaw Worm","floor":1,"turns":1},{"damage":0,"enemies":"Cultist","floor":3,"turns":1},{"damage":0,"enemies":"Gremlin Nob","floor":6,"turns":1},{"damage":0,"enemies":"Small Slimes","floor":10,"turns":1},{"damage":4,"enemies":"3 Sentries","floor":12,"turns":6},{"damage":7,"enemies":"Blue Slaver","floor":14,"turns":2},{"damage":23,"enemies":"The Guardian","floor":16,"turns":15},{"damage":6,"enemies":"Chosen","floor":18,"turns":4},{"damage":0,"enemies":"3 Byrds","floor":20,"turns":1},{"damage":32,"enemies":"Shelled Parasite and Fungi","floor":21,"turns":5},{"damage":15,"enemies":"Gremlin Leader","floor":23,"turns":6},{"damage":14,"enemies":"Chosen and Byrds","floor":25,"turns":3},{"damage":20,"enemies":"Snecko","floor":29,"turns":3},{"damage":53,"enemies":"Masked Bandits","floor":30,"turns":4}],"seed_played":"4837719175346494377","potions_obtained":[{"floor":3,"key":"Regen Potion"},{"floor":6,"key":"SkillPotion"},{"floor":20,"key":"Poison Potion"},{"floor":21,"key":"EssenceOfSteel"}],"is_trial":false,"path_per_floor":["M","?","M","$","?","E","T","R","T","M","?","E","$","M","R","B",null,"M","$","M","M","?","E","R","M","T","R","?","M"],"character_chosen":"DEFECT","items_purchased":["Dream Catcher","Loop+1","Loop+1","Regen Potion","Skim"],"campfire_rested":4,"item_purchase_floors":[4,13,19,19,19],"current_hp_per_floor":[68,57,57,57,42,42,42,64,64,64,64,74,74,67,75,52,69,63,63,63,31,37,37,61,47,47,71,71,51,0],"gold":126,"neow_bonus":"THREE_ENEMY_KILL","is_prod":false,"is_daily":false,"chose_seed":false,"campfire_upgraded":0,"win_rate":0,"timestamp":1536231544,"path_taken":["M","?","M","$","?","E","?","R","T","M","?","E","$","M","R","BOSS","M","$","M","M","?","E","R","M","T","R","?","?","?"],"build_version":"2018-08-30","purchased_purges":0,"victory":false,"max_hp_per_floor":[75,75,75,75,75,75,75,75,75,75,75,75,75,75,75,75,75,75,75,75,75,81,81,81,81,81,81,81,81,81],"card_choices":[{"not_picked":["Turbo","Hologram"],"picked":"Redo","floor":1},{"not_picked":["Hologram","Leap"],"picked":"Redo","floor":3},{"not_picked":["Static Discharge","Beam Cell"],"picked":"Electrodynamics","floor":6},{"not_picked":["Ball Lightning","Streamline"],"picked":"Glacier","floor":10},{"not_picked":["Reboot","Reinforced Body"],"picked":"Buffer+1","floor":12},{"not_picked":["Beam Cell","Barrage","Go for the Eyes"],"picked":"SKIP","floor":14},{"not_picked":["Recycle","Beam Cell"],"picked":"Chaos","floor":15},{"not_picked":["Hyperbeam","Core Surge"],"picked":"Creative AI+1","floor":16},{"not_picked":["Recycle","Sweeping Beam"],"picked":"Storm+1","floor":18},{"not_picked":["Beam Cell","Tempest+1","Barrage"],"picked":"SKIP","floor":20},{"not_picked":["Barrage","Coolheaded","Melter"],"picked":"SKIP","floor":21},{"not_picked":["Leap","Sweeping Beam"],"picked":"Loop+1","floor":23},{"not_picked":["Scrape","Barrage"],"picked":"Chaos","floor":25},{"not_picked":["Steam Power","Seek"],"picked":"Storm+1","floor":27},{"not_picked":["Sunder+1","Turbo"],"picked":"Self Repair+1","floor":29}],"player_experience":686365,"relics_obtained":[{"floor":6,"key":"Darkstone Periapt"},{"floor":7,"key":"Frozen Egg 2"},{"floor":9,"key":"Oddly Smooth Stone"},{"floor":12,"key":"Whetstone"},{"floor":23,"key":"Meat on the Bone"},{"floor":26,"key":"Molten Egg 2"}],"event_choices":[{"event_name":"World of Goop","player_choice":"Gather Gold","floor":2,"damage_taken":0},{"event_name":"Shining Light","player_choice":"Entered Light","floor":5,"damage_taken":0},{"event_name":"Accursed Blacksmith","player_choice":"Forge","floor":11,"damage_taken":0},{"event_name":"Forgotten Altar","player_choice":"Smashed Altar","floor":22,"damage_taken":0},{"event_name":"Beggar","player_choice":"Ignored","floor":28,"damage_taken":0},{"event_name":"Masked Bandits","player_choice":"Fought Bandits","floor":30,"damage_taken":0}],"is_beta":false,"boss_relics":[{"not_picked":["Cursed Key","Philosopher\u0027s Stone"],"picked":"Nuclear Battery"}],"items_purged_floors":[],"is_endless":false,"potions_floor_spawned":[3,6,20,21],"killed_by":"Masked Bandits","ascension_level":12}