{"gold_per_floor":[110,185,185,204,204,221,221,256,256,256,256,256,270,117,117,117],"floor_reached":16,"playtime":296,"items_purged":["Defend_B"],"score":196,"play_id":"0f27b811-54b3-45e7-81db-9aa7303a7b02","local_time":"20190322152833","is_ascension_mode":true,"campfire_choices":[{"floor":7,"key":"REST"},{"data":"Coolheaded","floor":12,"key":"SMITH"},{"data":"Loop","floor":15,"key":"SMITH"}],"neow_cost":"NONE","seed_source_timestamp":247973002321400,"circlet_count":0,"master_deck":["AscendersBane","Strike_B","Strike_B","Strike_B","Strike_B","Defend_B","Defend_B","Defend_B","Zap+1","Dualcast+1","Streamline+1","Coolheaded+1","Cold Snap","Core Surge","Loop+1","Heatsinks"],"relics":["Cracked Core","PreservedInsect","Happy Flower","War Paint","Mummified Hand"],"potions_floor_usage":[8],"damage_taken":[{"damage":11,"enemies":"Small Slimes","floor":1,"turns":4},{"damage":12,"enemies":"Jaw Worm","floor":4,"turns":3},{"damage":11,"enemies":"2 Louse","floor":6,"turns":3},{"damage":6,"enemies":"Gremlin Nob","floor":8,"turns":3},{"damage":9,"enemies":"Blue Slaver","floor":13,"turns":3},{"damage":12,"enemies":"Hexaghost","floor":16,"turns":7}],"seed_played":"5487808993482207504","potions_obtained":[{"floor":6,"key":"GamblersBrew"}],"is_trial":false,"path_per_floor":["M","?","?","M","?","M","R","E","T","$","?","R","M","$","R","B"],"character_chosen":"DEFECT","items_purchased":["Heatsinks"],"campfire_rested":1,"item_purchase_floors":[14],"current_hp_per_floor":[53,42,42,30,19,8,29,23,23,23,23,23,14,14,14,2],"gold":117,"neow_bonus":"RANDOM_COMMON_RELIC","is_prod":false,"is_daily":false,"chose_seed":false,"campfire_upgraded":2,"win_rate":0,"timestamp":1553236113,"path_taken":["M","?","?","M","?","M","R","E","T","?","?","R","?","$","R","BOSS"],"build_version":"2019-01-23","purchased_purges":1,"victory":false,"max_hp_per_floor":[71,71,71,71,71,71,71,71,71,71,71,71,71,71,71,71],"card_choices":[{"not_picked":["Conserve Battery","Compile Driver"],"picked":"Streamline","floor":1},{"not_picked":["Rebound","Gash"],"picked":"Coolheaded","floor":4},{"not_picked":["Capacitor","Heatsinks"],"picked":"Cold Snap","floor":6},{"not_picked":["Go for the Eyes","Creative AI"],"picked":"Core Surge","floor":8},{"not_picked":["Auto Shields","Redo"],"picked":"Loop","floor":13}],"player_experience":2461616,"relics_obtained":[{"floor":8,"key":"War Paint"},{"floor":9,"key":"Mummified Hand"}],"event_choices":[{"damage_healed":0,"gold_gain":75,"player_choice":"Gather Gold","damage_taken":11,"max_hp_gain":0,"max_hp_loss":0,"event_name":"World of Goop","floor":2,"gold_loss":0},{"damage_healed":0,"gold_gain":0,"player_choice":"Ignored","damage_taken":0,"max_hp_gain":0,"max_hp_loss":0,"event_name":"Liars Game","floor":3,"gold_loss":0},{"damage_healed":0,"gold_gain":0,"player_choice":"Success","damage_taken":11,"relics_obtained":["Happy Flower"],"max_hp_gain":0,"max_hp_loss":0,"event_name":"Scrap Ooze","floor":5,"gold_loss":0},{"damage_healed":0,"gold_gain":0,"player_choice":"Grow","damage_taken":0,"max_hp_gain":0,"max_hp_loss":0,"event_name":"Living Wall","floor":11,"gold_loss":0,"cards_upgraded":["Streamline"]}],"is_beta":false,"boss_relics":[],"items_purged_floors":[14],"is_endless":false,"potions_floor_spawned":[6],"killed_by":"Hexaghost","ascension_level":20}