{"gold_per_floor":[118,3,3,23,43,43,61,61,61,74,74,74,101,1,1,102,102,117,134,134,54,54,54,69,82,82,82,96,96,113,113,113,113],"floor_reached":33,"playtime":1218,"items_purged":["Injury","Strike_R"],"score":371,"play_id":"3b00570d-a899-47a2-9bf5-8be9126839d6","local_time":"20190418230037","is_ascension_mode":true,"campfire_choices":[{"data":"Immolate","floor":6.0,"key":"SMITH"},{"data":"Bash","floor":8.0,"key":"SMITH"},{"data":"Shrug It Off","floor":12.0,"key":"SMITH"},{"data":"Combust","floor":15.0,"key":"SMITH"},{"data":"Barricade","floor":23.0,"key":"SMITH"},{"floor":27.0,"key":"REST"},{"floor":29.0,"key":"REST"},{"floor":32.0,"key":"REST"}],"neow_cost":"CURSE","seed_source_timestamp":11219192877100,"circlet_count":0,"master_deck":["Strike_R","Strike_R","Strike_R","Strike_R","Defend_R","Defend_R","Defend_R","Defend_R","Bash+1","Immolate+1","Thunderclap","Twin Strike","Headbutt","Shrug It Off+1","Pommel Strike","Body Slam","Barricade+1","Impervious","Juggernaut","Flame Barrier"],"special_seed":0,"relics":["Burning Blood","Paper Frog","Dodecahedron","Runic Cube","The Courier"],"potions_floor_usage":[33],"damage_taken":[{"damage":0.0,"enemies":"Small Slimes","floor":1.0,"turns":2.0},{"damage":4.0,"enemies":"Cultist","floor":4.0,"turns":3.0},{"damage":0.0,"enemies":"2 Louse","floor":5.0,"turns":1.0},{"damage":22.0,"enemies":"Large Slime","floor":7.0,"turns":3.0},{"damage":0.0,"enemies":"Exordium Thugs","floor":10.0,"turns":2.0},{"damage":7.0,"enemies":"3 Sentries","floor":13.0,"turns":4.0},{"damage":4.0,"enemies":"Slime Boss","floor":16.0,"turns":4.0},{"damage":28.0,"enemies":"Spheric Guardian","floor":18.0,"turns":4.0},{"damage":27.0,"enemies":"3 Byrds","floor":19.0,"turns":3.0},{"damage":24.0,"enemies":"Snake Plant","floor":24.0,"turns":3.0},{"damage":65.0,"enemies":"Shelled Parasite and Fungi","floor":25.0,"turns":9.0},{"damage":20.0,"enemies":"Cultist and Chosen","floor":28.0,"turns":5.0},{"damage":22.0,"enemies":"3 Cultists","floor":30.0,"turns":4.0},{"damage":74,"enemies":"Collector","floor":33,"turns":5}],"seed_played":"4560400260389421172","potions_obtained":[{"floor":7.0,"key":"Fruit Juice"},{"floor":13.0,"key":"Energy Potion"},{"floor":16.0,"key":"Dexterity Potion"},{"floor":18.0,"key":"FearPotion"},{"floor":19.0,"key":"LiquidBronze"},{"floor":30.0,"key":"Regen Potion"}],"is_trial":false,"path_per_floor":["M","$","?","M","M","R","M","R","T","M","$","R","E","$","R","B",null,"M","M","?","$","?","R","M","M","T","R","M","R","M","?","R","B"],"character_chosen":"IRONCLAD","items_purchased":["Combust","Impervious"],"campfire_rested":3,"item_purchase_floors":[2,21],"current_hp_per_floor":[80,80,80,80,80,80,69,69,69,75,75,75,74,74,74,76,83,61,40,40,40,85,85,67,8,8,33,19,44,28,28,53,0],"gold":113,"neow_bonus":"THREE_RARE_CARDS","is_prod":false,"is_daily":false,"chose_seed":false,"campfire_upgraded":5,"win_rate":0,"timestamp":1555596037,"path_taken":["M","$","?","M","M","R","M","R","T","M","$","R","E","$","R","BOSS","M","M","?","$","?","R","?","M","T","R","M","R","M","?","R","BOSS"],"build_version":"2019-01-23","purchased_purges":2,"victory":false,"max_hp_per_floor":[80,80,80,80,80,80,85,85,85,85,85,85,85,85,85,85,85,85,85,85,85,85,85,85,85,85,85,85,85,85,85,85,85],"card_choices":[{"not_picked":["Brutality","Reaper"],"picked":"Immolate","floor":0.0},{"not_picked":["Perfected Strike","Iron Wave"],"picked":"Thunderclap","floor":1.0},{"not_picked":["Warcry","Wild Strike"],"picked":"Twin Strike","floor":4.0},{"not_picked":["Iron Wave","Pummel"],"picked":"Headbutt","floor":5.0},{"not_picked":["Sever Soul","Dropkick"],"picked":"Shrug It Off","floor":7.0},{"not_picked":["Flex","Metallicize"],"picked":"Pommel Strike","floor":10.0},{"not_picked":["True Grit","Immolate"],"picked":"Body Slam","floor":13.0},{"not_picked":["Reaper","Immolate"],"picked":"Barricade","floor":16.0},{"not_picked":["Cleave","Anger","Thunderclap"],"picked":"SKIP","floor":18.0},{"not_picked":["Wild Strike","Sword Boomerang","Warcry+1"],"picked":"SKIP","floor":19.0},{"not_picked":["Clothesline","Infernal Blade","Headbutt"],"picked":"SKIP","floor":24.0},{"not_picked":["Heavy Blade","Flex"],"picked":"Juggernaut","floor":25.0},{"not_picked":["Cleave","Pommel Strike","Clothesline"],"picked":"SKIP","floor":28.0},{"not_picked":["Warcry","Rampage+1","Cleave"],"picked":"SKIP","floor":30.0}],"player_experience":299470,"relics_obtained":[{"floor":9.0,"key":"Paper Frog"},{"floor":13.0,"key":"Dodecahedron"},{"floor":26.0,"key":"The Courier"}],"event_choices":[{"damage_healed":0.0,"max_hp_gain":0.0,"max_hp_loss":0.0,"gold_gain":0.0,"event_name":"WeMeetAgain","player_choice":"Ignored","floor":3.0,"gold_loss":0.0,"damage_taken":0.0},{"damage_healed":0.0,"max_hp_gain":0.0,"max_hp_loss":0.0,"gold_gain":0.0,"event_name":"Vampires","player_choice":"Ignored","floor":20.0,"gold_loss":0.0,"damage_taken":0.0},{"cards_removed":["Combust"],"damage_healed":45.0,"max_hp_gain":0.0,"max_hp_loss":0.0,"gold_gain":0.0,"event_name":"Bonfire Elementals","player_choice":"Offered Uncommon","floor":22.0,"gold_loss":0.0,"damage_taken":0.0},{"damage_healed":0.0,"max_hp_gain":0.0,"max_hp_loss":0.0,"gold_gain":0.0,"event_name":"Match and Keep!","player_choice":"1 cards matched","floor":31.0,"gold_loss":0.0,"damage_taken":0.0,"cards_obtained":["Flame Barrier"]}],"is_beta":false,"boss_relics":[{"not_picked":["Runic Dome","Busted Crown"],"picked":"Runic Cube"}],"items_purged_floors":[2,14],"is_endless":false,"potions_floor_spawned":[7,13,16,18,19,30],"killed_by":"Collector","ascension_level":5}