{"gold_per_floor":[116,41,53,72,72,72,100,100,100,115,126,142,160,8,8,8],"floor_reached":16,"playtime":403,"items_purged":["Strike_R"],"score":208,"play_id":"0076f7cb-c0d6-4a76-a7a7-5d978152d263","local_time":"20190411202816","is_ascension_mode":true,"campfire_choices":[{"data":"Bash","floor":6,"key":"SMITH"},{"floor":8,"key":"REST"},{"floor":15,"key":"REST"}],"neow_cost":"NONE","seed_source_timestamp":412225882323800,"circlet_count":0,"master_deck":["AscendersBane","Strike_R","Strike_R","Strike_R","Defend_R","Defend_R","Defend_R","Defend_R","Bash+1","Cleave","Battle Trance","Juggernaut","Flame Barrier"],"relics":["Sozu","Kunai","Sundial"],"potions_floor_usage":[],"damage_taken":[{"damage":14,"enemies":"Small Slimes","floor":1,"turns":4},{"damage":1,"enemies":"Cultist","floor":3,"turns":4},{"damage":4,"enemies":"2 Louse","floor":4,"turns":3},{"damage":40,"enemies":"3 Sentries","floor":7,"turns":10},{"damage":1,"enemies":"2 Fungi Beasts","floor":10,"turns":3},{"damage":12,"enemies":"Lots of Slimes","floor":11,"turns":4},{"damage":6,"enemies":"Blue Slaver","floor":12,"turns":3},{"damage":6,"enemies":"Large Slime","floor":13,"turns":8},{"damage":0,"enemies":"The Guardian","floor":16,"turns":2}],"seed_played":"8508704633612188220","potions_obtained":[],"is_trial":false,"path_per_floor":["M","?","M","M","?","R","E","R","T","M","M","M","M","$","R","B"],"character_chosen":"IRONCLAD","items_purchased":["Flame Barrier"],"campfire_rested":2,"item_purchase_floors":[14],"current_hp_per_floor":[54,54,53,49,45,45,5,27,27,26,14,8,2,2,24,24],"gold":8,"neow_bonus":"BOSS_RELIC","is_prod":false,"is_daily":false,"chose_seed":false,"campfire_upgraded":1,"win_rate":0,"timestamp":1554982096,"path_taken":["M","?","M","M","?","R","E","R","T","M","M","M","?","$","R","BOSS"],"build_version":"2019-01-23","purchased_purges":1,"victory":false,"max_hp_per_floor":[75,75,75,75,75,75,75,75,75,75,75,75,75,75,75,75],"card_choices":[{"not_picked":["Iron Wave","Headbutt","Heavy Blade"],"picked":"SKIP","floor":1},{"not_picked":["Headbutt","Searing Blow","Flex"],"picked":"SKIP","floor":3},{"not_picked":["Iron Wave","Clothesline"],"picked":"Cleave","floor":4},{"not_picked":["Reckless Charge","Rage","Heavy Blade"],"picked":"SKIP","floor":7},{"not_picked":["Twin Strike","Clash","Berserk"],"picked":"SKIP","floor":10},{"not_picked":["Seeing Red","Pommel Strike","Rupture"],"picked":"SKIP","floor":11},{"not_picked":["Infernal Blade","Clothesline"],"picked":"Battle Trance","floor":12},{"not_picked":["Evolve","Havoc"],"picked":"Juggernaut","floor":13}],"player_experience":3062200,"relics_obtained":[{"floor":7,"key":"Kunai"},{"floor":9,"key":"Sundial"}],"event_choices":[{"cards_removed":["Strike_R"],"damage_healed":0,"gold_gain":0,"player_choice":"Card Removal","damage_taken":0,"max_hp_gain":0,"max_hp_loss":0,"event_name":"The Cleric","floor":2,"gold_loss":75},{"damage_healed":0,"gold_gain":0,"player_choice":"Bought 0 Potions","damage_taken":0,"max_hp_gain":0,"max_hp_loss":0,"event_name":"The Woman in Blue","floor":5,"gold_loss":0}],"is_beta":false,"boss_relics":[],"items_purged_floors":[14],"is_endless":false,"potions_floor_spawned":[3,10,11,12],"killed_by":"The Guardian","ascension_level":20}