{"gold_per_floor":[113,113,113,113,124,124,156,156,203,228,17,17,35,69,69,144,144,159,74,74,74,24,55,66,84,84,84,84,84,34,34],"floor_reached":31,"playtime":800,"items_purged":["Strike_R","Strike_R"],"score":634,"play_id":"6a01e97c-6966-4152-bac0-74c1a5120d0d","local_time":"20190420133246","is_ascension_mode":true,"campfire_choices":[{"data":"Armaments","floor":6,"key":"SMITH"},{"data":"Bash","floor":8,"key":"SMITH"},{"data":"Disarm","floor":12,"key":"SMITH"},{"data":"Rampage","floor":15,"key":"SMITH"},{"data":"Disarm","floor":27,"key":"SMITH"},{"data":"Feed","floor":29,"key":"SMITH"}],"neow_cost":"NONE","seed_source_timestamp":379789091134100,"circlet_count":0,"master_deck":["AscendersBane","Strike_R","Strike_R","Strike_R","Defend_R","Defend_R+1","Defend_R","Defend_R+1","Bash+1","Armaments+1","Disarm+1","Rampage+1","True Grit+1","Feed+1","Disarm+1"],"relics":["Burning Blood","NeowsBlessing","Singing Bowl","Pear","Bronze Scales","Art of War","Chemical X","Smiling Mask","Runic Pyramid","Juzu Bracelet","Dream Catcher"],"potions_floor_usage":[23,24],"damage_taken":[{"damage":0,"enemies":"Small Slimes","floor":1,"turns":1},{"damage":0,"enemies":"Jaw Worm","floor":5,"turns":1},{"damage":0,"enemies":"Lagavulin","floor":7,"turns":1},{"damage":36,"enemies":"3 Sentries","floor":10,"turns":10},{"damage":0,"enemies":"Cultist","floor":13,"turns":3},{"damage":14,"enemies":"Lagavulin","floor":14,"turns":8},{"damage":20,"enemies":"The Guardian","floor":16,"turns":12},{"damage":7,"enemies":"Chosen","floor":18,"turns":6},{"damage":2,"enemies":"Book of Stabbing","floor":23,"turns":7},{"damage":25,"enemies":"2 Thieves","floor":24,"turns":5},{"damage":7,"enemies":"Snecko","floor":25,"turns":6},{"damage":42,"enemies":"Slavers","floor":31,"turns":3}],"seed_played":"6022765197615259848","potions_obtained":[{"floor":10,"key":"Explosive Potion"},{"floor":16,"key":"LiquidBronze"},{"floor":23,"key":"Dexterity Potion"}],"is_trial":false,"path_per_floor":["M","?","T","$","M","R","E","R","T","E","$","R","M","E","R","B",null,"M","?","?","?","$","E","M","M","T","R","$","R","$","E"],"character_chosen":"IRONCLAD","items_purchased":["Chemical X"],"campfire_rested":0,"item_purchase_floors":[11],"current_hp_per_floor":[74,51,51,51,57,57,73,73,73,43,43,43,51,43,43,29,73,78,78,78,78,78,88,75,80,80,80,80,80,80,38],"gold":34,"neow_bonus":"THREE_ENEMY_KILL","is_prod":false,"is_daily":false,"chose_seed":false,"campfire_upgraded":6,"win_rate":0,"timestamp":1555734766,"path_taken":["M","?","?","?","M","R","E","R","T","E","$","R","?","E","R","BOSS","M","?","?","?","$","E","M","M","T","R","?","R","$","E"],"build_version":"2019-01-23","purchased_purges":2,"victory":false,"max_hp_per_floor":[75,75,75,75,75,75,85,85,85,85,85,85,87,87,87,87,87,93,93,93,93,93,99,105,111,111,111,111,111,111,111],"card_choices":[{"not_picked":["Cleave","Body Slam","Havoc"],"picked":"SKIP","floor":1},{"not_picked":["Cleave","Ghostly Armor"],"picked":"Armaments","floor":5},{"not_picked":["Armaments","Flex"],"picked":"Disarm","floor":7},{"not_picked":["Bloodletting","Dropkick"],"picked":"Rampage","floor":10},{"not_picked":["Rampage","Clothesline","Perfected Strike"],"picked":"Singing Bowl","floor":13},{"not_picked":["Brutality","Headbutt"],"picked":"True Grit","floor":14},{"not_picked":["Limit Break","Double Tap"],"picked":"Feed","floor":16},{"not_picked":["Intimidate","Sever Soul","Ghostly Armor"],"picked":"Singing Bowl","floor":18},{"not_picked":["Burning Pact","Body Slam","Perfected Strike"],"picked":"Singing Bowl","floor":23},{"not_picked":["Twin Strike","Body Slam","Warcry"],"picked":"Singing Bowl","floor":24},{"not_picked":["Twin Strike","Uppercut","Rage"],"picked":"Singing Bowl","floor":25}],"player_experience":3245442,"relics_obtained":[{"floor":3,"key":"Singing Bowl"},{"floor":7,"key":"Pear"},{"floor":9,"key":"Bronze Scales"},{"floor":10,"key":"Art of War"},{"floor":14,"key":"Smiling Mask"},{"floor":23,"key":"Dream Catcher"}],"event_choices":[{"damage_healed":0,"gold_gain":0,"player_choice":"Entered Light","damage_taken":23,"max_hp_gain":0,"max_hp_loss":0,"event_name":"Shining Light","floor":2,"gold_loss":0,"cards_upgraded":["Defend_R","Defend_R"]},{"damage_healed":0,"gold_gain":0,"player_choice":"Obtained Relic","damage_taken":0,"relics_obtained":["Juzu Bracelet"],"max_hp_gain":0,"max_hp_loss":0,"event_name":"Addict","floor":19,"gold_loss":85},{"damage_healed":0,"gold_gain":0,"player_choice":"Read","damage_taken":0,"max_hp_gain":0,"max_hp_loss":0,"event_name":"The Library","floor":20,"gold_loss":0,"cards_obtained":["Disarm"]},{"damage_healed":0,"gold_gain":0,"player_choice":"Upgraded","damage_taken":0,"max_hp_gain":0,"max_hp_loss":0,"event_name":"Upgrade Shrine","floor":21,"gold_loss":0,"cards_upgraded":["True Grit"]}],"is_beta":false,"boss_relics":[{"not_picked":["Snecko Eye","Tiny House"],"picked":"Runic Pyramid"}],"items_purged_floors":[22,30],"is_endless":false,"potions_floor_spawned":[10,16,18,23],"killed_by":"Slavers","ascension_level":20}