{"gold_per_floor":[110,54,129,129,129,141,186,198,210,238,250,232,282,317,329,440,452,478,490,502,539,551,596,608,635,670,696,726,738,765,820,832,939,951,979,991,263,328,13,13,138,138,138,138,173,193,193,206,206,206,206,206,206,114,147,147],"floor_reached":57,"playtime":2306,"items_purged":["Strike_B","Strike_B"],"score":2848,"play_id":"395fef88-ac5d-4479-a2c8-558d48954bfc","local_time":"20190329120356","is_ascension_mode":true,"campfire_choices":[{"floor":6.0,"key":"REST"},{"data":"Consume","floor":15.0,"key":"SMITH"},{"floor":24.0,"key":"REST"},{"data":"Darkness","floor":29.0,"key":"SMITH"},{"floor":32.0,"key":"REST"},{"floor":40.0,"key":"REST"},{"floor":42.0,"key":"RECALL"},{"data":"Apotheosis","floor":44.0,"key":"SMITH"},{"data":"Discovery","floor":49.0,"key":"SMITH"},{"data":"Reboot","floor":53.0,"key":"SMITH"}],"neow_cost":"NONE","seed_source_timestamp":1307253052200,"circlet_count":0,"master_deck":["AscendersBane","Strike_B","Defend_B","Defend_B","Zap","Dualcast","Conserve Battery","Coolheaded","Consume+1","Self Repair+1","Darkness+1","Echo Form+1","Lockon","Loop+1","Chill","Conserve Battery","Reboot+1","Turbo+1","Electrodynamics+1","Coolheaded","Apotheosis+1","Blizzard+1","Discovery+1","Glacier","Coolheaded","Core Surge","Capacitor+1","Core Surge"],"special_seed":0,"relics":["Cracked Core","NeowsBlessing","Golden Idol","MawBank","Incense Burner","Frozen Egg 2","Happy Flower","Runic Dome","Emotion Chip","Strawberry","Ancient Tea Set","Orichalcum","Black Star","Gremlin Horn","Bottled Tornado","Cables","Nunchaku","Membership Card","Calipers","Vajra","Omamori","Bottled Lightning","Turnip"],"potions_floor_usage":[56,56],"damage_taken":[{"damage":0.0,"enemies":"Cultist","floor":1.0,"turns":1.0},{"damage":0.0,"enemies":"Gremlin Nob","floor":7.0,"turns":1.0},{"damage":0.0,"enemies":"Small Slimes","floor":10.0,"turns":1.0},{"damage":20.0,"enemies":"Lagavulin","floor":13.0,"turns":9.0},{"damage":14.0,"enemies":"2 Louse","floor":14.0,"turns":6.0},{"damage":10.0,"enemies":"Hexaghost","floor":16.0,"turns":9.0},{"damage":17.0,"enemies":"Shell Parasite","floor":18.0,"turns":7.0},{"damage":8.0,"enemies":"Chosen","floor":21.0,"turns":9.0},{"damage":41.0,"enemies":"Gremlin Leader","floor":23.0,"turns":10.0},{"damage":31.0,"enemies":"Snake Plant","floor":25.0,"turns":3.0},{"damage":25.0,"enemies":"Centurion and Healer","floor":27.0,"turns":8.0},{"damage":31.0,"enemies":"3 Cultists","floor":28.0,"turns":6.0},{"damage":11.0,"enemies":"Cultist and Chosen","floor":30.0,"turns":9.0},{"damage":32.0,"enemies":"Slavers","floor":31.0,"turns":5.0},{"damage":9.0,"enemies":"Collector","floor":33.0,"turns":9.0},{"damage":25.0,"enemies":"Orb Walker","floor":35.0,"turns":5.0},{"damage":61.0,"enemies":"2 Orb Walkers","floor":38.0,"turns":5.0},{"damage":0.0,"enemies":"Mind Bloom Boss Battle","floor":41.0,"turns":6.0},{"damage":10.0,"enemies":"Reptomancer","floor":45.0,"turns":6.0},{"damage":0.0,"enemies":"3 Shapes","floor":46.0,"turns":3.0},{"damage":28.0,"enemies":"Jaw Worm Horde","floor":48.0,"turns":3.0},{"damage":0.0,"enemies":"Awakened One","floor":50.0,"turns":12.0},{"damage":4.0,"enemies":"Time Eater","floor":51.0,"turns":22.0},{"damage":46.0,"enemies":"Shield and Spear","floor":55.0,"turns":13.0},{"damage":20,"enemies":"The Heart","floor":56,"turns":10}],"seed_played":"185836983717211726","potions_obtained":[{"floor":7.0,"key":"Swift Potion"},{"floor":8.0,"key":"SkillPotion"},{"floor":12.0,"key":"Fruit Juice"},{"floor":12.0,"key":"FocusPotion"},{"floor":16.0,"key":"LiquidBronze"},{"floor":23.0,"key":"Swift Potion"},{"floor":25.0,"key":"Weak Potion"},{"floor":31.0,"key":"GamblersBrew"},{"floor":35.0,"key":"Explosive Potion"},{"floor":45.0,"key":"PowerPotion"}],"is_trial":false,"path_per_floor":["M","$","?","?","?","R","E","?","T","M","?","?","E","M","R","B",null,"M","?","?","M","?","E","R","M","T","M","M","R","M","E","R","B",null,"M","T","$","?","$","R","?","R","T","R","E","M","?","M","R","B","B",null,"R","$","E","B",null],"character_chosen":"DEFECT","items_purchased":["Coolheaded","Bottled Tornado","Cables","Apotheosis","Membership Card","Discovery","Capacitor+1"],"campfire_rested":4,"item_purchase_floors":[2,37,37,37,39,39,54],"current_hp_per_floor":[64,64,53,29,24,45,45,45,45,45,45,50,40,36,36,36,66,69,69,69,76,76,52,76,55,55,50,29,29,38,6,30,31,70,65,65,65,24,24,48,68,68,68,68,78,83,83,75,75,83,83,83,83,83,57,47],"gold":147,"neow_bonus":"THREE_ENEMY_KILL","is_prod":false,"is_daily":false,"chose_seed":false,"campfire_upgraded":5,"win_rate":0,"timestamp":1553828636,"path_taken":["M","$","?","?","?","R","E","?","T","?","?","?","E","?","R","BOSS","M","?","?","M","?","E","R","?","T","?","M","R","M","E","R","BOSS","M","?","$","?","$","R","?","R","T","R","E","M","?","M","R","BOSS","BOSS","R","$","E","BOSS"],"build_version":"2019-01-23","purchased_purges":2,"victory":true,"max_hp_per_floor":[71,71,71,71,71,71,71,71,71,71,71,76,76,76,76,76,76,76,76,76,76,76,83,83,83,83,83,83,83,83,83,83,83,83,83,83,83,83,83,83,83,83,83,83,83,83,83,83,83,83,83,83,83,83,83,83],"card_choices":[{"not_picked":["Gash","Steam"],"picked":"Conserve Battery","floor":1.0},{"not_picked":["Scrape","Fission"],"picked":"Consume","floor":7.0},{"not_picked":["Streamline","BootSequence"],"picked":"Self Repair+1","floor":10.0},{"not_picked":["Fission","Steam"],"picked":"Darkness","floor":13.0},{"not_picked":["Redo","Stack","Force Field"],"picked":"SKIP","floor":14.0},{"not_picked":["Amplify","Biased Cognition+1"],"picked":"Echo Form+1","floor":16.0},{"not_picked":["Conserve Battery","Steam"],"picked":"Lockon","floor":18.0},{"not_picked":["Hologram","Steam"],"picked":"Cold Snap+1","floor":21.0},{"not_picked":["Meteor Strike","Steam","Sweeping Beam"],"picked":"SKIP","floor":23.0},{"not_picked":["Blizzard","Force Field"],"picked":"Chill","floor":25.0},{"not_picked":["Steam","Hologram"],"picked":"Conserve Battery","floor":27.0},{"not_picked":["Doom and Gloom","Redo","Beam Cell"],"picked":"SKIP","floor":28.0},{"not_picked":["Coolheaded","Conserve Battery"],"picked":"Reboot","floor":30.0},{"not_picked":["Stack","Skim"],"picked":"Turbo+1","floor":31.0},{"not_picked":["Hyperbeam","Seek"],"picked":"Electrodynamics+1","floor":33.0},{"not_picked":["Rebound","Go for the Eyes"],"picked":"Coolheaded","floor":35.0},{"not_picked":["Ball Lightning+1","Cold Snap+1"],"picked":"Blizzard+1","floor":38.0},{"not_picked":["Storm+1","Coolheaded"],"picked":"Glacier","floor":41.0},{"not_picked":["Barrage","Sweeping Beam","Meteor Strike"],"picked":"SKIP","floor":45.0},{"not_picked":["Cold Snap","Compile Driver"],"picked":"Coolheaded","floor":46.0},{"not_picked":["Barrage+1","Fusion","Leap"],"picked":"SKIP","floor":48.0},{"not_picked":["Rebound","Sweeping Beam"],"picked":"Core Surge","floor":55.0}],"player_experience":2696418,"relics_obtained":[{"floor":7.0,"key":"Incense Burner"},{"floor":9.0,"key":"Frozen Egg 2"},{"floor":13.0,"key":"Happy Flower"},{"floor":23.0,"key":"Strawberry"},{"floor":26.0,"key":"Ancient Tea Set"},{"floor":31.0,"key":"Orichalcum"},{"floor":36.0,"key":"Gremlin Horn"},{"floor":38.0,"key":"Nunchaku"},{"floor":41.0,"key":"Calipers"},{"floor":45.0,"key":"Vajra"},{"floor":45.0,"key":"Omamori"},{"floor":55.0,"key":"Bottled Lightning"},{"floor":55.0,"key":"Turnip"}],"event_choices":[{"damage_healed":0.0,"max_hp_gain":0.0,"max_hp_loss":0.0,"gold_gain":75.0,"event_name":"World of Goop","player_choice":"Gather Gold","floor":3.0,"gold_loss":0.0,"damage_taken":11.0},{"damage_healed":0.0,"max_hp_gain":0.0,"max_hp_loss":0.0,"gold_gain":0.0,"event_name":"Golden Idol","player_choice":"Take Damage","floor":4.0,"gold_loss":0.0,"damage_taken":24.0,"relics_obtained":["Golden Idol"]},{"damage_healed":0.0,"max_hp_gain":0.0,"max_hp_loss":0.0,"gold_gain":0.0,"event_name":"Scrap Ooze","player_choice":"Success","floor":5.0,"gold_loss":0.0,"damage_taken":5.0,"relics_obtained":["MawBank"]},{"damage_healed":0.0,"max_hp_gain":0.0,"max_hp_loss":0.0,"gold_gain":0.0,"event_name":"Lab","player_choice":"Got Potions","floor":8.0,"gold_loss":0.0,"damage_taken":0.0},{"cards_removed":["Defend_B"],"damage_healed":0.0,"max_hp_gain":0.0,"max_hp_loss":0.0,"gold_gain":0.0,"event_name":"Living Wall","player_choice":"Forget","floor":11.0,"gold_loss":0.0,"damage_taken":0.0},{"damage_healed":0.0,"max_hp_gain":0.0,"max_hp_loss":0.0,"gold_gain":0.0,"event_name":"The Woman in Blue","player_choice":"Bought 2 Potions","floor":12.0,"gold_loss":0.0,"damage_taken":0.0},{"cards_removed":["Defend_B"],"damage_healed":0.0,"max_hp_gain":0.0,"max_hp_loss":0.0,"gold_gain":0.0,"event_name":"Back to Basics","player_choice":"Elegance","floor":19.0,"gold_loss":0.0,"damage_taken":0.0},{"damage_healed":0.0,"max_hp_gain":0.0,"max_hp_loss":0.0,"gold_gain":0.0,"event_name":"The Library","player_choice":"Read","floor":20.0,"gold_loss":0.0,"damage_taken":0.0,"cards_obtained":["Loop"]},{"cards_removed":["Cold Snap"],"damage_healed":0.0,"max_hp_gain":0.0,"max_hp_loss":0.0,"gold_gain":0.0,"event_name":"WeMeetAgain","player_choice":"Gave Card","floor":22.0,"gold_loss":0.0,"damage_taken":0.0,"relics_obtained":["Emotion Chip"]},{"damage_healed":0.0,"max_hp_gain":0.0,"max_hp_loss":0.0,"gold_gain":0.0,"event_name":"Mysterious Sphere","player_choice":"Fight","floor":38.0,"gold_loss":0.0,"damage_taken":0.0},{"damage_healed":0.0,"max_hp_gain":0.0,"max_hp_loss":0.0,"gold_gain":0.0,"event_name":"MindBloom","player_choice":"Fight","floor":41.0,"gold_loss":0.0,"damage_taken":0.0},{"damage_healed":0.0,"max_hp_gain":0.0,"max_hp_loss":0.0,"gold_gain":0.0,"cards_transformed":["Strike_B"],"event_name":"Transmorgrifier","player_choice":"Transformed","floor":47.0,"gold_loss":0.0,"damage_taken":0.0,"cards_obtained":["Core Surge"]}],"is_beta":false,"boss_relics":[{"not_picked":["White Beast Statue","Pandora\u0027s Box"],"picked":"Runic Dome"},{"not_picked":["Runic Pyramid","FrozenCore"],"picked":"Black Star"}],"items_purged_floors":[39,54],"is_endless":false,"potions_floor_spawned":[7,16,23,25,28,31,35,45,46],"ascension_level":20}