{"path_per_floor":["M","?","M","M","?","E","M","E","T","E","?","M","M","$","R","B",null,"M","?","?","$","M","E","R","E","T","R","M","$","R","E","R","B",null,"M","M","?","M","?","R","E","R","T","E","M","M","M","M","R"],"character_chosen":"IRONCLAD","items_purchased":["Apotheosis","Metallicize"],"gold_per_floor":[109,109,122,138,138,172,183,212,264,294,314,326,337,82,82,180,180,180,180,180,80,80,80,80,80,80,80,80,11,11,11,11,11,11,11,11,11,11,11,11,11,11,11,11,11,11,11,11,11,11],"floor_reached":50,"campfire_rested":0,"playtime":3053,"current_hp_per_floor":[77,77,77,66,50,28,33,31,31,24,36,56,51,51,51,47,72,50,50,35,35,42,47,47,54,54,54,65,65,65,55,55,64,80,73,70,59,74,74,74,83,83,83,85,85,58,56,59,59,0],"items_purged":["Strike_R","Defend_R"],"gold":11,"score":911,"play_id":"624986c9-7a3e-406d-8c52-d11a23a34e09","local_time":"20180411232148","is_prod":false,"is_daily":false,"chose_seed":false,"is_ascension_mode":true,"campfire_upgraded":4,"timestamp":1523460108,"path_taken":["M","?","M","M","?","E","?","E","T","E","?","M","M","$","R","BOSS","M","?","?","$","M","E","R","E","T","R","M","$","R","E","R","BOSS","M","M","?","?","?","R","E","R","T","E","M","M","M","M","R","BOSS"],"build_version":"2018-04-10","seed_source_timestamp":1414121431454760,"purchased_purges":2,"victory":false,"master_deck":["Strike_R+1","Strike_R","Strike_R","Strike_R+1","Defend_R","Defend_R","Bash","AscendersBane","Reaper","Burning Pact","Seeing Red","Berserk","Thunderclap","Bloodletting","Headbutt","Pommel Strike","Inflame+1","Apotheosis+1","Reaper","Disarm","Spot Weakness+1","Dark Embrace","Metallicize+1","Sword Boomerang+1","Offering+1","Heavy Blade+1","Clash","Madness","Madness","Limit Break+1","Clash+1","Heavy Blade","Evolve"],"max_hp_per_floor":[80,80,80,80,80,80,80,80,80,80,80,80,80,80,80,80,80,80,80,85,85,85,85,85,85,85,85,85,85,85,85,85,85,85,85,85,85,85,85,85,85,85,85,85,85,85,85,85,85,85],"relics":["Black Blood","Meat on the Bone","Regal Pillow","Pen Nib","Letter Opener","Odd Mushroom","Ectoplasm","Art of War","Shovel","Bronze Scales","Shuriken","Vajra","Kunai","Bag of Preparation","Ancient Tea Set","Smiling Mask","Dodecahedron","Prayer Wheel"],"card_choices":[{"not_picked":["Clothesline","Infernal Blade"],"picked":"Burning Pact","floor":3},{"not_picked":["Havoc","Cleave"],"picked":"Seeing Red","floor":4},{"not_picked":["Evolve","Blood for Blood"],"picked":"Berserk","floor":6},{"not_picked":["Pommel Strike","Power Through"],"picked":"Thunderclap","floor":7},{"not_picked":["Dual Wield","Blood for Blood"],"picked":"Bloodletting","floor":8},{"not_picked":["Seeing Red","Thunderclap"],"picked":"Headbutt","floor":10},{"not_picked":["Thunderclap","Reckless Charge"],"picked":"Pommel Strike","floor":11},{"not_picked":["Warcry","Shrug It Off"],"picked":"Inflame","floor":12},{"not_picked":["Fiend Fire","Barricade"],"picked":"Reaper","floor":16},{"not_picked":["Evolve","Havoc"],"picked":"Disarm","floor":18},{"not_picked":["Body Slam","Power Through"],"picked":"Spot Weakness","floor":22},{"not_picked":["Combust","True Grit"],"picked":"Dark Embrace","floor":25},{"not_picked":["Inflame","Blood for Blood"],"picked":"Sword Boomerang","floor":31},{"not_picked":["Double Tap","Impervious"],"picked":"Offering","floor":33},{"not_picked":["Sword Boomerang","Pommel Strike"],"picked":"Heavy Blade","floor":35},{"not_picked":["Sword Boomerang","Dual Wield"],"picked":"Clash","floor":36},{"not_picked":["Thunderclap","Pommel Strike"],"picked":"Limit Break","floor":41},{"not_picked":["Cleave","Clothesline"],"picked":"Clash","floor":44},{"not_picked":["Reckless Charge","Seeing Red"],"picked":"Heavy Blade","floor":46},{"not_picked":["Body Slam","Power Through"],"picked":"Evolve","floor":48}],"player_experience":271818,"potions_floor_usage":[6,10,11,23,25,33,33,38,46,47,50],"damage_taken":[{"damage":9,"enemies":"2 Louse","floor":1,"turns":3},{"damage":6,"enemies":"Cultist","floor":3,"turns":4},{"damage":21,"enemies":"Jaw Worm","floor":4,"turns":4},{"damage":28,"enemies":"Gremlin Nob","floor":6,"turns":5},{"damage":25,"enemies":"3 Louse","floor":7,"turns":4},{"damage":34,"enemies":"3 Sentries","floor":8,"turns":7},{"damage":29,"enemies":"Gremlin Nob","floor":10,"turns":4},{"damage":21,"enemies":"The Mushroom Lair","floor":11,"turns":3},{"damage":10,"enemies":"Large Slime","floor":12,"turns":6},{"damage":23,"enemies":"Red Slaver","floor":13,"turns":3},{"damage":22,"enemies":"Slime Boss","floor":16,"turns":5},{"damage":28,"enemies":"Spheric Guardian","floor":18,"turns":4},{"damage":29,"enemies":"3 Byrds","floor":22,"turns":5},{"damage":49,"enemies":"Slavers","floor":23,"turns":4},{"damage":44,"enemies":"Gremlin Leader","floor":25,"turns":7},{"damage":18,"enemies":"Snecko","floor":28,"turns":3},{"damage":28,"enemies":"Book of Stabbing","floor":31,"turns":4},{"damage":49,"enemies":"Collector","floor":33,"turns":8},{"damage":49,"enemies":"3 Shapes","floor":35,"turns":4},{"damage":13,"enemies":"Flame Bruiser 1 Orb","floor":36,"turns":3},{"damage":14,"enemies":"Maw","floor":38,"turns":5},{"damage":13,"enemies":"Giant Head","floor":41,"turns":5},{"damage":39,"enemies":"2 Orb Walkers","floor":44,"turns":4},{"damage":4,"enemies":"Flame Bruiser 2 Orb","floor":45,"turns":1},{"damage":55,"enemies":"3 Darklings","floor":46,"turns":3},{"damage":44,"enemies":"4 Shapes","floor":47,"turns":3},{"damage":25,"enemies":"Maw","floor":48,"turns":3},{"damage":59,"enemies":"Donu and Deca","floor":50,"turns":3}],"event_choices":[{"event_name":"The Woman in Blue","player_choice":"Bought 0 Potions","floor":2,"damage_taken":0},{"event_name":"Shining Light","player_choice":"Entered Light","floor":5,"damage_taken":0},{"event_name":"Mushrooms","player_choice":"Fought Mushrooms","floor":11,"damage_taken":0},{"event_name":"Bonfire Elementals","player_choice":"BASIC","floor":19,"damage_taken":0},{"event_name":"Forgotten Altar","player_choice":"Shed Blood","floor":20,"damage_taken":0},{"event_name":"Winding Halls","player_choice":"Embrace Madness","floor":37,"damage_taken":0},{"event_name":"Upgrade Shrine","player_choice":"Upgraded","floor":39,"damage_taken":0}],"boss_relics":[{"not_picked":["Runic Pyramid","White Beast Statue"],"picked":"Ectoplasm"},{"not_picked":["Sozu","Cursed Key"],"picked":"Black Blood"}],"potions_floor_spawned":[3,8,10,12,13,16,23,25,31,33,36,38,45,48],"seed_played":"8078784211984958656","killed_by":"Donu and Deca","ascension_level":10,"is_trial":false}