{"gold_per_floor":[113,113,38,55,55,55,55,55,55,6,6,37,54,72,72,177,177,195,213,213,248,248,248,248],"floor_reached":24,"playtime":1093,"items_purged":["Regret"],"score":278,"play_id":"4fbbf5ef-0105-4660-8c15-d9e9e325681f","local_time":"20180731201330","is_ascension_mode":true,"campfire_choices":[{"floor":6.0,"key":"REST"},{"floor":8.0,"key":"REST"},{"floor":15.0,"key":"REST"},{"floor":23,"key":"REST"}],"neow_cost":"NONE","seed_source_timestamp":780551639208777,"circlet_count":0,"master_deck":["Zap","Dualcast","Ball Lightning","Capacitor+1","FTL","Cold Snap","BootSequence","Echo Form","Scrape","Lockon","Melter","Loop","Storm","Stack","Coolheaded","Leap","Self Repair","Heatsinks"],"special_seed":0,"relics":["Cracked Core","Juzu Bracelet","Ginger","Incense Burner","Girya","Turnip","Pandora\u0027s Box","Red Mask"],"potions_floor_usage":[21,21],"damage_taken":[{"damage":4.0,"enemies":"Jaw Worm","floor":1.0,"turns":4.0},{"damage":3.0,"enemies":"Small Slimes","floor":4.0,"turns":3.0},{"damage":32.0,"enemies":"Gremlin Nob","floor":12.0,"turns":5.0},{"damage":0.0,"enemies":"Cultist","floor":13.0,"turns":3.0},{"damage":4.0,"enemies":"2 Fungi Beasts","floor":14.0,"turns":5.0},{"damage":16.0,"enemies":"Hexaghost","floor":16.0,"turns":11.0},{"damage":19.0,"enemies":"2 Thieves","floor":18.0,"turns":5.0},{"damage":24.0,"enemies":"3 Byrds","floor":19.0,"turns":4.0},{"damage":35,"floor":21,"turns":4},{"damage":32,"enemies":"Book of Stabbing","floor":24,"turns":5}],"seed_played":"1613125562002777753","potions_obtained":[{"floor":13.0,"key":"Regen Potion"},{"floor":14.0,"key":"Energy Potion"},{"floor":19.0,"key":"SteroidPotion"}],"is_trial":false,"path_per_floor":["M","?","$","M","?","R","?","R","T","$","?","E","M","M","R","B",null,"M","M","?","?","?","R"],"character_chosen":"DEFECT","items_purchased":["Explosive Potion"],"campfire_rested":4,"item_purchase_floors":[10],"current_hp_per_floor":[64,64,64,61,58,75,60,75,75,75,75,43,43,39,61,45,68,58,41,41,6,6,28,0],"gold":248,"neow_bonus":"RANDOM_COMMON_RELIC","is_prod":false,"is_daily":false,"chose_seed":false,"campfire_upgraded":0,"win_rate":0,"timestamp":1533057210,"path_taken":["M","?","$","M","?","R","?","R","T","$","?","E","M","M","R","BOSS","M","M","?","?","?","R","E"],"build_version":"2018-07-26","purchased_purges":1,"victory":false,"max_hp_per_floor":[75,75,75,75,75,75,75,75,75,75,75,75,75,75,75,75,75,75,75,75,75,75,75,75],"card_choices":[{"not_picked":["Leap","Gash"],"picked":"Ball Lightning","floor":1.0},{"not_picked":["Streamline","Blizzard"],"picked":"Capacitor","floor":4.0},{"not_picked":["Glacier","Tempest"],"picked":"FTL","floor":12.0},{"not_picked":["Turbo","Core Surge"],"picked":"Cold Snap","floor":13.0},{"not_picked":["Sweeping Beam","Stack"],"picked":"BootSequence","floor":14.0},{"not_picked":["Rainbow","Core Surge"],"picked":"Echo Form","floor":16.0},{"not_picked":["Beam Cell","Gash+1"],"picked":"Self Repair","floor":18.0},{"not_picked":["Steam Power","Compile Driver"],"picked":"Heatsinks","floor":19.0}],"player_experience":619107,"relics_obtained":[{"floor":9.0,"key":"Girya"},{"floor":12.0,"key":"Turnip"},{"floor":21,"key":"Red Mask"}],"event_choices":[{"event_name":"Big Fish","player_choice":"Box","floor":2.0,"damage_taken":0.0},{"event_name":"Scrap Ooze","player_choice":"success","floor":5.0,"damage_taken":3.0},{"event_name":"Shining Light","player_choice":"Entered Light","floor":7.0,"damage_taken":0.0},{"event_name":"The Cleric","player_choice":"Leave","floor":11.0,"damage_taken":0.0},{"event_name":"Drug Dealer","player_choice":"Ignored","floor":20.0,"damage_taken":0.0},{"event_name":"Masked Bandits","player_choice":"Fought over 213 gold","floor":21,"damage_taken":0},{"event_name":"Back to Basics","player_choice":"Simplicity","floor":22,"damage_taken":0}],"is_beta":false,"boss_relics":[{"not_picked":["Busted Crown","Velvet Choker"],"picked":"Pandora\u0027s Box"}],"items_purged_floors":[3],"is_endless":false,"potions_floor_spawned":[13,14,16,19],"killed_by":"Book of Stabbing","ascension_level":9}