{"gold_per_floor":[113,113,131,151,44,44,76,89,115,30,30,30,63,9,9,87,87,106,16,16,29,46,46,65,81,132,132,146,146],"floor_reached":29,"playtime":1925,"items_purged":[],"score":458,"play_id":"95f60a1a-ee71-488f-aea7-167de5a24be8","local_time":"20190416190533","is_ascension_mode":true,"campfire_choices":[{"data":"Sunder","floor":6.0,"key":"SMITH"},{"floor":12.0,"key":"REST"},{"floor":15,"key":"REST"},{"floor":23,"key":"REST"},{"floor":27,"key":"REST"}],"neow_cost":"NONE","seed_source_timestamp":436177588246592,"circlet_count":0,"master_deck":["AscendersBane","Strike_B+1","Strike_B+1","Strike_B+1","Strike_B+1","Defend_B+1","Defend_B+1","Defend_B+1","Zap+1","Dualcast+1","Sunder+1","Conserve Battery","Streamline","Ball Lightning","Cold Snap","Fusion","Static Discharge+1","Stack","Buffer","Heatsinks","Chill","Darkness","Force Field","Amplify","Leap"],"special_seed":0,"relics":["Cracked Core","Blood Vial","Bronze Scales","War Paint","Omamori","Cursed Key","DataDisk"],"potions_floor_usage":[18,21,25,28],"damage_taken":[{"damage":4.0,"enemies":"2 Louse","floor":1.0,"turns":3.0},{"damage":1.0,"enemies":"Cultist","floor":3.0,"turns":3.0},{"damage":0.0,"enemies":"Small Slimes","floor":4.0,"turns":2.0},{"damage":8.0,"enemies":"3 Sentries","floor":7.0,"turns":4.0},{"damage":9.0,"enemies":"Blue Slaver","floor":8.0,"turns":3.0},{"damage":29,"enemies":"Gremlin Nob","floor":13,"turns":3},{"damage":21,"enemies":"The Guardian","floor":16,"turns":8},{"damage":20,"enemies":"Shell Parasite","floor":18,"turns":3},{"damage":17,"enemies":"2 Thieves","floor":21,"turns":3},{"damage":29,"enemies":"Shelled Parasite and Fungi","floor":22,"turns":5},{"damage":14,"enemies":"Snake Plant","floor":24,"turns":3},{"damage":17,"enemies":"Cultist and Chosen","floor":25,"turns":5},{"damage":41,"enemies":"Shelled Parasite and Fungi","floor":28,"turns":6},{"damage":0,"enemies":"Centurion and Healer","floor":29,"turns":1}],"seed_played":"-4338090537340230866","potions_obtained":[{"floor":4.0,"key":"Explosive Potion"},{"floor":13,"key":"AttackPotion"},{"floor":18,"key":"FairyPotion"},{"floor":22,"key":"FocusPotion"},{"floor":25,"key":"Regen Potion"}],"is_trial":false,"path_per_floor":["M","?","M","M","$","R","E","M","T","$","?","R","E","$","R","B",null,"M","$","?","M","M","R","M","M","T","R","M","M"],"character_chosen":"DEFECT","items_purchased":["Ball Lightning","Cold Snap","Static Discharge","PowerPotion","Heatsinks"],"campfire_rested":4,"item_purchase_floors":[5,5,10,14,19],"current_hp_per_floor":[62,62,63,65,65,65,59,52,52,52,52,71,42,42,63,44,64,46,46,46,31,4,25,13,7,7,28,4,6],"gold":146,"neow_bonus":"RANDOM_COMMON_RELIC","is_prod":false,"is_daily":false,"chose_seed":false,"campfire_upgraded":1,"win_rate":0,"timestamp":1555430733,"path_taken":["M","?","M","?","$","R","E","M","T","$","?","R","E","?","R","BOSS","M","$","?","M","M","R","M","M","T","R","M","M"],"build_version":"2019-01-23","purchased_purges":0,"victory":false,"max_hp_per_floor":[71,71,71,71,71,71,71,71,71,71,71,71,71,71,71,71,71,71,71,71,71,71,71,71,71,71,71,71,71],"card_choices":[{"not_picked":["Go for the Eyes","Recycle"],"picked":"Sunder","floor":1.0},{"not_picked":["Beam Cell","Compile Driver"],"picked":"Conserve Battery","floor":3.0},{"not_picked":["Doom and Gloom","Gash"],"picked":"Streamline","floor":4.0},{"not_picked":["Doom and Gloom","Sweeping Beam"],"picked":"Fusion","floor":7.0},{"not_picked":["Rip and Tear","Undo","Streamline"],"picked":"SKIP","floor":8.0},{"not_picked":["Hologram","Beam Cell"],"picked":"Stack","floor":13},{"not_picked":["Thunder Strike","Reboot"],"picked":"Buffer","floor":16},{"not_picked":["Rebound","Hologram","Compile Driver"],"picked":"SKIP","floor":18},{"not_picked":["Steam","Gash"],"picked":"Chill","floor":21},{"not_picked":["Hologram","Sweeping Beam"],"picked":"Darkness","floor":22},{"not_picked":["Hologram","Turbo"],"picked":"Force Field","floor":24},{"not_picked":["Rebound","Reinforced Body"],"picked":"Amplify","floor":25},{"not_picked":["Go for the Eyes","Reinforced Body"],"picked":"Leap","floor":28}],"player_experience":1200970,"relics_obtained":[{"floor":7.0,"key":"Bronze Scales"},{"floor":9.0,"key":"War Paint"},{"floor":13,"key":"Omamori"},{"floor":26,"key":"DataDisk"}],"event_choices":[{"cards_removed":["Defend_B"],"damage_healed":0.0,"max_hp_gain":0.0,"max_hp_loss":0.0,"gold_gain":0.0,"event_name":"Bonfire Elementals","player_choice":"Offered Basic","floor":2.0,"gold_loss":0.0,"damage_taken":0.0},{"damage_healed":0.0,"max_hp_gain":0.0,"max_hp_loss":0.0,"gold_gain":0.0,"event_name":"Upgrade Shrine","player_choice":"Upgraded","floor":11.0,"gold_loss":0.0,"damage_taken":0.0,"cards_upgraded":["Static Discharge"]},{"damage_healed":0,"gold_gain":0,"player_choice":"Simplicity","damage_taken":0,"max_hp_gain":0,"max_hp_loss":0,"event_name":"Back to Basics","floor":20,"gold_loss":0,"cards_upgraded":["Strike_B","Strike_B","Strike_B","Strike_B","Defend_B","Defend_B","Defend_B"]}],"is_beta":false,"boss_relics":[{"not_picked":["Runic Dome","Runic Pyramid"],"picked":"Cursed Key"}],"items_purged_floors":[],"is_endless":false,"potions_floor_spawned":[4,13,16,18,22,24,25],"killed_by":"Centurion and Healer","ascension_level":19}