{"path_per_floor":["M","$","$","?","M","M","E","M","T","M","R","M","M","M","R","B",null,"M","?","M","$","M","R","M"],"character_chosen":"IRONCLAD","items_purchased":["Good Instincts","Meat on the Bone","Bloodletting"],"gold_per_floor":[115,115,21,21,33,53,79,90,116,134,134,152,164,183,183,286,286,303,303,317,16,29,29,39],"floor_reached":25,"campfire_rested":3,"playtime":2480,"current_hp_per_floor":[77,77,77,77,79,80,54,52,52,49,73,70,74,69,86,19,71,61,61,57,57,26,46,25],"items_purged":[],"gold":39,"score":308,"play_id":"33fbb5b0-d974-438c-be1c-76b487756fa4","local_time":"20180311181403","is_prod":false,"is_daily":false,"is_ascension_mode":true,"campfire_upgraded":0,"timestamp":1520784843,"path_taken":["M","?","$","?","M","?","E","M","T","M","R","M","M","M","R","BOSS","M","?","M","$","M","R","M","M"],"build_version":"2018-03-09","purchased_purges":0,"victory":false,"master_deck":["Defend_R","Defend_R","Defend_R","Defend_R","Bash+1","Cleave","Good Instincts","Regret","Anger","Shockwave","Thunderclap","Flex","Bite","Bite","Bite","Bite","Bite","Bloodletting"],"max_hp_per_floor":[80,80,80,80,80,80,80,80,80,80,80,82,84,86,86,88,88,90,63,65,65,67,67,69],"relics":["Burning Blood","Pen Nib","Juzu Bracelet","Singing Bowl","Question Card","Meat on the Bone"],"card_choices":[{"not_picked":["Evolve","Shrug It Off"],"picked":"Cleave"},{"not_picked":["Wild Strike","Fire Breathing"],"picked":"Anger"},{"not_picked":["Armaments","Twin Strike"],"picked":"Shockwave"},{"not_picked":["Cleave","Whirlwind"],"picked":"Thunderclap"},{"not_picked":["Spot Weakness","Twin Strike"],"picked":"Flex"}],"player_experience":287248,"potions_floor_usage":[7,8,12,13,16,22,25],"damage_taken":[{"damage":1,"enemies":"Cultist","floor":1,"turns":4},{"damage":4,"enemies":"Jaw Worm","floor":5,"turns":3},{"damage":0,"enemies":"Small Slimes","floor":6,"turns":2},{"damage":32,"enemies":"Lagavulin","floor":7,"turns":6},{"damage":8,"enemies":"3 Louse","floor":8,"turns":4},{"damage":9,"enemies":"2 Fungi Beasts","floor":10,"turns":3},{"damage":11,"enemies":"Red Slaver","floor":12,"turns":3},{"damage":4,"enemies":"Exordium Thugs","floor":13,"turns":3},{"damage":13,"enemies":"Large Slime","floor":14,"turns":5},{"damage":75,"enemies":"The Guardian","floor":16,"turns":11},{"damage":18,"enemies":"2 Thieves","floor":18,"turns":4},{"damage":22,"enemies":"3 Byrds","floor":20,"turns":5},{"damage":82,"enemies":"Cultist and Chosen","floor":22,"turns":9},{"damage":55,"enemies":"Snake Plant","floor":24,"turns":6},{"damage":48,"enemies":"Centurion and Healer","floor":25,"turns":4}],"event_choices":[{"event_name":"Big Fish","player_choice":"Box","floor":4,"damage_taken":0},{"event_name":"Vampires","player_choice":"Became a vampire","floor":19,"damage_taken":0}],"boss_relics":[{"not_picked":["Runic Cube","Cursed Key"],"picked":"Question Card"}],"potions_floor_spawned":[1,6,8,12,13,14,24],"seed_played":"-6041299424299103610","killed_by":"Centurion and Healer","ascension_level":7,"is_trial":false}