{"gold_per_floor":[111,111,111,124,139,178,178,242,311,67,67,90,90,123,123,212,212,233,256,226,246,261,261,261,261,286,311,311,311,325,600,600,696,696,714,714,729,187,187],"floor_reached":39,"playtime":1503,"items_purged":["Strike_B","Regret"],"score":969,"play_id":"798f869f-8532-44f8-a594-50d4087a0013","local_time":"20190301132114","is_ascension_mode":true,"campfire_choices":[{"data":"Streamline","floor":7,"key":"SMITH"},{"floor":11,"key":"REST"},{"data":"1","floor":13,"key":"LIFT"},{"data":"Defragment","floor":15,"key":"SMITH"},{"data":"Capacitor","floor":23,"key":"SMITH"},{"data":"Chill","floor":25,"key":"SMITH"},{"data":"2","floor":28,"key":"LIFT"},{"data":"Rainbow","floor":32,"key":"SMITH"}],"neow_cost":"NONE","seed_source_timestamp":5417399288900,"circlet_count":0,"master_deck":["AscendersBane","Defend_B","Defend_B","Defend_B","Zap","Dualcast","Genetic Algorithm","Gash","Chill+1","Streamline+1","Gash","Defragment+1","Reinforced Body","Rainbow+1","Barrage","Coolheaded","Capacitor+1","Bite","Bite","Bite","Bite","Bite","Defragment+1","Cold Snap","Seek","PanicButton","Meteor Strike"],"relics":["Cracked Core","NeowsBlessing","Golden Idol","Girya","Tiny Chest","Darkstone Periapt","Bronze Scales","PreservedInsect","Coffee Dripper","Smiling Mask","Centennial Puzzle","Busted Crown","Gremlin Horn","OrangePellets"],"potions_floor_usage":[6,16,22,30,37,39],"damage_taken":[{"damage":0,"enemies":"Jaw Worm","floor":1,"turns":1},{"damage":0,"enemies":"2 Louse","floor":4,"turns":2},{"damage":0,"enemies":"Cultist","floor":5,"turns":1},{"damage":7,"enemies":"3 Sentries","floor":6,"turns":9},{"damage":32,"enemies":"Gremlin Nob","floor":8,"turns":4},{"damage":8,"enemies":"Blue Slaver","floor":12,"turns":3},{"damage":19,"enemies":"Lagavulin","floor":14,"turns":6},{"damage":4,"enemies":"Hexaghost","floor":16,"turns":8},{"damage":7,"enemies":"Spheric Guardian","floor":18,"turns":4},{"damage":17,"enemies":"Shell Parasite","floor":19,"turns":5},{"damage":6,"enemies":"Snake Plant","floor":21,"turns":4},{"damage":8,"enemies":"Shelled Parasite and Fungi","floor":22,"turns":5},{"damage":19,"enemies":"Sentry and Sphere","floor":30,"turns":7},{"damage":7,"enemies":"Champ","floor":33,"turns":16},{"damage":24,"enemies":"3 Shapes","floor":35,"turns":6},{"damage":15,"enemies":"3 Darklings","floor":37,"turns":6},{"damage":42,"enemies":"Transient","floor":39,"turns":6}],"seed_played":"2264645562196229471","potions_obtained":[{"floor":1,"key":"Block Potion"},{"floor":5,"key":"Ancient Potion"},{"floor":8,"key":"SteroidPotion"},{"floor":12,"key":"GamblersBrew"},{"floor":19,"key":"SkillPotion"},{"floor":22,"key":"Regen Potion"},{"floor":33,"key":"Strength Potion"},{"floor":35,"key":"EssenceOfSteel"},{"floor":37,"key":"SkillPotion"}],"is_trial":false,"path_per_floor":["M","?","?","M","M","E","R","E","T","$","R","M","R","E","R","B",null,"M","M","?","M","M","R","?","R","T","T","R","?","M","?","R","B",null,"M","T","M","$","M"],"character_chosen":"DEFECT","items_purchased":["Bronze Scales","OrangePellets","PanicButton","Meteor Strike"],"campfire_rested":1,"item_purchase_floors":[10,38,38,38],"current_hp_per_floor":[64,64,57,57,57,50,50,18,18,18,37,29,29,10,10,6,50,43,26,26,20,12,12,12,12,12,12,12,12,21,27,27,50,50,30,30,31,31,0],"gold":187,"neow_bonus":"THREE_ENEMY_KILL","is_prod":false,"is_daily":false,"chose_seed":false,"campfire_upgraded":5,"win_rate":0,"timestamp":1551414074,"path_taken":["M","?","?","M","M","E","R","E","T","$","R","M","R","E","R","BOSS","M","M","?","?","M","R","?","R","T","?","R","?","?","?","R","BOSS","M","?","M","$","?"],"build_version":"2019-01-23","purchased_purges":2,"victory":false,"max_hp_per_floor":[71,64,64,64,64,64,64,64,64,64,64,64,64,64,64,64,64,64,64,64,64,64,64,44,44,44,44,44,44,44,50,50,50,50,50,50,50,50,50],"card_choices":[{"not_picked":["Compile Driver","Tempest"],"picked":"Genetic Algorithm","floor":1},{"not_picked":["Hologram","Lockon"],"picked":"Gash","floor":4},{"not_picked":["FTL","Compile Driver"],"picked":"Chill","floor":5},{"not_picked":["Redo","Sweeping Beam"],"picked":"Streamline","floor":6},{"not_picked":["Turbo","Machine Learning"],"picked":"Gash","floor":8},{"not_picked":["Compile Driver","Turbo"],"picked":"Defragment","floor":12},{"not_picked":["Darkness","Rip and Tear"],"picked":"Reinforced Body","floor":14},{"not_picked":["Multi-Cast","Hyperbeam"],"picked":"Rainbow","floor":16},{"not_picked":["Blizzard","Steam"],"picked":"Barrage","floor":18},{"not_picked":["Stack","Ball Lightning+1"],"picked":"Coolheaded","floor":19},{"not_picked":["Rebound","Hello World","Skim"],"picked":"SKIP","floor":21},{"not_picked":["Sweeping Beam","Hologram"],"picked":"Capacitor","floor":22},{"not_picked":["Steam","Darkness"],"picked":"Cold Snap","floor":30},{"not_picked":["Multi-Cast","All For One"],"picked":"Seek","floor":33},{"not_picked":["Fusion"],"picked":"SKIP","floor":35},{"not_picked":["Reprogram"],"picked":"SKIP","floor":37}],"player_experience":1911018,"relics_obtained":[{"floor":6,"key":"Girya"},{"floor":8,"key":"Tiny Chest"},{"floor":9,"key":"Darkstone Periapt"},{"floor":14,"key":"PreservedInsect"},{"floor":26,"key":"Smiling Mask"},{"floor":27,"key":"Centennial Puzzle"},{"floor":36,"key":"Gremlin Horn"}],"event_choices":[{"damage_healed":0,"gold_gain":0,"player_choice":"Lose Max HP","damage_taken":0,"relics_obtained":["Golden Idol"],"max_hp_gain":0,"max_hp_loss":7,"event_name":"Golden Idol","floor":2,"gold_loss":0},{"cards_removed":["Defend_B"],"damage_healed":0,"gold_gain":0,"player_choice":"Card Removal","damage_taken":7,"max_hp_gain":0,"max_hp_loss":0,"event_name":"Golden Wing","floor":3,"gold_loss":0},{"damage_healed":0,"gold_gain":0,"player_choice":"Bought 2 Potions","damage_taken":0,"max_hp_gain":0,"max_hp_loss":0,"event_name":"The Woman in Blue","floor":20,"gold_loss":0},{"damage_healed":0,"gold_gain":0,"player_choice":"Became a vampire","damage_taken":0,"max_hp_gain":0,"max_hp_loss":20,"event_name":"Vampires","floor":24,"gold_loss":0,"cards_obtained":["Bite","Bite","Bite","Bite","Bite"]},{"damage_healed":0,"gold_gain":0,"player_choice":"Copied","damage_taken":0,"max_hp_gain":0,"max_hp_loss":0,"event_name":"Duplicator","floor":29,"gold_loss":0,"cards_obtained":["Defragment"]},{"damage_healed":0,"gold_gain":275,"player_choice":"Desecrate","damage_taken":0,"max_hp_gain":0,"max_hp_loss":0,"event_name":"Golden Shrine","floor":31,"gold_loss":0,"cards_obtained":["Regret"]}],"is_beta":false,"boss_relics":[{"not_picked":["Ectoplasm","Calling Bell"],"picked":"Coffee Dripper"},{"not_picked":["Philosopher\u0027s Stone","Velvet Choker"],"picked":"Busted Crown"}],"items_purged_floors":[10,38],"is_endless":false,"potions_floor_spawned":[1,5,8,12,19,22,33,35,37],"killed_by":"Transient","ascension_level":20}