{"gold_per_floor":[366,378,378,130,148,148,164,180,231,249,249,249,249,283,283,283],"floor_reached":16,"playtime":393,"items_purged":["Pain"],"score":204,"play_id":"e85b377d-9fe6-4e5f-9faa-754ea079ebb8","local_time":"20190321185904","is_ascension_mode":true,"campfire_choices":[{"data":"Defragment","floor":6,"key":"SMITH"},{"floor":12,"key":"REST"},{"floor":15,"key":"REST"}],"neow_cost":"TEN_PERCENT_HP_LOSS","seed_source_timestamp":174106688734800,"circlet_count":0,"master_deck":["AscendersBane","Strike_B","Strike_B","Strike_B","Strike_B","Defend_B","Defend_B","Defend_B","Zap","Dualcast","Cold Snap","Defragment+1","Gash","Gash","Gash"],"relics":["Cracked Core","Potion Belt","Smiling Mask","Mummified Hand"],"potions_floor_usage":[2,10,10,16],"damage_taken":[{"damage":7,"enemies":"Small Slimes","floor":1,"turns":4},{"damage":1,"enemies":"Cultist","floor":2,"turns":3},{"damage":15,"enemies":"Jaw Worm","floor":5,"turns":4},{"damage":2,"enemies":"Red Slaver","floor":7,"turns":4},{"damage":11,"enemies":"Blue Slaver","floor":8,"turns":3},{"damage":18,"enemies":"Exordium Thugs","floor":10,"turns":4},{"damage":26,"enemies":"Gremlin Nob","floor":14,"turns":4},{"damage":14,"enemies":"Slime Boss","floor":16,"turns":5}],"seed_played":"-8953422174924537042","potions_obtained":[{"floor":1,"key":"SteroidPotion"},{"floor":2,"key":"SpeedPotion"},{"floor":8,"key":"GamblersBrew"},{"floor":14,"key":"Dexterity Potion"}],"is_trial":false,"path_per_floor":["M","M","?","$","M","R","M","M","T","M","?","R","?","E","R","B"],"character_chosen":"DEFECT","items_purchased":["Potion Belt"],"campfire_rested":2,"item_purchase_floors":[4],"current_hp_per_floor":[57,56,56,56,41,41,39,28,28,10,10,29,29,3,22,8],"gold":283,"neow_bonus":"TWO_FIFTY_GOLD","is_prod":false,"is_daily":false,"chose_seed":false,"campfire_upgraded":1,"win_rate":0,"timestamp":1553162344,"path_taken":["M","M","?","$","M","R","M","M","T","?","?","R","?","E","R","BOSS"],"build_version":"2019-01-23","purchased_purges":1,"victory":false,"max_hp_per_floor":[64,64,64,64,64,64,64,64,64,64,64,64,64,64,64,64],"card_choices":[{"not_picked":["Storm","Lockon","Barrage"],"picked":"SKIP","floor":1},{"not_picked":["Turbo","Compile Driver"],"picked":"Cold Snap","floor":2},{"not_picked":["Conserve Battery","Chaos"],"picked":"Defragment","floor":5},{"not_picked":["Blizzard","Gash","Auto Shields"],"picked":"SKIP","floor":7},{"not_picked":["Hello World","Go for the Eyes"],"picked":"Gash","floor":8},{"not_picked":["Steam","Barrage"],"picked":"Gash","floor":10},{"not_picked":["Steam","Rainbow"],"picked":"Gash","floor":14}],"player_experience":2446391,"relics_obtained":[{"floor":9,"key":"Smiling Mask"},{"floor":14,"key":"Mummified Hand"}],"event_choices":[{"damage_healed":0,"gold_gain":0,"player_choice":"1 cards matched","damage_taken":0,"max_hp_gain":0,"max_hp_loss":0,"event_name":"Match and Keep!","floor":3,"gold_loss":0,"cards_obtained":["Pain"]},{"damage_healed":0,"gold_gain":0,"player_choice":"Ignored","damage_taken":0,"max_hp_gain":0,"max_hp_loss":0,"event_name":"Liars Game","floor":11,"gold_loss":0},{"cards_removed":["Defend_B"],"damage_healed":0,"gold_gain":0,"player_choice":"Offered Basic","damage_taken":0,"max_hp_gain":0,"max_hp_loss":0,"event_name":"Bonfire Elementals","floor":13,"gold_loss":0}],"is_beta":false,"boss_relics":[],"items_purged_floors":[4],"is_endless":false,"potions_floor_spawned":[1,2,8,14],"killed_by":"Slime Boss","ascension_level":20}