{"gold_per_floor":[112,22,39,52,68,68,103,103,103,136,163,177,192,192],"floor_reached":14,"playtime":285,"items_purged":[],"score":204,"play_id":"c16ad049-47e4-4ef1-9287-42ed4033c663","local_time":"20190405134455","is_ascension_mode":true,"campfire_choices":[{"data":"Streamline","floor":6,"key":"SMITH"},{"floor":8,"key":"REST"}],"neow_cost":"TEN_PERCENT_HP_LOSS","seed_source_timestamp":614464765133800,"circlet_count":0,"master_deck":["AscendersBane","Strike_B","Strike_B","Strike_B","Strike_B","Defend_B","Defend_B","Defend_B","Defend_B","Zap","Dualcast","Biased Cognition","Coolheaded","Panacea","Streamline+1","Cold Snap","Capacitor","Blizzard"],"special_seed":0,"relics":["Cracked Core","Dodecahedron","Bottled Lightning","Gremlin Horn"],"potions_floor_usage":[10,14],"damage_taken":[{"damage":1.0,"enemies":"Cultist","floor":1.0,"turns":3.0},{"damage":0,"enemies":"2 Louse","floor":3,"turns":3},{"damage":4,"enemies":"Small Slimes","floor":4,"turns":3},{"damage":18,"enemies":"3 Louse","floor":5,"turns":3},{"damage":16,"enemies":"3 Sentries","floor":7,"turns":9},{"damage":18,"enemies":"Gremlin Nob","floor":10,"turns":4},{"damage":12,"enemies":"2 Fungi Beasts","floor":12,"turns":4},{"damage":9,"enemies":"Blue Slaver","floor":13,"turns":4},{"damage":0,"enemies":"3 Sentries","floor":14,"turns":1}],"seed_played":"-5310329054504473230","potions_obtained":[{"floor":1.0,"key":"SteroidPotion"},{"floor":4,"key":"FocusPotion"}],"is_trial":false,"path_per_floor":["M","$","M","M","M","R","E","R","T","E","T","M","M","E"],"character_chosen":"DEFECT","items_purchased":["Panacea"],"campfire_rested":1,"item_purchase_floors":[2],"current_hp_per_floor":[63,63,63,59,41,41,25,44,44,26,26,14,5,5],"gold":192,"neow_bonus":"THREE_RARE_CARDS","is_prod":false,"is_daily":false,"chose_seed":false,"campfire_upgraded":1,"win_rate":0,"timestamp":1554439495,"path_taken":["M","$","?","?","M","R","E","R","T","E","?","M","?","E"],"build_version":"2019-01-23","purchased_purges":0,"victory":false,"max_hp_per_floor":[64,64,64,64,64,64,64,64,64,64,64,64,64,64],"card_choices":[{"not_picked":["Amplify","Multi-Cast"],"picked":"Biased Cognition","floor":0.0},{"not_picked":["Beam Cell","Redo"],"picked":"Coolheaded","floor":1.0},{"not_picked":["Fusion","Genetic Algorithm"],"picked":"Streamline","floor":3},{"not_picked":["Redo","Sweeping Beam"],"picked":"Cold Snap","floor":4},{"not_picked":["Sweeping Beam","Stack","Gash"],"picked":"SKIP","floor":5},{"not_picked":["All For One","Reprogram"],"picked":"Capacitor","floor":7},{"not_picked":["Machine Learning","Ball Lightning","Gash"],"picked":"SKIP","floor":10},{"not_picked":["Streamline","Hologram"],"picked":"Blizzard","floor":12},{"not_picked":["Barrage","Doom and Gloom","Lockon"],"picked":"SKIP","floor":13}],"player_experience":2883973,"relics_obtained":[{"floor":7,"key":"Dodecahedron"},{"floor":9,"key":"Bottled Lightning"},{"floor":10,"key":"Gremlin Horn"}],"event_choices":[],"is_beta":false,"boss_relics":[],"items_purged_floors":[],"is_endless":false,"potions_floor_spawned":[1,4,5],"killed_by":"3 Sentries","ascension_level":20}