{"gold_per_floor":[112,11,11,34,54,54,97,97,97,141,166,52,52,67,67,67],"floor_reached":16,"playtime":502,"items_purged":["Injury"],"score":220,"play_id":"8ac8cde8-80ae-411f-8cc4-72de650e5504","local_time":"20190426134417","is_ascension_mode":true,"campfire_choices":[{"data":"Zap","floor":6,"key":"SMITH"},{"floor":8,"key":"REST"},{"floor":13,"key":"REST"},{"floor":15,"key":"REST"}],"neow_cost":"CURSE","seed_source_timestamp":352471411709100,"circlet_count":0,"master_deck":["AscendersBane","Strike_B","Strike_B","Strike_B","Strike_B","Defend_B","Defend_B","Defend_B","Defend_B","Zap+1","Dualcast","Gash","Recycle","Reboot","Hologram","Discovery","Leap"],"relics":["Cracked Core","StoneCalendar","Golden Idol","Lantern","Matryoshka","Kunai"],"potions_floor_usage":[10,16],"damage_taken":[{"damage":0,"enemies":"Cultist","floor":1,"turns":3},{"damage":9,"enemies":"Jaw Worm","floor":4,"turns":3},{"damage":10,"enemies":"Small Slimes","floor":5,"turns":4},{"damage":30,"enemies":"Lagavulin","floor":7,"turns":7},{"damage":10,"enemies":"3 Sentries","floor":10,"turns":7},{"damage":16,"enemies":"Blue Slaver","floor":11,"turns":4},{"damage":5,"enemies":"Red Slaver","floor":14,"turns":2},{"damage":37,"enemies":"The Guardian","floor":16,"turns":12}],"seed_played":"8776770727935824654","potions_obtained":[{"floor":1,"key":"AttackPotion"},{"floor":7,"key":"Weak Potion"},{"floor":11,"key":"Ancient Potion"}],"is_trial":false,"path_per_floor":["M","$","?","M","M","R","E","R","T","E","M","$","R","M","R","B"],"character_chosen":"DEFECT","items_purchased":["Gash","Discovery","Leap"],"campfire_rested":3,"item_purchase_floors":[2,12,12],"current_hp_per_floor":[64,64,64,55,45,45,15,34,34,24,8,8,27,22,41,4],"gold":67,"neow_bonus":"ONE_RARE_RELIC","is_prod":false,"is_daily":false,"chose_seed":false,"campfire_upgraded":1,"win_rate":0,"timestamp":1556253857,"path_taken":["M","$","?","M","M","R","E","R","T","E","M","$","R","M","R","BOSS"],"build_version":"2019-01-23","purchased_purges":1,"victory":false,"max_hp_per_floor":[71,71,64,64,64,64,64,64,64,64,64,64,64,64,64,64],"card_choices":[{"not_picked":["Streamline","Auto Shields","Lockon"],"picked":"SKIP","floor":1},{"not_picked":["Lockon","Stack","Leap"],"picked":"SKIP","floor":4},{"not_picked":["Lockon","Stack","Leap"],"picked":"SKIP","floor":4},{"not_picked":["Beam Cell","Stack","Redo"],"picked":"SKIP","floor":5},{"not_picked":["Redo","Heatsinks"],"picked":"Recycle","floor":7},{"not_picked":["Static Discharge","Stack"],"picked":"Reboot","floor":10},{"not_picked":["Sunder","Streamline"],"picked":"Hologram","floor":11},{"not_picked":["Steam Power","Stack","Beam Cell"],"picked":"SKIP","floor":14}],"player_experience":3385698,"relics_obtained":[{"floor":7,"key":"Lantern"},{"floor":9,"key":"Matryoshka"},{"floor":10,"key":"Kunai"}],"event_choices":[{"damage_healed":0,"gold_gain":0,"player_choice":"Lose Max HP","damage_taken":0,"relics_obtained":["Golden Idol"],"max_hp_gain":0,"max_hp_loss":7,"event_name":"Golden Idol","floor":3,"gold_loss":0}],"is_beta":false,"boss_relics":[],"items_purged_floors":[2],"is_endless":false,"potions_floor_spawned":[1,7,11],"killed_by":"The Guardian","ascension_level":20}