{"gold_per_floor":[116,116,133,133,150,150,54,54,54,67,87,87,114,164,164,242,242,262,95,40,56,69,69,92,108,132,132,166,91,35,48,48,48],"floor_reached":33,"playtime":938,"items_purged":["Strike_R"],"score":530,"play_id":"880fe3ed-0d80-4951-aacc-ed780e898541","local_time":"20190416190913","is_ascension_mode":true,"campfire_choices":[{"data":"Shockwave","floor":6.0,"key":"SMITH"},{"data":"Discovery","floor":8.0,"key":"SMITH"},{"floor":15,"key":"REST"},{"floor":23,"key":"REST"},{"data":"Armaments","floor":27,"key":"SMITH"},{"floor":32,"key":"REST"}],"neow_cost":"NONE","seed_source_timestamp":54226006103500,"circlet_count":0,"master_deck":["AscendersBane","Strike_R","Strike_R","Strike_R","Defend_R","Defend_R","Defend_R","Defend_R","Bash","Shockwave+1","Discovery+1","Shrug It Off","Pommel Strike","Limit Break","Entrench","Finesse","Shrug It Off","Armaments+1","True Grit","True Grit","Limit Break"],"special_seed":0,"relics":["Sozu","FaceOfCleric","Sundial","Pen Nib","Regal Pillow","Red Skull","White Beast Statue","Tiny Chest","Dream Catcher","Ornamental Fan"],"potions_floor_usage":[],"damage_taken":[{"damage":4.0,"enemies":"Jaw Worm","floor":1.0,"turns":3.0},{"damage":10.0,"enemies":"Small Slimes","floor":3.0,"turns":3.0},{"damage":0.0,"enemies":"Cultist","floor":5.0,"turns":3.0},{"damage":8.0,"enemies":"Gremlin Gang","floor":10.0,"turns":2.0},{"damage":7.0,"enemies":"Looter","floor":11.0,"turns":4.0},{"damage":27,"enemies":"Gremlin Nob","floor":13,"turns":4},{"damage":28,"enemies":"The Guardian","floor":16,"turns":8},{"damage":26,"enemies":"Shell Parasite","floor":18,"turns":4},{"damage":10,"enemies":"3 Byrds","floor":21,"turns":6},{"damage":16,"enemies":"Snecko","floor":22,"turns":4},{"damage":17,"enemies":"Snake Plant","floor":25,"turns":3},{"damage":38,"enemies":"Gremlin Leader","floor":28,"turns":7},{"damage":3,"enemies":"Centurion and Healer","floor":31,"turns":4},{"damage":55,"enemies":"Collector","floor":33,"turns":5}],"seed_played":"7898795576758154113","potions_obtained":[],"is_trial":false,"path_per_floor":["M","?","M","?","M","R","$","R","T","M","M","?","E","T","R","B",null,"M","$","?","M","M","R","T","M","T","R","E","?","$","M","R","B"],"character_chosen":"IRONCLAD","items_purchased":["Discovery","Finesse","True Grit"],"campfire_rested":3,"item_purchase_floors":[7,19,30],"current_hp_per_floor":[64,69,59,59,60,60,60,60,60,53,47,29,3,3,43,16,68,43,43,43,34,19,60,60,44,44,44,7,7,7,5,47,0],"gold":48,"neow_bonus":"BOSS_RELIC","is_prod":false,"is_daily":false,"chose_seed":false,"campfire_upgraded":3,"win_rate":0,"timestamp":1555409353,"path_taken":["M","?","M","?","?","R","$","R","T","?","M","?","E","?","R","BOSS","M","$","?","M","M","R","?","M","T","R","E","?","$","M","R","BOSS"],"build_version":"2019-01-23","purchased_purges":1,"victory":false,"max_hp_per_floor":[75,80,80,80,81,81,81,81,81,82,83,83,84,84,84,85,85,86,86,86,87,88,88,88,89,89,89,90,90,90,91,91,91],"card_choices":[{"not_picked":["Thunderclap","Clash","Pommel Strike"],"picked":"SKIP","floor":1.0},{"not_picked":["Clash","Blood for Blood"],"picked":"Shockwave","floor":3.0},{"not_picked":["Rupture","Pommel Strike","Wild Strike"],"picked":"SKIP","floor":5.0},{"not_picked":["Sword Boomerang","Havoc","Heavy Blade"],"picked":"SKIP","floor":10.0},{"not_picked":["Rampage","True Grit"],"picked":"Shrug It Off","floor":11},{"not_picked":["Entrench","Juggernaut"],"picked":"Pommel Strike","floor":13},{"not_picked":["Demon Form","Berserk"],"picked":"Limit Break","floor":16},{"not_picked":["Perfected Strike","Clothesline"],"picked":"Entrench","floor":18},{"not_picked":["Clash","Berserk"],"picked":"Shrug It Off","floor":21},{"not_picked":["Searing Blow","Blood for Blood"],"picked":"Armaments","floor":22},{"not_picked":["Armaments","Thunderclap","Sword Boomerang+1"],"picked":"SKIP","floor":25},{"not_picked":["Armaments","Second Wind"],"picked":"True Grit","floor":28},{"not_picked":["Cleave","Dual Wield","Metallicize"],"picked":"SKIP","floor":31},{"not_picked":["Perfected Strike","Body Slam"],"picked":"Limit Break","floor":32}],"player_experience":3184325,"relics_obtained":[{"floor":9.0,"key":"Sundial"},{"floor":13,"key":"Regal Pillow"},{"floor":14,"key":"Red Skull"},{"floor":26,"key":"Dream Catcher"},{"floor":28,"key":"Ornamental Fan"}],"event_choices":[{"damage_healed":0.0,"max_hp_gain":5.0,"max_hp_loss":0.0,"gold_gain":0.0,"event_name":"Big Fish","player_choice":"Donut","floor":2.0,"gold_loss":0.0,"damage_taken":0.0},{"damage_healed":0.0,"max_hp_gain":0.0,"max_hp_loss":0.0,"gold_gain":0.0,"event_name":"FaceTrader","player_choice":"Trade","floor":4.0,"gold_loss":0.0,"damage_taken":0.0,"relics_obtained":["FaceOfCleric"]},{"damage_healed":0,"gold_gain":0,"player_choice":"Success","damage_taken":18,"relics_obtained":["Pen Nib"],"max_hp_gain":0,"max_hp_loss":0,"event_name":"Scrap Ooze","floor":12,"gold_loss":0},{"damage_healed":0,"gold_gain":0,"player_choice":"Obtained Relic","damage_taken":0,"relics_obtained":["Tiny Chest"],"max_hp_gain":0,"max_hp_loss":0,"event_name":"Addict","floor":20,"gold_loss":85},{"cards_removed":["Strike_R"],"damage_healed":0,"gold_gain":0,"player_choice":"Gave Gold","damage_taken":0,"max_hp_gain":0,"max_hp_loss":0,"event_name":"Beggar","floor":29,"gold_loss":75}],"is_beta":false,"boss_relics":[{"not_picked":["Tiny House","Fusion Hammer"],"picked":"White Beast Statue"}],"items_purged_floors":[19],"is_endless":false,"potions_floor_spawned":[3,16,18,21,22,25,28,31],"killed_by":"Collector","ascension_level":20}