{"gold_per_floor":[115,134,59,77,77,77,109,109,109,165,165,31,43,53,53,132,132,143,153,78,90,190,218,218,218,265,265,265,281,281,281],"floor_reached":31,"playtime":796,"items_purged":["Strike_R"],"score":526,"play_id":"94a60890-81ee-42d2-ba0e-ff1512e9a675","local_time":"20190408124436","is_ascension_mode":true,"campfire_choices":[{"data":"Bash","floor":6,"key":"SMITH"},{"floor":8,"key":"REST"},{"data":"Carnage","floor":11,"key":"SMITH"},{"data":"Armaments","floor":15,"key":"SMITH"},{"floor":25,"key":"REST"},{"floor":27,"key":"REST"}],"neow_cost":"NONE","seed_source_timestamp":124810825303900,"circlet_count":0,"master_deck":["AscendersBane","Strike_R","Strike_R","Defend_R","Defend_R","Defend_R","Defend_R","Bash+1","Ghostly Armor","Shrug It Off","Offering","Carnage+1","Body Slam","Armaments+1","Immolate","Flame Barrier+1","Shockwave","Demon Form","Disarm","Necronomicurse","Immolate"],"relics":["Burning Blood","NeowsBlessing","Oddly Smooth Stone","Letter Opener","Tiny Chest","Philosopher\u0027s Stone","Peace Pipe","Self Forming Clay","The Courier","Necronomicon","Smiling Mask"],"potions_floor_usage":[7,7,16,16,22,29],"damage_taken":[{"damage":0,"enemies":"2 Louse","floor":1,"turns":1},{"damage":2,"enemies":"Small Slimes","floor":2,"turns":2},{"damage":0,"enemies":"Cultist","floor":4,"turns":1},{"damage":58,"enemies":"3 Sentries","floor":7,"turns":21},{"damage":38,"enemies":"Gremlin Nob","floor":10,"turns":4},{"damage":7,"enemies":"Blue Slaver","floor":13,"turns":4},{"damage":6,"enemies":"Large Slime","floor":14,"turns":4},{"damage":8,"enemies":"The Guardian","floor":16,"turns":13},{"damage":18,"enemies":"Spheric Guardian","floor":18,"turns":4},{"damage":9,"enemies":"2 Thieves","floor":19,"turns":4},{"damage":10,"enemies":"Snake Plant","floor":21,"turns":3},{"damage":6,"enemies":"Colosseum Slavers","floor":22,"turns":4},{"damage":14,"enemies":"Colosseum Nobs","floor":22,"turns":4},{"damage":20,"enemies":"Book of Stabbing","floor":23,"turns":4},{"damage":14,"enemies":"Chosen and Byrds","floor":29,"turns":4},{"damage":6,"enemies":"Gremlin Leader","floor":31,"turns":2}],"seed_played":"6072361771732276251","potions_obtained":[{"floor":4,"key":"Dexterity Potion"},{"floor":5,"key":"Regen Potion"},{"floor":10,"key":"Weak Potion"},{"floor":14,"key":"Strength Potion"},{"floor":18,"key":"Ancient Potion"},{"floor":21,"key":"PowerPotion"}],"is_trial":false,"path_per_floor":["M","M","?","M","?","R","E","R","T","E","R","$","M","M","R","B",null,"M","M","?","M","?","E","?","R","T","R","?","M","?","E"],"character_chosen":"IRONCLAD","items_purchased":["Body Slam"],"campfire_rested":3,"item_purchase_floors":[12],"current_hp_per_floor":[74,75,75,75,75,75,38,60,60,28,28,28,27,27,27,25,63,51,48,48,44,36,22,1,23,23,45,45,37,16,10],"gold":281,"neow_bonus":"THREE_ENEMY_KILL","is_prod":false,"is_daily":false,"chose_seed":false,"campfire_upgraded":3,"win_rate":0,"timestamp":1554695076,"path_taken":["M","M","?","M","?","R","E","R","T","E","R","$","?","M","R","BOSS","M","M","?","M","?","E","?","R","T","R","?","?","?","E"],"build_version":"2019-01-23","purchased_purges":1,"victory":false,"max_hp_per_floor":[75,75,75,75,75,75,75,75,75,75,75,75,75,75,75,75,75,75,75,75,75,75,75,75,75,75,75,75,75,80,80],"card_choices":[{"not_picked":["Pommel Strike","Anger"],"picked":"Ghostly Armor","floor":1},{"not_picked":["Flex","Havoc","Pommel Strike"],"picked":"SKIP","floor":2},{"not_picked":["Dual Wield","Burning Pact"],"picked":"Shrug It Off","floor":4},{"not_picked":["Warcry","Perfected Strike"],"picked":"Offering","floor":7},{"not_picked":["Sword Boomerang","Twin Strike"],"picked":"Carnage","floor":10},{"not_picked":["Shrug It Off","Pommel Strike"],"picked":"Armaments","floor":13},{"not_picked":["Clothesline","Anger","Headbutt"],"picked":"SKIP","floor":14},{"not_picked":["Exhume","Bludgeon"],"picked":"Immolate","floor":16},{"not_picked":["Clothesline","Dual Wield+1"],"picked":"Flame Barrier+1","floor":18},{"not_picked":["Havoc","Cleave+1","Warcry"],"picked":"SKIP","floor":19},{"not_picked":["Sever Soul","Havoc"],"picked":"Shockwave","floor":21},{"not_picked":["Body Slam","Pummel"],"picked":"Demon Form","floor":22},{"not_picked":["Havoc+1","Armaments"],"picked":"Disarm","floor":23},{"not_picked":["Wild Strike","Bloodletting","Fire Breathing"],"picked":"SKIP","floor":29}],"player_experience":2971971,"relics_obtained":[{"floor":7,"key":"Oddly Smooth Stone"},{"floor":9,"key":"Letter Opener"},{"floor":10,"key":"Tiny Chest"},{"floor":22,"key":"Peace Pipe"},{"floor":22,"key":"Self Forming Clay"},{"floor":23,"key":"The Courier"},{"floor":24,"key":"Necronomicon"},{"floor":26,"key":"Smiling Mask"}],"event_choices":[{"cards_removed":["Strike_R"],"damage_healed":0,"gold_gain":0,"player_choice":"Card Removal","damage_taken":0,"max_hp_gain":0,"max_hp_loss":0,"event_name":"The Cleric","floor":3,"gold_loss":75},{"damage_healed":0,"gold_gain":0,"player_choice":"Got Potions","damage_taken":0,"max_hp_gain":0,"max_hp_loss":0,"event_name":"Lab","floor":5,"gold_loss":0},{"cards_removed":["Strike_R"],"damage_healed":0,"gold_gain":0,"player_choice":"Gave Gold","damage_taken":0,"max_hp_gain":0,"max_hp_loss":0,"event_name":"Beggar","floor":20,"gold_loss":75},{"damage_healed":0,"gold_gain":0,"player_choice":"Fight","damage_taken":0,"max_hp_gain":0,"max_hp_loss":0,"event_name":"Colosseum","floor":22,"gold_loss":0},{"damage_healed":0,"gold_gain":0,"player_choice":"Fought Nobs","damage_taken":0,"max_hp_gain":0,"max_hp_loss":0,"event_name":"Colosseum","floor":22,"gold_loss":0},{"damage_healed":0,"gold_gain":0,"player_choice":"Obtained Book","damage_taken":21,"max_hp_gain":0,"max_hp_loss":0,"event_name":"Cursed Tome","floor":24,"gold_loss":0},{"damage_healed":0,"gold_gain":0,"player_choice":"1 cards matched","damage_taken":0,"max_hp_gain":0,"max_hp_loss":0,"event_name":"Match and Keep!","floor":28,"gold_loss":0,"cards_obtained":["Immolate"]},{"damage_healed":0,"gold_gain":0,"player_choice":"Shed Blood","damage_taken":26,"max_hp_gain":5,"max_hp_loss":0,"event_name":"Forgotten Altar","floor":30,"gold_loss":0}],"is_beta":false,"boss_relics":[{"not_picked":["Lizard Tail","Black Blood"],"picked":"Philosopher\u0027s Stone"}],"items_purged_floors":[12],"is_endless":false,"potions_floor_spawned":[4,10,14,18,21,22],"killed_by":"Gremlin Leader","ascension_level":20}