{"gold_per_floor":[114,31,31,106,106,106,141,141,141,169,169,195,195,205,205,277,277,297,212,224,274,274,274,301,301,301,313,325,337,384,396,408,420],"floor_reached":33,"playtime":537,"items_purged":[],"score":686,"play_id":"166bde82-90fd-43f6-98d1-b6b9479be706","local_time":"20190408194056","is_ascension_mode":true,"campfire_choices":[{"data":"Defragment","floor":6,"key":"SMITH"},{"data":"Genetic Algorithm","floor":8,"key":"SMITH"},{"data":"Zap","floor":11,"key":"SMITH"},{"data":"Electrodynamics","floor":13,"key":"SMITH"},{"floor":15,"key":"REST"},{"floor":23,"key":"REST"},{"data":"Defragment","floor":25,"key":"SMITH"},{"floor":28,"key":"REST"},{"floor":32,"key":"REST"}],"neow_cost":"NONE","seed_source_timestamp":150050067193300,"circlet_count":0,"master_deck":["AscendersBane","Strike_B","Strike_B","Strike_B","Strike_B","Defend_B","Defend_B","Defend_B","Zap+1","Dualcast","Defragment+1","Ball Lightning","Genetic Algorithm+1","Electrodynamics+1","Cold Snap","Fission","Defragment+1","Writhe"],"relics":["Cracked Core","NeowsBlessing","Juzu Bracelet","Happy Flower","Runic Dome","Bag of Preparation","Nloth\u0027s Gift","Symbiotic Virus","MawBank","Smiling Mask","Blue Candle","Anchor"],"potions_floor_usage":[16,24],"damage_taken":[{"damage":0,"enemies":"Small Slimes","floor":1,"turns":1},{"damage":0,"enemies":"Lagavulin","floor":7,"turns":1},{"damage":0,"enemies":"3 Sentries","floor":10,"turns":2},{"damage":25,"enemies":"Lagavulin","floor":12,"turns":6},{"damage":7,"enemies":"Jaw Worm","floor":14,"turns":2},{"damage":24,"enemies":"The Guardian","floor":16,"turns":8},{"damage":22,"enemies":"2 Thieves","floor":18,"turns":3},{"damage":16,"enemies":"3 Byrds","floor":20,"turns":3},{"damage":22,"enemies":"Book of Stabbing","floor":24,"turns":5},{"damage":6,"enemies":"Colosseum Slavers","floor":27,"turns":3},{"damage":28,"enemies":"Gremlin Leader","floor":30,"turns":5},{"damage":46,"enemies":"Collector","floor":33,"turns":5}],"seed_played":"6616329547657674316","potions_obtained":[{"floor":1,"key":"Ancient Potion"},{"floor":10,"key":"Fire Potion"},{"floor":20,"key":"SkillPotion"}],"is_trial":false,"path_per_floor":["M","$","?","?","?","R","E","R","T","E","R","E","R","M","R","B",null,"M","?","M","?","?","R","E","R","T","?","R","?","E","?","R","B"],"character_chosen":"DEFECT","items_purchased":["Defragment"],"campfire_rested":4,"item_purchase_floors":[2],"current_hp_per_floor":[64,64,64,53,53,53,53,53,53,53,53,28,28,21,42,18,58,36,36,20,20,20,41,19,19,19,13,34,34,6,6,27,0],"gold":420,"neow_bonus":"THREE_ENEMY_KILL","is_prod":false,"is_daily":false,"chose_seed":false,"campfire_upgraded":5,"win_rate":0,"timestamp":1554720056,"path_taken":["M","$","?","?","?","R","E","R","T","E","R","E","R","M","R","BOSS","M","?","M","?","?","R","E","R","T","?","R","?","E","?","R","BOSS"],"build_version":"2019-01-23","purchased_purges":0,"victory":false,"max_hp_per_floor":[71,71,71,71,71,71,71,71,71,71,71,71,71,71,71,71,71,71,71,71,71,71,71,71,71,71,71,71,71,71,71,71,71],"card_choices":[{"not_picked":["Storm","Compile Driver","Hologram"],"picked":"SKIP","floor":1},{"not_picked":["Turbo","Leap"],"picked":"Genetic Algorithm","floor":7},{"not_picked":["Skim","Streamline","Double Energy"],"picked":"SKIP","floor":10},{"not_picked":["Scrape","Ball Lightning"],"picked":"Electrodynamics","floor":12},{"not_picked":["Force Field","Self Repair"],"picked":"Cold Snap","floor":14},{"not_picked":["Amplify","Meteor Strike"],"picked":"Fission","floor":16},{"not_picked":["BootSequence","Go for the Eyes","Storm"],"picked":"SKIP","floor":18},{"not_picked":["Scrape","Static Discharge"],"picked":"Defragment","floor":20},{"not_picked":["Barrage","Hologram"],"picked":"Defragment","floor":24},{"not_picked":["Redo","Go for the Eyes","Hologram"],"picked":"SKIP","floor":30}],"player_experience":2986014,"relics_obtained":[{"floor":7,"key":"Shuriken"},{"floor":10,"key":"Juzu Bracelet"},{"floor":12,"key":"Happy Flower"},{"floor":24,"key":"Symbiotic Virus"},{"floor":26,"key":"MawBank"},{"floor":30,"key":"Blue Candle"}],"event_choices":[{"damage_healed":0,"gold_gain":0,"cards_transformed":["Defend_B"],"player_choice":"Change","damage_taken":0,"max_hp_gain":0,"max_hp_loss":0,"event_name":"Living Wall","floor":3,"gold_loss":0,"cards_obtained":["Ball Lightning"]},{"damage_healed":0,"gold_gain":75,"player_choice":"Gather Gold","damage_taken":11,"max_hp_gain":0,"max_hp_loss":0,"event_name":"World of Goop","floor":4,"gold_loss":0},{"damage_healed":0,"gold_gain":0,"player_choice":"Ignored","damage_taken":0,"max_hp_gain":0,"max_hp_loss":0,"event_name":"Liars Game","floor":5,"gold_loss":0},{"damage_healed":0,"gold_gain":0,"player_choice":"Obtained Relic","damage_taken":0,"relics_obtained":["Bag of Preparation"],"max_hp_gain":0,"max_hp_loss":0,"event_name":"Addict","floor":19,"gold_loss":85},{"damage_healed":0,"gold_gain":50,"player_choice":"Stole From Cult","damage_taken":0,"max_hp_gain":0,"max_hp_loss":0,"event_name":"Nest","floor":21,"gold_loss":0},{"damage_healed":0,"gold_gain":0,"player_choice":"Traded Relic","damage_taken":0,"relics_obtained":["Nloth\u0027s Gift"],"max_hp_gain":0,"max_hp_loss":0,"event_name":"N\u0027loth","floor":22,"relics_lost":["Shuriken"],"gold_loss":0},{"damage_healed":0,"gold_gain":0,"player_choice":"Fight","damage_taken":0,"max_hp_gain":0,"max_hp_loss":0,"event_name":"Colosseum","floor":27,"gold_loss":0},{"damage_healed":0,"gold_gain":0,"player_choice":"Fled From Nobs","damage_taken":0,"max_hp_gain":0,"max_hp_loss":0,"event_name":"Colosseum","floor":27,"gold_loss":0},{"cards_removed":["Defragment"],"damage_healed":0,"gold_gain":0,"player_choice":"Gave Card","damage_taken":0,"relics_obtained":["Smiling Mask"],"max_hp_gain":0,"max_hp_loss":0,"event_name":"WeMeetAgain","floor":29,"gold_loss":0},{"damage_healed":0,"gold_gain":0,"player_choice":"Opened","damage_taken":0,"relics_obtained":["Anchor"],"max_hp_gain":0,"max_hp_loss":0,"event_name":"The Mausoleum","floor":31,"gold_loss":0,"cards_obtained":["Writhe"]}],"is_beta":false,"boss_relics":[{"not_picked":["Velvet Choker","Tiny House"],"picked":"Runic Dome"}],"items_purged_floors":[],"is_endless":false,"potions_floor_spawned":[1,10,20],"killed_by":"Collector","ascension_level":20}