{"gold_per_floor":[113,113,73,91,91,117,117,117,162,187,187,200,200,234,234,306,306,325,288,238,250,250,250,250,250,250,280,296,296,296,312,312,312],"floor_reached":33,"playtime":738,"items_purged":[],"score":568,"play_id":"052c2012-2ca4-444d-a3b9-1af7ca165fcd","local_time":"20190408192027","is_ascension_mode":true,"campfire_choices":[{"data":"Loop","floor":7,"key":"SMITH"},{"data":"Zap","floor":11,"key":"SMITH"},{"data":"Hologram","floor":13,"key":"SMITH"},{"data":"Capacitor","floor":15,"key":"SMITH"},{"floor":23,"key":"REST"},{"floor":27,"key":"DIG"},{"data":"Capacitor","floor":29,"key":"SMITH"},{"data":"Fission","floor":32,"key":"SMITH"}],"neow_cost":"NONE","seed_source_timestamp":148618811570100,"circlet_count":0,"master_deck":["AscendersBane","Strike_B","Strike_B+1","Strike_B","Strike_B","Defend_B+1","Defend_B","Defend_B","Defend_B","Zap+1","Dualcast","Cold Snap","Loop+1","Cold Snap","Hologram+1","Capacitor+1","Fission+1","Ball Lightning","Capacitor+1","Glacier","Coolheaded"],"relics":["FrozenCore","NeowsBlessing","Pantograph","Unceasing Top","Centennial Puzzle","Pear","Regal Pillow","Shovel","Question Card","Tiny Chest"],"potions_floor_usage":[4,21,31,33],"damage_taken":[{"damage":0,"enemies":"Small Slimes","floor":1,"turns":1},{"damage":0,"enemies":"Cultist","floor":4,"turns":1},{"damage":0,"enemies":"Gremlin Nob","floor":6,"turns":1},{"damage":16,"enemies":"3 Sentries","floor":10,"turns":9},{"damage":0,"enemies":"2 Louse","floor":12,"turns":3},{"damage":24,"enemies":"Gremlin Nob","floor":14,"turns":4},{"damage":50,"enemies":"The Guardian","floor":16,"turns":13},{"damage":14,"enemies":"Shell Parasite","floor":18,"turns":8},{"damage":18,"enemies":"3 Byrds","floor":21,"turns":4},{"damage":26,"enemies":"Snecko","floor":28,"turns":8},{"damage":36,"enemies":"Cultist and Chosen","floor":31,"turns":10},{"damage":0,"enemies":"Collector","floor":33,"turns":1}],"seed_played":"7947110503821110192","potions_obtained":[{"floor":1,"key":"SteroidPotion"},{"floor":4,"key":"Fruit Juice"},{"floor":16,"key":"LiquidBronze"},{"floor":18,"key":"PowerPotion"},{"floor":30,"key":"Regen Potion"},{"floor":31,"key":"Dexterity Potion"}],"is_trial":false,"path_per_floor":["M","?","$","M","?","E","R","?","T","E","R","M","R","E","R","B",null,"M","$","?","M","?","R","?","T","T","R","M","R","?","M","R","B"],"character_chosen":"DEFECT","items_purchased":["Loop","Capacitor"],"campfire_rested":1,"item_purchase_floors":[3,19],"current_hp_per_floor":[64,64,64,69,46,46,46,71,71,65,65,65,65,41,41,16,69,55,55,55,37,37,77,77,77,77,77,51,51,51,30,30,55],"gold":312,"neow_bonus":"THREE_ENEMY_KILL","is_prod":false,"is_daily":false,"chose_seed":false,"campfire_upgraded":6,"win_rate":0,"timestamp":1554718827,"path_taken":["M","?","?","M","?","E","R","?","T","E","R","M","R","E","R","BOSS","M","$","?","?","?","R","?","?","T","R","M","R","?","?","R","BOSS"],"build_version":"2019-01-23","purchased_purges":0,"victory":false,"max_hp_per_floor":[71,71,71,76,76,76,76,76,76,86,86,86,86,86,86,86,86,86,86,86,86,86,86,86,86,86,86,86,86,86,86,86,86],"card_choices":[{"not_picked":["Melter","Aggregate"],"picked":"Cold Snap","floor":1},{"not_picked":["Ball Lightning","Hologram"],"picked":"Cold Snap","floor":4},{"not_picked":["Gash","Stack"],"picked":"Hologram","floor":6},{"not_picked":["Reprogram","Double Energy","BootSequence"],"picked":"SKIP","floor":10},{"not_picked":["Gash","Rebound","Leap"],"picked":"SKIP","floor":12},{"not_picked":["Heatsinks","Leap"],"picked":"Capacitor","floor":14},{"not_picked":["Rainbow","Amplify"],"picked":"Fission","floor":16},{"not_picked":["Stack","Sweeping Beam"],"picked":"Ball Lightning","floor":18},{"not_picked":["Hello World","Double Energy","Beam Cell"],"picked":"SKIP","floor":21},{"not_picked":["BootSequence+1","Streamline","Stack"],"picked":"Glacier","floor":28},{"not_picked":["Recycle","All For One","Hologram"],"picked":"Coolheaded","floor":31}],"player_experience":2984624,"relics_obtained":[{"floor":6,"key":"Unceasing Top"},{"floor":9,"key":"Centennial Puzzle"},{"floor":10,"key":"Pear"},{"floor":14,"key":"Regal Pillow"},{"floor":25,"key":"Shovel"},{"floor":26,"key":"Question Card"},{"floor":27,"key":"Tiny Chest"}],"event_choices":[{"damage_healed":0,"gold_gain":0,"player_choice":"Gave Potion","damage_taken":0,"relics_obtained":["Pantograph"],"max_hp_gain":0,"max_hp_loss":0,"event_name":"WeMeetAgain","floor":2,"gold_loss":0},{"damage_healed":0,"gold_gain":0,"player_choice":"Entered Light","damage_taken":23,"max_hp_gain":0,"max_hp_loss":0,"event_name":"Shining Light","floor":5,"gold_loss":0,"cards_upgraded":["Defend_B","Strike_B"]},{"damage_healed":25,"gold_gain":0,"player_choice":"Banana","damage_taken":0,"max_hp_gain":0,"max_hp_loss":0,"event_name":"Big Fish","floor":8,"gold_loss":0},{"damage_healed":0,"gold_gain":0,"player_choice":"Bet on Murderer","damage_taken":0,"max_hp_gain":0,"max_hp_loss":0,"event_name":"The Joust","floor":20,"gold_loss":50},{"damage_healed":0,"gold_gain":0,"player_choice":"Ignored","damage_taken":0,"max_hp_gain":0,"max_hp_loss":0,"event_name":"Vampires","floor":22,"gold_loss":0},{"damage_healed":0,"gold_gain":0,"player_choice":"Ignored","damage_taken":0,"max_hp_gain":0,"max_hp_loss":0,"event_name":"The Mausoleum","floor":24,"gold_loss":0},{"damage_healed":0,"gold_gain":0,"player_choice":"Got Potions","damage_taken":0,"max_hp_gain":0,"max_hp_loss":0,"event_name":"Lab","floor":30,"gold_loss":0}],"is_beta":false,"boss_relics":[{"not_picked":["Astrolabe","Nuclear Battery"],"picked":"FrozenCore"}],"items_purged_floors":[],"is_endless":false,"potions_floor_spawned":[1,4,16,18,31],"killed_by":"Collector","ascension_level":20}