{"gold_per_floor":[19,19,36,46,121,121,121,71,71,96,115,40,56,56,56,159,159,169,169,169,169,186,186,201,201,201,201,227,52,72,89,89,192,192,211,223,183,203,222,222,247,247,247,261,261],"floor_reached":45,"playtime":2924,"items_purged":["Defend_R"],"score":538,"play_id":"27ec7072-224f-458e-9333-12b7d7c3a39a","local_time":"20190218145836","is_ascension_mode":true,"campfire_choices":[{"data":"Flex","floor":6.0,"key":"SMITH"},{"data":"Pommel Strike","floor":15.0,"key":"SMITH"},{"floor":23.0,"key":"REST"},{"data":"RitualDagger","floor":27.0,"key":"SMITH"},{"floor":32.0,"key":"REST"},{"floor":40.0,"key":"REST"},{"data":"Heavy Blade","floor":42.0,"key":"SMITH"}],"neow_cost":"NO_GOLD","seed_source_timestamp":0,"circlet_count":0,"master_deck":["Strike_R","Strike_R","Strike_R","Strike_R","Strike_R","Bash","Flex+1","Pommel Strike+1","Ghostly Armor","Spot Weakness+1","Inflame+1","Sword Boomerang","Limit Break+1","Wild Strike+1","RitualDagger+1","Pommel Strike+1","Double Tap+1","Heavy Blade+1","Pommel Strike","Heavy Blade","Feed","Infernal Blade+1","Thunderclap","Sword Boomerang+1","Spot Weakness+1","Twin Strike"],"special_seed":0,"relics":["Burning Blood","Pocketwatch","Bottled Lightning","Pantograph","Frozen Egg 2","Philosopher\u0027s Stone","Pear","Matryoshka","War Paint","Paper Frog","Smiling Mask","Blue Candle"],"potions_floor_usage":[44],"damage_taken":[{"damage":6.0,"enemies":"Cultist","floor":1.0,"turns":3.0},{"damage":7.0,"enemies":"2 Louse","floor":3.0,"turns":3.0},{"damage":6.0,"enemies":"Jaw Worm","floor":4.0,"turns":2.0},{"damage":6.0,"enemies":"Gremlin Nob","floor":10.0,"turns":3.0},{"damage":0.0,"enemies":"3 Louse","floor":11.0,"turns":2.0},{"damage":7.0,"enemies":"Blue Slaver","floor":13.0,"turns":3.0},{"damage":23.0,"enemies":"The Guardian","floor":16.0,"turns":5.0},{"damage":1.0,"enemies":"Spheric Guardian","floor":18.0,"turns":3.0},{"damage":43.0,"enemies":"3 Byrds","floor":22.0,"turns":4.0},{"damage":10.0,"enemies":"Snecko","floor":24.0,"turns":4.0},{"damage":35.0,"enemies":"Slavers","floor":28.0,"turns":4.0},{"damage":24.0,"enemies":"Snake Plant","floor":30.0,"turns":2.0},{"damage":24.0,"enemies":"3 Cultists","floor":31.0,"turns":4.0},{"damage":37.0,"enemies":"Automaton","floor":33.0,"turns":5.0},{"damage":16.0,"enemies":"3 Shapes","floor":35.0,"turns":4.0},{"damage":28.0,"enemies":"3 Darklings","floor":36.0,"turns":4.0},{"damage":3.0,"enemies":"Transient","floor":38.0,"turns":5.0},{"damage":12.0,"enemies":"Jaw Worm Horde","floor":39.0,"turns":3.0},{"damage":39.0,"enemies":"Giant Head","floor":41.0,"turns":6.0},{"damage":48,"enemies":"Maw","floor":44,"turns":5},{"damage":24,"enemies":"Writhing Mass","floor":45,"turns":1}],"seed_played":"-7018176821672942826","potions_obtained":[{"floor":3.0,"key":"AttackPotion"},{"floor":4.0,"key":"Explosive Potion"},{"floor":11.0,"key":"Energy Potion"},{"floor":13.0,"key":"SkillPotion"},{"floor":22.0,"key":"Poison Potion"},{"floor":24.0,"key":"BloodPotion"},{"floor":28.0,"key":"Energy Potion"},{"floor":35.0,"key":"BloodPotion"},{"floor":38.0,"key":"LiquidBronze"},{"floor":41.0,"key":"SteroidPotion"}],"is_trial":false,"path_per_floor":["M","$","M","M","?","R","T","?","T","E","M","$","M","?","R","B",null,"M","?","?","?","M","R","M","?","T","R","E","$","M","M","R","B",null,"M","M","?","M","M","R","E","R","T","M","M"],"character_chosen":"IRONCLAD","items_purchased":["War Paint","Heavy Blade"],"campfire_rested":3,"item_purchase_floors":[29,29],"current_hp_per_floor":[80,80,79,79,68,68,68,68,68,68,74,74,73,73,73,63,80,80,74,74,74,37,61,57,57,67,67,47,47,29,11,38,32,90,80,58,58,61,67,93,63,63,63,21,0],"gold":261,"neow_bonus":"ONE_RARE_RELIC","is_prod":false,"is_daily":false,"chose_seed":false,"campfire_upgraded":4,"win_rate":0,"timestamp":1550469516,"path_taken":["M","?","M","?","?","R","?","?","T","E","M","?","?","?","R","BOSS","M","?","?","?","?","R","M","?","T","R","E","$","M","M","R","BOSS","M","?","?","M","M","R","E","R","T","M","?"],"build_version":"2019-01-23","purchased_purges":1,"victory":false,"max_hp_per_floor":[80,80,80,80,80,80,80,80,80,80,80,80,80,80,80,80,80,80,80,80,80,80,80,80,80,90,90,90,90,90,90,90,90,90,90,90,90,90,93,93,96,96,96,96,96],"card_choices":[{"not_picked":["Anger","Havoc"],"picked":"Flex","floor":1.0},{"not_picked":["Heavy Blade","Body Slam"],"picked":"Pommel Strike","floor":3.0},{"not_picked":["Flame Barrier","Warcry"],"picked":"Ghostly Armor","floor":4.0},{"not_picked":["Searing Blow","Exhume"],"picked":"Spot Weakness","floor":10.0},{"not_picked":["Searing Blow","Wild Strike"],"picked":"Inflame+1","floor":11.0},{"not_picked":["Combust+1","Havoc"],"picked":"Sword Boomerang","floor":13.0},{"not_picked":["Exhume","Immolate"],"picked":"Limit Break","floor":16.0},{"not_picked":["Cleave","Burning Pact"],"picked":"Wild Strike+1","floor":18.0},{"not_picked":["Sword Boomerang+1","Shrug It Off"],"picked":"Double Tap","floor":22.0},{"not_picked":["Power Through+1","Body Slam"],"picked":"Heavy Blade","floor":24.0},{"not_picked":["Iron Wave","Wild Strike"],"picked":"Pommel Strike","floor":28.0},{"not_picked":["Armaments","Clothesline+1","Flame Barrier"],"picked":"SKIP","floor":30.0},{"not_picked":["Evolve+1","Seeing Red","Clash"],"picked":"SKIP","floor":31.0},{"not_picked":["Barricade+1","Berserk+1"],"picked":"Feed","floor":33.0},{"not_picked":["Armaments","Sword Boomerang"],"picked":"Infernal Blade+1","floor":35.0},{"not_picked":["Armaments+1","Flex"],"picked":"Thunderclap","floor":36.0},{"not_picked":["Sever Soul","Armaments+1"],"picked":"Sword Boomerang+1","floor":38.0},{"not_picked":["True Grit+1","Headbutt"],"picked":"Spot Weakness+1","floor":39.0},{"not_picked":["Bloodletting+1","Cleave"],"picked":"Twin Strike","floor":41.0},{"not_picked":["Power Through","Hemokinesis","Body Slam"],"picked":"SKIP","floor":44}],"player_experience":95189,"relics_obtained":[{"floor":7.0,"key":"Bottled Lightning"},{"floor":9.0,"key":"Pantograph"},{"floor":10.0,"key":"Frozen Egg 2"},{"floor":26.0,"key":"Pear"},{"floor":28.0,"key":"Matryoshka"},{"floor":41.0,"key":"Paper Frog"},{"floor":43.0,"key":"Smiling Mask"},{"floor":43.0,"key":"Blue Candle"}],"event_choices":[{"damage_healed":0.0,"max_hp_gain":0.0,"max_hp_loss":0.0,"gold_gain":75.0,"event_name":"World of Goop","player_choice":"Gather Gold","floor":5.0,"gold_loss":0.0,"damage_taken":11.0},{"cards_removed":["Defend_R"],"damage_healed":0.0,"max_hp_gain":0.0,"max_hp_loss":0.0,"gold_gain":0.0,"event_name":"The Cleric","player_choice":"Card Removal","floor":8.0,"gold_loss":50.0,"damage_taken":0.0},{"cards_removed":["Defend_R"],"damage_healed":0.0,"max_hp_gain":0.0,"max_hp_loss":0.0,"gold_gain":0.0,"event_name":"Living Wall","player_choice":"Forget","floor":14.0,"gold_loss":0.0,"damage_taken":0.0},{"damage_healed":0.0,"max_hp_gain":0.0,"max_hp_loss":0.0,"gold_gain":0.0,"event_name":"Nest","player_choice":"Joined the Cult","floor":19.0,"gold_loss":0.0,"damage_taken":6.0,"cards_obtained":["RitualDagger"]},{"damage_healed":0.0,"max_hp_gain":0.0,"max_hp_loss":0.0,"gold_gain":0.0,"event_name":"Vampires","player_choice":"Ignored","floor":20.0,"gold_loss":0.0,"damage_taken":0.0},{"damage_healed":0.0,"max_hp_gain":0.0,"max_hp_loss":0.0,"gold_gain":0.0,"event_name":"Duplicator","player_choice":"Copied","floor":21.0,"gold_loss":0.0,"damage_taken":0.0,"cards_obtained":["Pommel Strike"]},{"cards_removed":["Defend_R"],"damage_healed":0.0,"max_hp_gain":0.0,"max_hp_loss":0.0,"gold_gain":0.0,"event_name":"Purifier","player_choice":"Purged","floor":25.0,"gold_loss":0.0,"damage_taken":0.0},{"damage_healed":0.0,"max_hp_gain":0.0,"max_hp_loss":0.0,"gold_gain":0.0,"event_name":"Designer","player_choice":"Upgrade","floor":37.0,"gold_loss":40.0,"damage_taken":0.0,"cards_upgraded":["Limit Break"]}],"is_beta":false,"boss_relics":[{"not_picked":["Ectoplasm","White Beast Statue"],"picked":"Philosopher\u0027s Stone"},{"not_picked":["Snecko Eye","Runic Pyramid","Runic Dome"]}],"items_purged_floors":[12],"is_endless":false,"potions_floor_spawned":[3,4,11,13,22,24,28,35,38,41],"killed_by":"Writhing Mass","ascension_level":1}