{"gold_per_floor":[118,66,83,83,99,99,132,144,144],"floor_reached":9,"playtime":207,"items_purged":[],"score":126,"play_id":"ba31c2d0-a6d0-43ee-926b-3df5bea0783a","local_time":"20190421121847","is_ascension_mode":true,"campfire_choices":[{"data":"Capacitor","floor":6,"key":"SMITH"}],"neow_cost":"NONE","seed_source_timestamp":462343784580400,"circlet_count":0,"master_deck":["AscendersBane","Strike_B+1","Strike_B","Strike_B+1","Strike_B","Defend_B","Defend_B","Defend_B","Defend_B","Zap","Dualcast","Double Energy","Ball Lightning","Melter","Pain","Capacitor+1","White Noise","White Noise"],"relics":["Cracked Core","NeowsBlessing","WarpedTongs","Omamori","Whetstone"],"potions_floor_usage":[8],"damage_taken":[{"damage":0,"enemies":"Cultist","floor":1,"turns":1},{"damage":0,"enemies":"Small Slimes","floor":3,"turns":1},{"damage":1,"enemies":"2 Louse","floor":5,"turns":1},{"damage":43,"enemies":"3 Sentries","floor":7,"turns":8},{"damage":4,"enemies":"Large Slime","floor":8,"turns":5}],"seed_played":"995372568355267113","potions_obtained":[{"floor":1,"key":"Poison Potion"},{"floor":3,"key":"Poison Potion"},{"floor":7,"key":"Fire Potion"}],"is_trial":false,"path_per_floor":["M","$","M","?","M","R","E","M","T"],"character_chosen":"DEFECT","items_purchased":["Ball Lightning"],"campfire_rested":0,"item_purchase_floors":[2],"current_hp_per_floor":[64,64,64,64,63,63,20,16,16],"gold":144,"neow_bonus":"THREE_ENEMY_KILL","is_prod":false,"is_daily":false,"chose_seed":false,"campfire_upgraded":1,"win_rate":0,"timestamp":1555816727,"path_taken":["M","$","M","?","?","R","E","M","T"],"build_version":"2019-01-23","purchased_purges":0,"victory":false,"max_hp_per_floor":[71,71,71,71,71,71,71,71,71],"card_choices":[{"not_picked":["Reinforced Body","Gash"],"picked":"Double Energy","floor":1},{"not_picked":["Gash","Steam Power"],"picked":"Melter","floor":3},{"not_picked":["BootSequence","Redo"],"picked":"Capacitor","floor":5},{"not_picked":["Coolheaded","Streamline"],"picked":"White Noise","floor":7},{"not_picked":["Reprogram","Steam Power"],"picked":"White Noise","floor":8}],"player_experience":3266574,"relics_obtained":[{"floor":7,"key":"Omamori"},{"floor":9,"key":"Whetstone"}],"event_choices":[{"damage_healed":0,"gold_gain":0,"player_choice":"Rummage","damage_taken":0,"relics_obtained":["WarpedTongs"],"max_hp_gain":0,"max_hp_loss":0,"event_name":"Accursed Blacksmith","floor":4,"gold_loss":0,"cards_obtained":["Pain"]}],"is_beta":false,"boss_relics":[],"items_purged_floors":[],"is_endless":false,"potions_floor_spawned":[1,3,7],"ascension_level":20}