{"gold_per_floor":[17,36,50,50,50,83,102,102,102,135,310,310,310,49,49,49],"floor_reached":16,"playtime":826,"items_purged":[],"score":110,"play_id":"4efba601-d131-4202-acac-83df9be15581","local_time":"20180805190810","is_ascension_mode":false,"campfire_choices":[{"floor":8,"key":"REST"},{"floor":15,"key":"REST"}],"neow_cost":"NO_GOLD","seed_source_timestamp":1208900288315553,"circlet_count":0,"master_deck":["Strike_R","Strike_R","Strike_R","Strike_R","Strike_R","Defend_R","Defend_R","Defend_R","Bash","Doubt"],"relics":["Burning Blood","Ice Cream","Oddly Smooth Stone","Mummified Hand","Juzu Bracelet","Ancient Tea Set","Pantograph"],"potions_floor_usage":[7,13],"damage_taken":[{"damage":1,"enemies":"Cultist","floor":1,"turns":3},{"damage":11,"enemies":"Jaw Worm","floor":2,"turns":5},{"damage":0,"enemies":"Small Slimes","floor":3,"turns":4},{"damage":28,"enemies":"3 Sentries","floor":6,"turns":11},{"damage":6,"enemies":"Gremlin Gang","floor":7,"turns":8},{"damage":54,"enemies":"Lagavulin","floor":10,"turns":6},{"damage":0,"enemies":"Blue Slaver","floor":13,"turns":1},{"damage":80,"enemies":"The Guardian","floor":16,"turns":14}],"seed_played":"-5862083071072824096","potions_obtained":[{"floor":3,"key":"FairyPotion"},{"floor":6,"key":"Swift Potion"},{"floor":7,"key":"SmokeBomb"}],"is_trial":false,"path_per_floor":["M","M","M","?","?","E","M","R","T","E","?","?","M","$","R"],"character_chosen":"IRONCLAD","items_purchased":["Pantograph"],"campfire_rested":2,"item_purchase_floors":[14],"current_hp_per_floor":[80,75,80,80,80,58,58,80,80,32,32,32,38,38,62,0],"gold":49,"neow_bonus":"ONE_RARE_RELIC","is_prod":false,"is_daily":false,"chose_seed":false,"campfire_upgraded":0,"win_rate":0,"timestamp":1533485290,"path_taken":["M","M","?","?","?","E","M","R","T","E","?","?","M","$","R","BOSS"],"build_version":"2018-08-02","purchased_purges":0,"victory":false,"max_hp_per_floor":[80,80,80,80,80,80,80,80,80,80,80,80,80,80,80,80],"card_choices":[{"not_picked":["Wild Strike","Cleave","Pummel"],"picked":"SKIP","floor":1},{"not_picked":["Headbutt","Seeing Red","Armaments"],"picked":"SKIP","floor":2},{"not_picked":["Anger","Combust","Rupture"],"picked":"SKIP","floor":3},{"not_picked":["Exhume","Headbutt","Shockwave"],"picked":"SKIP","floor":6},{"not_picked":["Armaments","Twin Strike","Anger"],"picked":"SKIP","floor":7},{"not_picked":["Demon Form","Shrug It Off","Clothesline"],"picked":"SKIP","floor":10}],"player_experience":637108,"relics_obtained":[{"floor":6,"key":"Mummified Hand"},{"floor":9,"key":"Juzu Bracelet"},{"floor":10,"key":"Ancient Tea Set"}],"event_choices":[{"event_name":"Living Wall","player_choice":"Forget","floor":4,"damage_taken":0},{"event_name":"WeMeetAgain","player_choice":"Potion","floor":5,"damage_taken":0},{"event_name":"Liars Game","player_choice":"agreed","floor":11,"damage_taken":0},{"event_name":"Accursed Blacksmith","player_choice":"Ignore","floor":12,"damage_taken":0}],"is_beta":false,"boss_relics":[],"items_purged_floors":[],"is_endless":false,"potions_floor_spawned":[3,6,7,13],"killed_by":"The Guardian","ascension_level":0}