{"gold_per_floor":[365,417,417,189,208,208,234,61,61,79,91,116,116,149,149,226,226,241,241,241],"floor_reached":20,"playtime":475,"items_purged":[],"score":380,"play_id":"a61270bb-4082-4424-bdf2-a4ccafb48bc6","local_time":"20190407183745","is_ascension_mode":true,"campfire_choices":[{"data":"Discovery","floor":6,"key":"SMITH"},{"floor":13,"key":"REST"},{"floor":15,"key":"REST"}],"neow_cost":"TEN_PERCENT_HP_LOSS","seed_source_timestamp":59916152022700,"circlet_count":0,"master_deck":["AscendersBane","Strike_B","Strike_B","Defend_B","Defend_B","Defend_B","Defend_B","Zap","Dualcast","Streamline+1","Glacier","Discovery+1","Double Energy","Sunder","Darkness+1","Capacitor","Biased Cognition","Coolheaded+1","Decay","Writhe"],"relics":["Cracked Core","Happy Flower","Bronze Scales","Toxic Egg 2","Mercury Hourglass","Empty Cage","Ancient Tea Set"],"potions_floor_usage":[11,16,18],"damage_taken":[{"damage":1,"enemies":"2 Louse","floor":1,"turns":3},{"damage":1,"enemies":"Jaw Worm","floor":5,"turns":4},{"damage":30,"enemies":"Lagavulin","floor":7,"turns":8},{"damage":2,"enemies":"Cultist","floor":10,"turns":3},{"damage":6,"enemies":"Lots of Slimes","floor":11,"turns":1},{"damage":11,"enemies":"Gremlin Nob","floor":12,"turns":3},{"damage":18,"enemies":"3 Sentries","floor":14,"turns":5},{"damage":2,"enemies":"The Guardian","floor":16,"turns":8},{"damage":38,"enemies":"Shell Parasite","floor":18,"turns":4}],"seed_played":"4399728158612805619","potions_obtained":[{"floor":7,"key":"SmokeBomb"},{"floor":11,"key":"Energy Potion"},{"floor":16,"key":"AttackPotion"}],"is_trial":false,"path_per_floor":["M","?","?","$","M","R","E","$","T","M","M","E","R","E","R","B",null,"M","?","?"],"character_chosen":"DEFECT","items_purchased":["Glacier","Explosive Potion","Discovery","Bronze Scales"],"campfire_rested":2,"item_purchase_floors":[4,4,4,8],"current_hp_per_floor":[63,63,63,63,62,62,32,32,32,30,24,13,32,14,33,31,56,18,18,18],"gold":241,"neow_bonus":"TWO_FIFTY_GOLD","is_prod":false,"is_daily":false,"chose_seed":false,"campfire_upgraded":1,"win_rate":0,"timestamp":1554629865,"path_taken":["M","?","?","$","?","R","E","?","T","M","M","E","R","E","R","BOSS","M","?","?"],"build_version":"2019-01-23","purchased_purges":0,"victory":false,"max_hp_per_floor":[64,64,64,64,64,64,64,64,64,64,64,64,64,64,64,64,64,64,64,64],"card_choices":[{"not_picked":["Stack","Static Discharge"],"picked":"Streamline","floor":1},{"not_picked":["Beam Cell","Ball Lightning"],"picked":"Double Energy","floor":5},{"not_picked":["Fusion","Chaos","Multi-Cast"],"picked":"SKIP","floor":7},{"not_picked":["Ball Lightning","Static Discharge"],"picked":"Sunder","floor":10},{"not_picked":["Hologram","Beam Cell","Auto Shields"],"picked":"SKIP","floor":11},{"not_picked":["FTL","Leap"],"picked":"Darkness","floor":12},{"not_picked":["Steam+1","Leap+1"],"picked":"Capacitor","floor":14},{"not_picked":["Amplify+1","Machine Learning"],"picked":"Biased Cognition","floor":16},{"not_picked":["Hologram+1","Sweeping Beam"],"picked":"Coolheaded+1","floor":18}],"player_experience":2949026,"relics_obtained":[{"floor":7,"key":"Happy Flower"},{"floor":12,"key":"Toxic Egg 2"},{"floor":14,"key":"Mercury Hourglass"}],"event_choices":[{"damage_healed":0,"gold_gain":52,"player_choice":"Gained Gold","damage_taken":0,"max_hp_gain":0,"max_hp_loss":0,"event_name":"Golden Wing","floor":2,"gold_loss":0},{"damage_healed":0,"gold_gain":0,"player_choice":"Upgraded","damage_taken":0,"max_hp_gain":0,"max_hp_loss":0,"event_name":"Upgrade Shrine","floor":3,"gold_loss":0,"cards_upgraded":["Streamline"]},{"damage_healed":0,"gold_gain":0,"player_choice":"Smashed Altar","damage_taken":0,"max_hp_gain":0,"max_hp_loss":0,"event_name":"Forgotten Altar","floor":19,"gold_loss":0,"cards_obtained":["Decay"]},{"damage_healed":0,"gold_gain":0,"player_choice":"Opened","damage_taken":0,"relics_obtained":["Ancient Tea Set"],"max_hp_gain":0,"max_hp_loss":0,"event_name":"The Mausoleum","floor":20,"gold_loss":0,"cards_obtained":["Writhe"]}],"is_beta":false,"boss_relics":[{"not_picked":["Ectoplasm","Tiny House"],"picked":"Empty Cage"}],"items_purged_floors":[],"is_endless":false,"potions_floor_spawned":[7,11,12,16],"ascension_level":20}