{"gold_per_floor":[118,134,134,134,151,151,166,181,256,256,331,331,342,342],"floor_reached":14,"playtime":209,"items_purged":[],"score":164,"play_id":"d8719e49-8507-4540-9239-7bb1f5584fc9","local_time":"20190414183430","is_ascension_mode":true,"campfire_choices":[{"data":"Doom and Gloom","floor":6,"key":"SMITH"},{"floor":10,"key":"REST"},{"data":"Turbo","floor":12,"key":"SMITH"}],"neow_cost":"NONE","seed_source_timestamp":198149093973700,"circlet_count":0,"master_deck":["AscendersBane","Strike_B","Strike_B+1","Strike_B","Strike_B","Defend_B","Defend_B","Defend_B","Defend_B+1","Zap","Dualcast","Doom and Gloom+1","Turbo+1","Cold Snap","Static Discharge"],"relics":["Cracked Core","NeowsBlessing","Mango","Question Card"],"potions_floor_usage":[],"damage_taken":[{"damage":0,"enemies":"Jaw Worm","floor":1,"turns":1},{"damage":0,"enemies":"2 Louse","floor":2,"turns":1},{"damage":0,"enemies":"Small Slimes","floor":5,"turns":1},{"damage":4,"enemies":"Looter","floor":7,"turns":3},{"damage":0,"enemies":"Large Slime","floor":8,"turns":4},{"damage":6,"enemies":"Blue Slaver","floor":13,"turns":3}],"seed_played":"-6073833798990670121","potions_obtained":[{"floor":5,"key":"SpeedPotion"},{"floor":8,"key":"Dexterity Potion"}],"is_trial":false,"path_per_floor":["M","M","?","?","M","R","M","M","T","R","?","R","M","E"],"character_chosen":"DEFECT","items_purchased":[],"campfire_rested":1,"item_purchase_floors":[],"current_hp_per_floor":[64,64,60,34,34,34,30,30,30,55,44,44,38,4],"gold":342,"neow_bonus":"THREE_ENEMY_KILL","is_prod":false,"is_daily":false,"chose_seed":false,"campfire_upgraded":2,"win_rate":0,"timestamp":1555234470,"path_taken":["M","M","?","?","M","R","M","M","T","R","?","R","M","E"],"build_version":"2019-01-23","purchased_purges":0,"victory":false,"max_hp_per_floor":[71,71,85,85,85,85,85,85,85,85,85,85,85,85],"card_choices":[{"not_picked":["Turbo","Coolheaded"],"picked":"Doom and Gloom","floor":1},{"not_picked":["Rebound","Redo"],"picked":"Turbo","floor":2},{"not_picked":["Meteor Strike","Reprogram"],"picked":"Cold Snap","floor":5},{"not_picked":["Leap","Sweeping Beam","Gash"],"picked":"SKIP","floor":7},{"not_picked":["BootSequence","Rebound","Auto Shields"],"picked":"SKIP","floor":8},{"not_picked":["Stack","Undo","Genetic Algorithm"],"picked":"Static Discharge","floor":13}],"player_experience":3129829,"relics_obtained":[{"floor":9,"key":"Question Card"}],"event_choices":[{"damage_healed":0,"gold_gain":0,"player_choice":"Success","damage_taken":18,"relics_obtained":["Mango"],"max_hp_gain":0,"max_hp_loss":0,"event_name":"Scrap Ooze","floor":3,"gold_loss":0},{"damage_healed":0,"gold_gain":0,"player_choice":"Entered Light","damage_taken":26,"max_hp_gain":0,"max_hp_loss":0,"event_name":"Shining Light","floor":4,"gold_loss":0,"cards_upgraded":["Defend_B","Strike_B"]},{"damage_healed":0,"gold_gain":75,"player_choice":"Gather Gold","damage_taken":11,"max_hp_gain":0,"max_hp_loss":0,"event_name":"World of Goop","floor":11,"gold_loss":0}],"is_beta":false,"boss_relics":[],"items_purged_floors":[],"is_endless":false,"potions_floor_spawned":[5,8,13],"killed_by":"Gremlin Nob","ascension_level":20}