{"path_per_floor":["M","?","M","?","M","R","M","R","T","R","E","M","E","M","R","B",null,"M","?","?","?","M","E","R","?","T","E","$","M","R","M","R","B",null,"M","?","?","$","M","R","M","M","T","?","?","M","R","M","R"],"character_chosen":"IRONCLAD","items_purchased":["Self Forming Clay","Dramatic Entrance","Infernal Blade","Happy Flower"],"gold_per_floor":[116,116,136,136,155,155,168,168,168,168,193,209,241,251,251,350,350,368,368,368,368,387,416,416,416,416,447,29,48,48,60,60,161,161,181,181,181,29,43,43,59,78,78,78,78,90,90,109,109,109],"floor_reached":50,"campfire_rested":5,"playtime":3778,"current_hp_per_floor":[68,68,73,73,74,74,80,80,80,80,80,80,67,73,73,30,68,70,70,70,70,73,76,76,76,76,50,50,33,57,44,68,50,73,49,49,44,44,45,69,32,31,38,60,60,66,87,59,85,0],"items_purged":[],"gold":109,"score":689,"play_id":"0cd7a73f-78ad-4673-9e9b-9e23d4c56994","local_time":"20180426215747","is_prod":false,"is_daily":false,"chose_seed":false,"is_ascension_mode":true,"campfire_upgraded":5,"timestamp":1524769067,"path_taken":["M","?","M","?","M","R","M","R","T","R","E","?","E","M","R","BOSS","M","?","?","?","M","E","R","?","T","E","$","M","R","M","R","BOSS","M","?","?","$","M","R","M","M","T","?","?","M","R","?","R","BOSS"],"build_version":"2018-04-19","seed_source_timestamp":360428446412580,"purchased_purges":0,"victory":false,"master_deck":["Strike_R","Strike_R","Strike_R","Defend_R","Defend_R","Defend_R","Defend_R","Bash","Immolate+1","Cleave","Clothesline","Bash+1","Finesse","Armaments+1","Offering","Clash","Flex","Infernal Blade+1","Demon Form+1","Rage","Limit Break+1","Sword Boomerang+1","Dramatic Entrance","Infernal Blade","Fire Breathing+1","Iron Wave","Offering","Rupture+1","Bandage Up","Transmutation","Rupture+1","Flame Barrier","Whirlwind+1","Iron Wave","Infernal Blade+1"],"max_hp_per_floor":[80,80,80,80,80,80,80,80,80,80,80,80,80,80,80,80,80,80,80,80,80,80,80,80,80,80,80,80,80,80,80,80,80,80,80,80,80,80,80,80,80,80,87,87,87,87,87,87,87,87],"relics":["Burning Blood","Vajra","Ornamental Fan","Frozen Egg 2","Nloth\u0027s Gift","Omamori","Shovel","Peace Pipe","Self Forming Clay","Velvet Choker","Happy Flower","Strawberry","Anchor"],"card_choices":[{"not_picked":["Ghostly Armor","Anger"],"picked":"Cleave","floor":1},{"not_picked":["Intimidate","Pommel Strike"],"picked":"Armaments","floor":5},{"not_picked":["Brutality","Evolve"],"picked":"Offering","floor":11},{"not_picked":["Clothesline","Disarm"],"picked":"Clash","floor":12},{"not_picked":["Warcry","Feel No Pain"],"picked":"Flex","floor":13},{"not_picked":["Intimidate","Havoc"],"picked":"Infernal Blade","floor":14},{"not_picked":["Dark Embrace","Impervious"],"picked":"Demon Form","floor":16},{"not_picked":["Havoc","Warcry"],"picked":"Blood for Blood","floor":18},{"not_picked":["Searing Blow","Reckless Charge"],"picked":"Rage","floor":22},{"not_picked":["Headbutt","Shrug It Off"],"picked":"Limit Break","floor":23},{"not_picked":["Armaments","Double Tap"],"picked":"Sword Boomerang","floor":27},{"not_picked":["Impervious","Sword Boomerang"],"picked":"Fire Breathing","floor":29},{"not_picked":["Fiend Fire","Havoc"],"picked":"Iron Wave","floor":31},{"not_picked":["Barricade","Exhume"],"picked":"Offering","floor":33},{"not_picked":["Clothesline","Anger"],"picked":"Rupture","floor":35},{"not_picked":["Madness","Flash of Steel"],"picked":"Bandage Up","floor":37},{"not_picked":["Dark Shackles","Secret Technique"],"picked":"Transmutation","floor":37},{"not_picked":["Heavy Blade","Shockwave"],"picked":"Rupture","floor":39},{"not_picked":["Burning Pact","Sever Soul"],"picked":"Flame Barrier","floor":41},{"not_picked":["Headbutt","Clothesline"],"picked":"Whirlwind","floor":42},{"not_picked":["Twin Strike","Headbutt"],"picked":"Iron Wave","floor":46},{"not_picked":["Seeing Red","Wild Strike"],"picked":"Infernal Blade","floor":48}],"player_experience":374725,"potions_floor_usage":[16,23,27,27,31,33,39,41,42,50],"damage_taken":[{"damage":10,"enemies":"Small Slimes","floor":1,"turns":3},{"damage":1,"enemies":"Cultist","floor":3,"turns":3},{"damage":5,"enemies":"Jaw Worm","floor":5,"turns":3},{"damage":0,"enemies":"3 Louse","floor":7,"turns":1},{"damage":3,"enemies":"3 Sentries","floor":11,"turns":3},{"damage":0,"enemies":"Gremlin Gang","floor":12,"turns":1},{"damage":19,"enemies":"Lagavulin","floor":13,"turns":4},{"damage":0,"enemies":"Lots of Slimes","floor":14,"turns":1},{"damage":49,"enemies":"Hexaghost","floor":16,"turns":7},{"damage":4,"enemies":"Chosen","floor":18,"turns":3},{"damage":3,"enemies":"Spheric Guardian","floor":22,"turns":3},{"damage":3,"enemies":"Slavers","floor":23,"turns":2},{"damage":41,"enemies":"Gremlin Leader","floor":27,"turns":6},{"damage":23,"enemies":"Snake Plant","floor":29,"turns":4},{"damage":19,"enemies":"Cultist and Chosen","floor":31,"turns":5},{"damage":24,"enemies":"Champ","floor":33,"turns":7},{"damage":30,"enemies":"Orb Walker","floor":35,"turns":4},{"damage":9,"enemies":"3 Darklings","floor":39,"turns":2},{"damage":47,"enemies":"Sphere and 2 Shapes","floor":41,"turns":4},{"damage":18,"enemies":"4 Shapes","floor":42,"turns":4},{"damage":4,"enemies":"3 Darklings","floor":46,"turns":1},{"damage":34,"enemies":"Maw","floor":48,"turns":6},{"damage":109,"enemies":"Awakened One","floor":50,"turns":9}],"event_choices":[{"event_name":"Transmorgrifier","player_choice":"Transform","floor":2,"damage_taken":0},{"event_name":"Match and Keep!","player_choice":"2 cards matched","floor":4,"damage_taken":0},{"event_name":"N\u0027loth","player_choice":"Traded a Philosopher\u0027s Stone","floor":19,"damage_taken":0},{"event_name":"Beggar","player_choice":"Ignored","floor":20,"damage_taken":0},{"event_name":"Purifier","player_choice":"One Purge","floor":21,"damage_taken":0},{"event_name":"Vampires","player_choice":"Ignored","floor":25,"damage_taken":0},{"event_name":"SensoryStone","player_choice":"Memory 2","floor":37,"damage_taken":0},{"event_name":"Winding Halls","player_choice":"Writhe","floor":44,"damage_taken":0},{"event_name":"Accursed Blacksmith","player_choice":"Rummage","floor":45,"damage_taken":0}],"boss_relics":[{"not_picked":["Astrolabe","Tiny House"],"picked":"Philosopher\u0027s Stone"},{"not_picked":["Snecko Eye","Black Blood"],"picked":"Velvet Choker"}],"potions_floor_spawned":[1,5,12,13,16,29,31,33,39,41,46],"seed_played":"1971901440981096053","killed_by":"Awakened One","ascension_level":7,"is_trial":false}