{"gold_per_floor":[111,130,80,80,80,110,110,130,156,191,191,121,121,155,155,252,252,272,102,120,120,130,158,170,190,215,215,247,265,300,314,314,415,415,426,446,446,446,156,189,242,242,242,262,274,125,145,179,179,179,179,179,77,104,104],"floor_reached":56,"playtime":5704,"items_purged":["Strike_B","Strike_B","Defend_B"],"score":1694,"play_id":"d8656673-dee1-4850-bf2f-e0b912f41609","local_time":"20190306220917","is_ascension_mode":true,"campfire_choices":[{"data":"Recycle","floor":7.0,"key":"SMITH"},{"data":"Defragment","floor":13.0,"key":"SMITH"},{"data":"Zap","floor":15.0,"key":"SMITH"},{"floor":32,"key":"REST"},{"floor":42,"key":"REST"},{"floor":49,"key":"RECALL"},{"floor":52,"key":"DIG"}],"neow_cost":"NONE","seed_source_timestamp":0,"circlet_count":0,"master_deck":["Defend_B","Defend_B","Defend_B+1","Zap+1","Buffer+1","Recycle+1","Gash","Compile Driver","Streamline+1","Hologram+1","Defragment+1","Beam Cell","Fission","Turbo","Swift Strike","White Noise+1","Conserve Battery+1","Gash+1","Turbo+1","Gash+1","Rebound+1","Gash","Go for the Eyes","Seek","Leap+1","Good Instincts","Panache","Ball Lightning","Beam Cell+1","Hologram+1","Static Discharge+1"],"special_seed":0,"relics":["Cracked Core","DataDisk","Symbiotic Virus","Dream Catcher","Unceasing Top","Shuriken","Fusion Hammer","Dead Branch","Bronze Scales","Smiling Mask","Ginger","Empty Cage","Letter Opener","Centennial Puzzle","Shovel","War Paint","Bag of Preparation","Mercury Hourglass","Whetstone"],"potions_floor_usage":[23,23,25,31,41,50,55,55,55],"damage_taken":[{"damage":0.0,"enemies":"Jaw Worm","floor":1.0,"turns":3.0},{"damage":7.0,"enemies":"Small Slimes","floor":2.0,"turns":3.0},{"damage":0.0,"enemies":"Lagavulin","floor":6.0,"turns":7.0},{"damage":0.0,"enemies":"2 Louse","floor":8.0,"turns":2.0},{"damage":0.0,"enemies":"Gremlin Nob","floor":10.0,"turns":3.0},{"damage":20.0,"enemies":"3 Sentries","floor":14.0,"turns":4.0},{"damage":25.0,"enemies":"Hexaghost","floor":16.0,"turns":6.0},{"damage":0.0,"enemies":"Shell Parasite","floor":18.0,"turns":4.0},{"damage":2,"enemies":"Chosen","floor":20,"turns":5},{"damage":8,"enemies":"Snake Plant","floor":22,"turns":3},{"damage":14,"enemies":"Slavers","floor":23,"turns":3},{"damage":0,"enemies":"3 Cultists","floor":24,"turns":2},{"damage":0,"enemies":"Cultist and Chosen","floor":25,"turns":3},{"damage":13,"enemies":"Gremlin Leader","floor":28,"turns":3},{"damage":4,"enemies":"Centurion and Healer","floor":29,"turns":3},{"damage":0,"enemies":"Book of Stabbing","floor":30,"turns":3},{"damage":4,"enemies":"3 Cultists","floor":31,"turns":3},{"damage":3,"enemies":"Champ","floor":33,"turns":6},{"damage":0,"enemies":"Orb Walker","floor":35,"turns":2},{"damage":0,"enemies":"3 Shapes","floor":36,"turns":4},{"damage":0,"enemies":"Giant Head","floor":40,"turns":3},{"damage":0,"enemies":"2 Orb Walkers","floor":41,"turns":3},{"damage":0,"enemies":"Sphere and 2 Shapes","floor":44,"turns":2},{"damage":0,"enemies":"Transient","floor":45,"turns":5},{"damage":0,"enemies":"4 Shapes","floor":47,"turns":1},{"damage":0,"enemies":"Nemesis","floor":48,"turns":1},{"damage":19,"enemies":"Awakened One","floor":50,"turns":8},{"damage":0,"enemies":"Shield and Spear","floor":54,"turns":5},{"damage":62,"enemies":"The Heart","floor":55,"turns":8}],"seed_played":"-4773727205616253646","potions_obtained":[{"floor":1.0,"key":"Poison Potion"},{"floor":6.0,"key":"Swift Potion"},{"floor":18,"key":"Regen Potion"},{"floor":22,"key":"SpeedPotion"},{"floor":28,"key":"Weak Potion"},{"floor":30,"key":"Weak Potion"},{"floor":40,"key":"Explosive Potion"},{"floor":41,"key":"Block Potion"},{"floor":44,"key":"Strength Potion"},{"floor":48,"key":"Dexterity Potion"}],"is_trial":false,"path_per_floor":["M","M","?","?","?","E","R","M","T","E","?","$","R","E","R","B",null,"M","$","M","?","M","E","M","M","T","?","E","M","E","M","R","B",null,"M","M","?","?","$","E","?","R","T","M","M","$","M","E","R","B",null,"R","$","E","B",null],"character_chosen":"DEFECT","items_purchased":["Defragment","Swift Strike","Letter Opener","War Paint","Block Potion"],"campfire_rested":2,"item_purchase_floors":[12,19,39,46,53],"current_hp_per_floor":[75,68,68,56,56,56,56,56,56,56,56,56,56,36,36,11,59,59,59,57,57,49,47,47,47,47,47,34,30,30,26,48,45,68,68,68,58,58,58,58,58,75,75,75,75,75,75,75,75,56,70,70,70,70,8],"gold":104,"neow_bonus":"ONE_RANDOM_RARE_CARD","is_prod":false,"is_daily":false,"chose_seed":false,"campfire_upgraded":3,"win_rate":0,"timestamp":1551928157,"path_taken":["M","M","?","?","?","E","R","M","T","E","?","$","R","E","R","BOSS","M","$","M","?","M","E","M","M","T","?","E","M","E","M","R","BOSS","M","M","?","?","?","E","?","R","T","M","M","$","M","E","R","BOSS","R","$","E","BOSS"],"build_version":"2019-01-23","purchased_purges":3,"victory":true,"max_hp_per_floor":[75,75,75,75,75,75,75,75,75,75,75,75,75,75,75,75,75,75,75,75,75,75,75,75,75,75,75,75,75,75,75,75,75,75,75,75,75,75,75,75,75,75,75,75,75,75,75,75,75,75,75,75,75,75,75],"card_choices":[{"not_picked":["Skim","Lockon"],"picked":"Recycle","floor":1.0},{"not_picked":["Coolheaded","Reprogram"],"picked":"Gash","floor":2.0},{"not_picked":["Force Field","Lockon"],"picked":"Compile Driver","floor":6.0},{"not_picked":["Barrage","Stack"],"picked":"Streamline","floor":8.0},{"not_picked":["Gash","Redo"],"picked":"Hologram","floor":10.0},{"not_picked":["Tempest","Storm"],"picked":"Beam Cell","floor":14.0},{"not_picked":["Hyperbeam","Thunder Strike"],"picked":"Fission","floor":16.0},{"not_picked":["Skim","Coolheaded"],"picked":"Turbo","floor":18},{"not_picked":["Leap","Scrape"],"picked":"White Noise+1","floor":20},{"not_picked":["Scrape","Meteor Strike"],"picked":"Conserve Battery","floor":22},{"not_picked":["Darkness","Coolheaded+1"],"picked":"Gash+1","floor":23},{"not_picked":["Stack","Defragment"],"picked":"Turbo+1","floor":24},{"not_picked":["Rebound","Capacitor"],"picked":"Gash","floor":25},{"not_picked":["Steam+1","Barrage"],"picked":"Rebound+1","floor":28},{"not_picked":["Conserve Battery","Reinforced Body"],"picked":"Gash","floor":29},{"not_picked":["Melter","Sweeping Beam"],"picked":"Go for the Eyes","floor":30},{"not_picked":["Aggregate","Fission","Turbo"],"picked":"SKIP","floor":31},{"not_picked":["Reboot","Creative AI"],"picked":"Seek","floor":33},{"not_picked":["Go for the Eyes","Steam Power"],"picked":"Leap+1","floor":35},{"not_picked":["Tempest+1","Force Field","Barrage+1"],"picked":"SKIP","floor":36},{"not_picked":["Purity","Trip"],"picked":"Good Instincts","floor":37},{"not_picked":["Enlightenment","The Bomb"],"picked":"Panache","floor":37},{"not_picked":["Streamline","Compile Driver+1","Ball Lightning"],"picked":"SKIP","floor":40},{"not_picked":["Streamline","Compile Driver+1"],"picked":"Ball Lightning","floor":40},{"not_picked":["Darkness+1","Thunder Strike"],"picked":"Beam Cell+1","floor":42},{"not_picked":["Gash","Stack+1"],"picked":"Hologram+1","floor":44},{"not_picked":["Tempest","Hologram"],"picked":"Static Discharge+1","floor":45},{"not_picked":["Melter+1","Barrage+1","Conserve Battery+1"],"picked":"SKIP","floor":47},{"not_picked":["Ball Lightning+1","Tempest+1","Barrage+1"],"picked":"SKIP","floor":48},{"not_picked":["Auto Shields","Fission","Compile Driver"],"picked":"SKIP","floor":54}],"player_experience":203626,"relics_obtained":[{"floor":6.0,"key":"Symbiotic Virus"},{"floor":9.0,"key":"Dream Catcher"},{"floor":10.0,"key":"Unceasing Top"},{"floor":14.0,"key":"Shuriken"},{"floor":23,"key":"Dead Branch"},{"floor":26,"key":"Bronze Scales"},{"floor":28,"key":"Smiling Mask"},{"floor":30,"key":"Ginger"},{"floor":40,"key":"Centennial Puzzle"},{"floor":41,"key":"Shovel"},{"floor":48,"key":"Bag of Preparation"},{"floor":52,"key":"Mercury Hourglass"},{"floor":54,"key":"Whetstone"}],"event_choices":[{"cards_removed":["Strike_B"],"damage_healed":0.0,"max_hp_gain":0.0,"max_hp_loss":0.0,"gold_gain":0.0,"event_name":"The Cleric","player_choice":"Card Removal","floor":3.0,"gold_loss":50.0,"damage_taken":0.0},{"damage_healed":0.0,"max_hp_gain":0.0,"max_hp_loss":0.0,"gold_gain":0.0,"event_name":"Scrap Ooze","player_choice":"Success","floor":4.0,"gold_loss":0.0,"damage_taken":12.0,"relics_obtained":["DataDisk"]},{"damage_healed":0.0,"max_hp_gain":0.0,"max_hp_loss":0.0,"gold_gain":0.0,"event_name":"Living Wall","player_choice":"Grow","floor":5.0,"gold_loss":0.0,"damage_taken":0.0,"cards_upgraded":["Buffer"]},{"damage_healed":0.0,"max_hp_gain":0.0,"max_hp_loss":0.0,"gold_gain":0.0,"event_name":"Upgrade Shrine","player_choice":"Upgraded","floor":11.0,"gold_loss":0.0,"damage_taken":0.0,"cards_upgraded":["Hologram"]},{"damage_healed":0,"gold_gain":0,"player_choice":"Ignored","damage_taken":0,"max_hp_gain":0,"max_hp_loss":0,"event_name":"Ghosts","floor":21,"gold_loss":0},{"damage_healed":0,"gold_gain":0,"player_choice":"Ignored","damage_taken":0,"max_hp_gain":0,"max_hp_loss":0,"event_name":"Vampires","floor":27,"gold_loss":0},{"damage_healed":0,"gold_gain":0,"player_choice":"Memory 3","damage_taken":10,"max_hp_gain":0,"max_hp_loss":0,"event_name":"SensoryStone","floor":37,"gold_loss":0},{"damage_healed":0,"gold_gain":0,"player_choice":"Ignored","damage_taken":0,"max_hp_gain":0,"max_hp_loss":0,"event_name":"Tomb of Lord Red Mask","floor":38,"gold_loss":0},{"damage_healed":0,"gold_gain":0,"player_choice":"Fight","damage_taken":0,"max_hp_gain":0,"max_hp_loss":0,"event_name":"Mysterious Sphere","floor":41,"gold_loss":0}],"is_beta":false,"boss_relics":[{"not_picked":["Busted Crown","Ectoplasm"],"picked":"Fusion Hammer"},{"not_picked":["Philosopher\u0027s Stone","Velvet Choker"],"picked":"Empty Cage"}],"items_purged_floors":[19,39,53],"is_endless":false,"potions_floor_spawned":[1,6,18,22,28,30,40,41,44,48,54],"ascension_level":5}