{"gold_per_floor":[215,233,233,233,251,292,315,315,315,30,30,96,135,235,235,333,333,353,428,12,337,358,358,21,57,132,132,127,127,140,140],"floor_reached":31,"playtime":939,"items_purged":["Regret"],"score":601,"play_id":"7e5d9604-e5e1-4d40-99a4-e042902f8c98","local_time":"20190322225557","is_ascension_mode":true,"campfire_choices":[{"floor":8,"key":"REST"},{"data":"Consume","floor":15,"key":"SMITH"},{"floor":23,"key":"REST"},{"floor":27,"key":"REST"},{"floor":29,"key":"REST"}],"neow_cost":"NONE","seed_source_timestamp":274174944599299,"circlet_count":0,"master_deck":["AscendersBane","Strike_B","Strike_B","Strike_B+1","Strike_B","Defend_B","Defend_B","Defend_B","Defend_B","Zap","Dualcast+1","Tempest","Turbo","Consume+1","Cold Snap","Panacea","Hologram","Conserve Battery","Reboot","Ball Lightning","Loop","Coolheaded","Hologram+1","Conserve Battery","Cold Snap"],"relics":["Cracked Core","Golden Idol","Gambling Chip","Blue Candle","DataDisk","SsserpentHead","Question Card","Velvet Choker","StoneCalendar","Bottled Lightning","Gremlin Horn","The Courier","Tiny Chest"],"potions_floor_usage":[6,16,16,25,31],"damage_taken":[{"damage":7,"enemies":"Small Slimes","floor":1,"turns":4},{"damage":6,"enemies":"Jaw Worm","floor":2,"turns":5},{"damage":0,"enemies":"Cultist","floor":5,"turns":3},{"damage":20,"enemies":"Lagavulin","floor":6,"turns":6},{"damage":8,"enemies":"3 Louse","floor":7,"turns":2},{"damage":9,"enemies":"Lots of Slimes","floor":12,"turns":4},{"damage":0,"enemies":"Gremlin Nob","floor":13,"turns":2},{"damage":4,"enemies":"The Guardian","floor":16,"turns":11},{"damage":16,"enemies":"3 Byrds","floor":18,"turns":3},{"damage":5,"enemies":"Chosen","floor":19,"turns":3},{"damage":7,"enemies":"Snake Plant","floor":22,"turns":6},{"damage":36,"enemies":"Book of Stabbing","floor":25,"turns":5},{"damage":6,"enemies":"Centurion and Healer","floor":30,"turns":7},{"damage":25,"enemies":"Gremlin Leader","floor":31,"turns":5}],"seed_played":"-495180739526068911","potions_obtained":[{"floor":1,"key":"PowerPotion"},{"floor":5,"key":"FocusPotion"},{"floor":7,"key":"LiquidBronze"},{"floor":12,"key":"PowerPotion"},{"floor":19,"key":"SkillPotion"},{"floor":22,"key":"Fire Potion"}],"is_trial":false,"path_per_floor":["M","M","?","?","M","E","M","R","T","$","?","M","E","?","R","B",null,"M","M","$","?","M","R","$","E","T","R","?","R","M","E"],"character_chosen":"DEFECT","items_purchased":["DataDisk","Panacea","Hologram","StoneCalendar","Loop","Coolheaded","Bottled Lightning","Conserve Battery"],"campfire_rested":4,"item_purchase_floors":[10,10,10,20,20,20,24,24],"current_hp_per_floor":[57,51,30,30,30,10,2,21,21,21,21,12,12,12,12,8,50,34,29,29,29,22,41,41,5,5,24,24,43,37,12],"gold":140,"neow_bonus":"HUNDRED_GOLD","is_prod":false,"is_daily":false,"chose_seed":false,"campfire_upgraded":1,"win_rate":0,"timestamp":1553262957,"path_taken":["M","M","?","?","M","E","M","R","T","$","?","?","E","?","R","BOSS","M","?","$","?","M","R","?","E","T","R","?","R","M","E"],"build_version":"2019-01-23","purchased_purges":1,"victory":false,"max_hp_per_floor":[71,71,71,64,64,64,64,64,64,64,64,64,64,64,64,64,64,64,64,64,64,64,64,64,64,64,64,64,64,64,64],"card_choices":[{"not_picked":["Recycle","BootSequence"],"picked":"Tempest","floor":1},{"not_picked":["Gash","Redo","Compile Driver"],"picked":"SKIP","floor":2},{"not_picked":["Thunder Strike","Storm"],"picked":"Turbo","floor":5},{"not_picked":["Barrage","Gash"],"picked":"Consume","floor":6},{"not_picked":["Loop","Reprogram"],"picked":"Cold Snap","floor":7},{"not_picked":["Stack","Ball Lightning"],"picked":"Conserve Battery","floor":12},{"not_picked":["Force Field","Skim","Turbo"],"picked":"SKIP","floor":13},{"not_picked":["Machine Learning","Core Surge","Buffer"],"picked":"Reboot","floor":16},{"not_picked":["Gash","Leap","Beam Cell+1"],"picked":"Ball Lightning","floor":18},{"not_picked":["Darkness","Rebound","Redo","Compile Driver"],"picked":"SKIP","floor":19},{"not_picked":["Reprogram+1","Stack","Sweeping Beam"],"picked":"Hologram+1","floor":22},{"not_picked":["Consume","Sweeping Beam","Amplify"],"picked":"Cold Snap","floor":25},{"not_picked":["Sweeping Beam","Rebound","Barrage","Beam Cell+1"],"picked":"SKIP","floor":30}],"player_experience":2485087,"relics_obtained":[{"floor":6,"key":"Gambling Chip"},{"floor":9,"key":"Blue Candle"},{"floor":13,"key":"Question Card"},{"floor":25,"key":"Gremlin Horn"},{"floor":26,"key":"The Courier"}],"event_choices":[{"damage_healed":0,"gold_gain":0,"player_choice":"Entered Light","damage_taken":21,"max_hp_gain":0,"max_hp_loss":0,"event_name":"Shining Light","floor":3,"gold_loss":0,"cards_upgraded":["Dualcast","Strike_B"]},{"damage_healed":0,"gold_gain":0,"player_choice":"Lose Max HP","damage_taken":0,"relics_obtained":["Golden Idol"],"max_hp_gain":0,"max_hp_loss":7,"event_name":"Golden Idol","floor":4,"gold_loss":0},{"damage_healed":0,"gold_gain":0,"player_choice":"Trade","damage_taken":0,"relics_obtained":["SsserpentHead"],"max_hp_gain":0,"max_hp_loss":0,"event_name":"FaceTrader","floor":11,"gold_loss":0},{"damage_healed":0,"gold_gain":50,"player_choice":"Pray","damage_taken":0,"max_hp_gain":0,"max_hp_loss":0,"event_name":"Golden Shrine","floor":14,"gold_loss":0},{"damage_healed":0,"gold_gain":275,"player_choice":"Desecrate","damage_taken":0,"max_hp_gain":0,"max_hp_loss":0,"event_name":"Golden Shrine","floor":21,"gold_loss":0,"cards_obtained":["Regret"]},{"damage_healed":0,"gold_gain":0,"player_choice":"Obtained Relic","damage_taken":0,"relics_obtained":["Tiny Chest"],"max_hp_gain":0,"max_hp_loss":0,"event_name":"Addict","floor":28,"gold_loss":85}],"is_beta":false,"boss_relics":[{"not_picked":["White Beast Statue","Coffee Dripper"],"picked":"Velvet Choker"}],"items_purged_floors":[24],"is_endless":false,"potions_floor_spawned":[1,5,7,12,19,22],"killed_by":"Gremlin Leader","ascension_level":20}