{"gold_per_floor":[109,123,135,152,152,152,183,183,183,202,235,200,231,250,250,344,344,367,367,417,65,90,90,111,111,111,126,126,126,21,32,32,32],"floor_reached":33,"playtime":1201,"items_purged":["Strike_B+1"],"score":514,"play_id":"540ca720-b93e-4bd9-b84c-4f34f69550fc","local_time":"20190311125257","is_ascension_mode":true,"campfire_choices":[{"data":"Static Discharge","floor":6,"key":"SMITH"},{"data":"Zap","floor":8,"key":"SMITH"},{"data":"Blizzard","floor":15,"key":"SMITH"},{"data":"Hologram","floor":23,"key":"SMITH"},{"data":"Self Repair","floor":25,"key":"SMITH"},{"floor":28,"key":"REST"},{"data":"Discovery","floor":32,"key":"SMITH"}],"neow_cost":"NONE","seed_source_timestamp":181526568798800,"circlet_count":0,"master_deck":["AscendersBane","Strike_B+1","Strike_B+1","Strike_B+1","Defend_B+1","Defend_B+1","Defend_B+1","Defend_B+1","Zap+1","Dualcast","Undo","Glacier","Static Discharge+1","Blizzard+1","Cold Snap","Hologram+1","Core Surge","Self Repair+1","Loop","Discovery+1","Turbo"],"relics":["Cracked Core","NeowsBlessing","Bloody Idol","Happy Flower","Odd Mushroom","Gambling Chip","Inserter","Sundial","Symbiotic Virus"],"potions_floor_usage":[4,7,7,11,27,31],"damage_taken":[{"damage":0,"enemies":"Small Slimes","floor":1,"turns":1},{"damage":0,"enemies":"2 Louse","floor":2,"turns":1},{"damage":0,"enemies":"Jaw Worm","floor":3,"turns":1},{"damage":3,"enemies":"3 Louse","floor":4,"turns":7},{"damage":16,"enemies":"Lagavulin","floor":7,"turns":7},{"damage":3,"enemies":"Blue Slaver","floor":10,"turns":3},{"damage":21,"enemies":"The Mushroom Lair","floor":11,"turns":5},{"damage":12,"enemies":"Gremlin Nob","floor":13,"turns":4},{"damage":4,"enemies":"Red Slaver","floor":14,"turns":3},{"damage":19,"enemies":"Hexaghost","floor":16,"turns":7},{"damage":10,"enemies":"Spheric Guardian","floor":18,"turns":6},{"damage":8,"enemies":"Shell Parasite","floor":22,"turns":7},{"damage":9,"enemies":"Cultist and Chosen","floor":24,"turns":6},{"damage":13,"enemies":"Snecko","floor":27,"turns":6},{"damage":10,"enemies":"3 Cultists","floor":31,"turns":6},{"damage":37,"enemies":"Automaton","floor":33,"turns":10}],"seed_played":"5229006797979276315","potions_obtained":[{"floor":2,"key":"SpeedPotion"},{"floor":4,"key":"EntropicBrew"},{"floor":7,"key":"AttackPotion"},{"floor":14,"key":"Fire Potion"},{"floor":16,"key":"LiquidBronze"},{"floor":27,"key":"AttackPotion"}],"is_trial":false,"path_per_floor":["M","M","M","M","?","R","E","R","T","M","?","?","E","M","R","B",null,"M","?","?","$","M","R","M","R","T","M","R","?","$","M","R","B"],"character_chosen":"DEFECT","items_purchased":["Sundial","Discovery"],"campfire_rested":1,"item_purchase_floors":[21,30],"current_hp_per_floor":[64,64,64,61,61,61,45,45,45,42,21,37,25,21,21,2,49,39,39,39,39,31,31,22,22,22,19,38,38,38,43,43,6],"gold":32,"neow_bonus":"THREE_ENEMY_KILL","is_prod":false,"is_daily":false,"chose_seed":false,"campfire_upgraded":6,"win_rate":0,"timestamp":1552276377,"path_taken":["M","M","M","M","?","R","E","R","T","M","?","?","E","M","R","BOSS","M","?","?","$","M","R","M","R","T","M","R","?","?","M","R","BOSS"],"build_version":"2019-01-23","purchased_purges":1,"victory":false,"max_hp_per_floor":[71,71,71,71,64,64,64,64,64,64,64,64,64,64,64,64,64,64,64,64,64,64,64,64,64,64,64,64,64,64,64,64,64],"card_choices":[{"not_picked":["Rebound","Stack"],"picked":"Undo","floor":1},{"not_picked":["Go for the Eyes","Hello World","Turbo"],"picked":"SKIP","floor":2},{"not_picked":["Darkness","Blizzard"],"picked":"Glacier","floor":3},{"not_picked":["Streamline","Leap"],"picked":"Static Discharge","floor":4},{"not_picked":["Compile Driver","Skim","Force Field"],"picked":"SKIP","floor":7},{"not_picked":["Storm","Compile Driver","Beam Cell"],"picked":"SKIP","floor":10},{"not_picked":["Reinforced Body","Rip and Tear"],"picked":"Blizzard","floor":11},{"not_picked":["Hello World","Skim"],"picked":"Cold Snap","floor":13},{"not_picked":["Skim","Ball Lightning"],"picked":"Hologram","floor":14},{"not_picked":["Fission","Meteor Strike"],"picked":"Core Surge","floor":16},{"not_picked":["Fusion","Darkness+1","Rebound"],"picked":"SKIP","floor":18},{"not_picked":["Go for the Eyes","Ball Lightning","Barrage"],"picked":"SKIP","floor":22},{"not_picked":["Stack+1","Compile Driver"],"picked":"Self Repair","floor":24},{"not_picked":["Buffer","Genetic Algorithm"],"picked":"Loop","floor":27},{"not_picked":["Barrage","Tempest"],"picked":"Turbo","floor":31}],"player_experience":2173476,"relics_obtained":[{"floor":7,"key":"Happy Flower"},{"floor":11,"key":"Odd Mushroom"},{"floor":13,"key":"Gambling Chip"},{"floor":26,"key":"Symbiotic Virus"}],"event_choices":[{"damage_healed":0,"gold_gain":0,"player_choice":"Lose Max HP","damage_taken":0,"relics_obtained":["Golden Idol"],"max_hp_gain":0,"max_hp_loss":7,"event_name":"Golden Idol","floor":5,"gold_loss":0},{"damage_healed":0,"gold_gain":0,"player_choice":"Fought Mushrooms","damage_taken":0,"max_hp_gain":0,"max_hp_loss":0,"event_name":"Mushrooms","floor":11,"gold_loss":0},{"damage_healed":16,"gold_gain":0,"player_choice":"Healed","damage_taken":0,"max_hp_gain":0,"max_hp_loss":0,"event_name":"The Cleric","floor":12,"gold_loss":35},{"damage_healed":0,"gold_gain":0,"player_choice":"Simplicity","damage_taken":0,"max_hp_gain":0,"max_hp_loss":0,"event_name":"Back to Basics","floor":19,"gold_loss":0,"cards_upgraded":["Strike_B","Strike_B","Strike_B","Strike_B","Defend_B","Defend_B","Defend_B","Defend_B"]},{"damage_healed":0,"gold_gain":50,"player_choice":"Stole From Cult","damage_taken":0,"max_hp_gain":0,"max_hp_loss":0,"event_name":"Nest","floor":20,"gold_loss":0},{"damage_healed":0,"gold_gain":0,"player_choice":"Gave Idol","damage_taken":0,"relics_obtained":["Bloody Idol"],"max_hp_gain":0,"max_hp_loss":0,"event_name":"Forgotten Altar","floor":29,"relics_lost":["Golden Idol"],"gold_loss":0}],"is_beta":false,"boss_relics":[{"not_picked":["Black Star","Fusion Hammer"],"picked":"Inserter"}],"items_purged_floors":[21],"is_endless":false,"potions_floor_spawned":[2,4,7,14,16,18,24,27],"killed_by":"Automaton","ascension_level":20}