{"gold_per_floor":[216,55,70,70,86,86,121,121,121,157,157,172,172,216,216,314,314,332,367,80,80,105,105,136,35,87,87,130,144,165,179,179,272,272,295,311,324,324,339,375,388,419,446,291,335,210,249,582,582,582,582,582,582,25,58,58],"floor_reached":57,"playtime":3380,"items_purged":["Strike_B","Parasite","Strike_B","Defend_B"],"score":2956,"play_id":"fcbc243a-39a2-4a08-99e5-e6818448ed7d","local_time":"20190221205724","is_ascension_mode":true,"campfire_choices":[{"data":"Zap","floor":6.0,"key":"SMITH"},{"floor":8.0,"key":"REST"},{"floor":13.0,"key":"REST"},{"data":"Undo","floor":15.0,"key":"SMITH"},{"floor":23.0,"key":"REST"},{"floor":27.0,"key":"REST"},{"data":"Discovery","floor":32.0,"key":"SMITH"},{"floor":49,"key":"RECALL"},{"data":"Double Energy","floor":53,"key":"SMITH"}],"neow_cost":"NONE","seed_source_timestamp":116135018002400,"circlet_count":0,"master_deck":["AscendersBane","Defend_B","Defend_B","Defend_B","Zap+1","Dualcast","Ball Lightning","Self Repair+1","Undo+1","Reboot","Cold Snap","Reboot","Turbo","Steam","Rip and Tear","Defragment+1","Coolheaded","Electrodynamics+1","Discovery+1","Defragment+1","FTL+1","BootSequence","Biased Cognition+1","Cold Snap","Cold Snap","Double Energy+1","Buffer+1","Coolheaded","Glacier","Coolheaded","Barrage+1","Master of Strategy","Loop+1"],"special_seed":0,"relics":["Cracked Core","DataDisk","Cables","Frozen Egg 2","Oddly Smooth Stone","Letter Opener","Orrery","Red Mask","OrangePellets","Nilry\u0027s Codex","Orichalcum","Boot","Anchor","Inserter","Blood Vial","Darkstone Periapt","Pear","Ancient Tea Set","Bronze Scales","Art of War"],"potions_floor_usage":[56,56,56,56],"damage_taken":[{"damage":9.0,"enemies":"Small Slimes","floor":1.0,"turns":4.0},{"damage":15.0,"enemies":"2 Louse","floor":3.0,"turns":3.0},{"damage":2.0,"enemies":"Jaw Worm","floor":5.0,"turns":3.0},{"damage":20.0,"enemies":"Lagavulin","floor":7.0,"turns":5.0},{"damage":8.0,"enemies":"Gremlin Nob","floor":10.0,"turns":3.0},{"damage":7.0,"enemies":"Exordium Wildlife","floor":12.0,"turns":3.0},{"damage":22.0,"enemies":"3 Sentries","floor":14.0,"turns":5.0},{"damage":8.0,"enemies":"The Guardian","floor":16.0,"turns":9.0},{"damage":18.0,"enemies":"3 Byrds","floor":18.0,"turns":4.0},{"damage":26.0,"enemies":"Masked Bandits","floor":19.0,"turns":4.0},{"damage":4.0,"enemies":"2 Thieves","floor":22.0,"turns":3.0},{"damage":9.0,"enemies":"Slavers","floor":24.0,"turns":5.0},{"damage":31.0,"enemies":"Book of Stabbing","floor":28.0,"turns":6.0},{"damage":0.0,"enemies":"Snake Plant","floor":29.0,"turns":3.0},{"damage":0.0,"enemies":"Cultist and Chosen","floor":30.0,"turns":4.0},{"damage":14.0,"enemies":"Shelled Parasite and Fungi","floor":31.0,"turns":3.0},{"damage":26.0,"enemies":"Collector","floor":33.0,"turns":9.0},{"damage":0.0,"enemies":"Orb Walker","floor":35.0,"turns":2.0},{"damage":0.0,"enemies":"3 Darklings","floor":36.0,"turns":1.0},{"damage":6.0,"enemies":"Sphere and 2 Shapes","floor":37.0,"turns":5.0},{"damage":0.0,"enemies":"Writhing Mass","floor":39.0,"turns":4.0},{"damage":35.0,"enemies":"Giant Head","floor":40.0,"turns":11.0},{"damage":16.0,"enemies":"Maw","floor":41.0,"turns":8.0},{"damage":6.0,"enemies":"Reptomancer","floor":42.0,"turns":11.0},{"damage":0,"enemies":"Giant Head","floor":45,"turns":11},{"damage":2,"enemies":"Reptomancer","floor":47,"turns":4},{"damage":24,"enemies":"Donu and Deca","floor":50,"turns":13},{"damage":0,"enemies":"Time Eater","floor":51,"turns":15},{"damage":56,"enemies":"Shield and Spear","floor":55,"turns":12},{"damage":14,"enemies":"The Heart","floor":56,"turns":12}],"seed_played":"7737158692825873284","potions_obtained":[{"floor":1.0,"key":"GamblersBrew"},{"floor":7.0,"key":"Regen Potion"},{"floor":14.0,"key":"EssenceOfSteel"},{"floor":16.0,"key":"PowerPotion"},{"floor":19.0,"key":"Explosive Potion"},{"floor":28.0,"key":"SneckoOil"},{"floor":31.0,"key":"Ancient Potion"},{"floor":33.0,"key":"SkillPotion"},{"floor":37.0,"key":"Regen Potion"},{"floor":42.0,"key":"EntropicBrew"}],"is_trial":false,"path_per_floor":["M","$","M","?","M","R","E","R","T","E","?","M","R","E","R","B",null,"M","?","$","?","M","R","E","$","T","R","E","M","M","M","R","B",null,"M","M","M","?","M","E","M","E","T","$","E","$","E","?","R","B","B",null,"R","$","E","B",null],"character_chosen":"DEFECT","items_purchased":["DataDisk","OrangePellets","Discovery","Coolheaded","Bronze Scales","PowerPotion","Master of Strategy"],"campfire_rested":4,"item_purchase_floors":[2,20,25,44,54,54,54],"current_hp_per_floor":[55,55,40,40,38,38,18,37,37,38,31,24,43,31,31,33,56,48,32,32,11,7,26,27,27,27,46,25,25,35,31,31,15,52,52,52,56,56,64,54,50,64,64,61,71,71,69,69,69,57,71,71,71,71,25,23],"gold":58,"neow_bonus":"HUNDRED_GOLD","is_prod":false,"is_daily":false,"chose_seed":false,"campfire_upgraded":4,"win_rate":0,"timestamp":1550750244,"path_taken":["M","$","M","?","M","R","E","R","T","E","?","M","R","E","R","BOSS","M","?","$","?","M","R","E","$","T","R","E","?","?","M","R","BOSS","M","M","M","?","M","E","M","E","T","$","E","?","E","?","R","BOSS","BOSS","R","$","E","BOSS"],"build_version":"2019-01-23","purchased_purges":4,"victory":true,"max_hp_per_floor":[71,71,71,64,64,64,64,64,64,64,64,64,64,64,64,64,64,64,64,64,64,64,64,64,64,64,64,64,64,64,64,64,64,64,64,64,64,64,64,64,64,64,64,61,71,71,71,71,71,71,71,71,71,71,71,71],"card_choices":[{"not_picked":["Lockon","Fusion","Static Discharge"],"picked":"SKIP","floor":1.0},{"not_picked":["Lockon","Fusion","Static Discharge"],"picked":"SKIP","floor":1.0},{"not_picked":["Lockon","Fusion","Static Discharge"],"picked":"SKIP","floor":1.0},{"not_picked":["Hologram","Sweeping Beam","Steam"],"picked":"SKIP","floor":3.0},{"not_picked":["Go for the Eyes","Steam"],"picked":"Ball Lightning","floor":5.0},{"not_picked":["Genetic Algorithm","Beam Cell","Machine Learning"],"picked":"SKIP","floor":7.0},{"not_picked":["Doom and Gloom","Reinforced Body","Reprogram"],"picked":"SKIP","floor":10.0},{"not_picked":["Cold Snap","Hologram"],"picked":"Self Repair+1","floor":12.0},{"not_picked":["Reprogram","Streamline"],"picked":"Undo","floor":14.0},{"not_picked":["Multi-Cast","Hyperbeam"],"picked":"Reboot","floor":16.0},{"not_picked":["Hologram","Gash"],"picked":"Cold Snap","floor":17.0},{"not_picked":["Conserve Battery","Rebound"],"picked":"Reboot","floor":17.0},{"not_picked":["Conserve Battery","Coolheaded"],"picked":"Turbo","floor":17.0},{"not_picked":["Streamline","Barrage"],"picked":"Steam","floor":17.0},{"not_picked":["Ball Lightning","Turbo"],"picked":"Rip and Tear","floor":18.0},{"not_picked":["FTL","Turbo"],"picked":"Defragment+1","floor":19.0},{"not_picked":["Barrage+1","Reprogram"],"picked":"Coolheaded","floor":22.0},{"not_picked":["Stack","Turbo"],"picked":"Electrodynamics+1","floor":24.0},{"not_picked":["Meteor Strike","Streamline","Tempest"],"picked":"SKIP","floor":28.0},{"not_picked":["Hologram","Barrage"],"picked":"Defragment+1","floor":29.0},{"not_picked":["Storm+1","Turbo"],"picked":"FTL+1","floor":30.0},{"not_picked":["Beam Cell","Creative AI+1"],"picked":"BootSequence","floor":31.0},{"not_picked":["Creative AI+1","Electrodynamics+1"],"picked":"Biased Cognition+1","floor":33.0},{"not_picked":["Leap","Streamline","Sweeping Beam"],"picked":"SKIP","floor":35.0},{"not_picked":["Darkness","Sweeping Beam"],"picked":"Cold Snap","floor":36.0},{"not_picked":["Thunder Strike","Go for the Eyes+1"],"picked":"Cold Snap","floor":37.0},{"not_picked":["Double Energy","Steam","Stack"],"picked":"SKIP","floor":39.0},{"not_picked":["Steam","Stack"],"picked":"Double Energy","floor":39.0},{"not_picked":["Stack","Skim"],"picked":"Buffer+1","floor":40.0},{"not_picked":["Sweeping Beam","Double Energy"],"picked":"Coolheaded","floor":41.0},{"not_picked":["Self Repair+1","Static Discharge+1"],"picked":"Glacier","floor":42.0},{"not_picked":["Reinforced Body","Aggregate","Leap"],"picked":"SKIP","floor":45},{"not_picked":["Coolheaded","Leap"],"picked":"Barrage+1","floor":47},{"not_picked":["Redo","Lockon"],"picked":"Loop+1","floor":55}],"player_experience":1703385,"relics_obtained":[{"floor":7.0,"key":"Cables"},{"floor":9.0,"key":"Frozen Egg 2"},{"floor":10.0,"key":"Oddly Smooth Stone"},{"floor":14.0,"key":"Letter Opener"},{"floor":19.0,"key":"Red Mask"},{"floor":21.0,"key":"Nilry\u0027s Codex"},{"floor":24.0,"key":"Orichalcum"},{"floor":26.0,"key":"Boot"},{"floor":28.0,"key":"Anchor"},{"floor":40.0,"key":"Blood Vial"},{"floor":42.0,"key":"Darkstone Periapt"},{"floor":45,"key":"Pear"},{"floor":47,"key":"Ancient Tea Set"},{"floor":55,"key":"Art of War"}],"event_choices":[{"damage_healed":0.0,"max_hp_gain":0.0,"max_hp_loss":7.0,"gold_gain":0.0,"event_name":"Golden Idol","player_choice":"Lose Max HP","floor":4.0,"gold_loss":0.0,"damage_taken":0.0,"relics_obtained":["Golden Idol"]},{"cards_removed":["Strike_B"],"damage_healed":0.0,"max_hp_gain":0.0,"max_hp_loss":0.0,"gold_gain":0.0,"event_name":"Golden Wing","player_choice":"Card Removal","floor":11.0,"gold_loss":0.0,"damage_taken":7.0},{"damage_healed":0.0,"max_hp_gain":0.0,"max_hp_loss":0.0,"gold_gain":0.0,"event_name":"Masked Bandits","player_choice":"Fought Bandits","floor":19.0,"gold_loss":0.0,"damage_taken":0.0},{"damage_healed":0.0,"max_hp_gain":0.0,"max_hp_loss":0.0,"gold_gain":0.0,"event_name":"Cursed Tome","player_choice":"Obtained Book","floor":21.0,"gold_loss":0.0,"damage_taken":21.0},{"cards_removed":["Strike_B"],"damage_healed":0.0,"max_hp_gain":0.0,"max_hp_loss":0.0,"gold_gain":0.0,"event_name":"Purifier","player_choice":"Purged","floor":38.0,"gold_loss":0.0,"damage_taken":0.0},{"damage_healed":0,"gold_gain":333,"player_choice":"Gave Idol","damage_taken":0,"max_hp_gain":0,"max_hp_loss":0,"event_name":"The Moai Head","floor":48,"relics_lost":["Golden Idol"],"gold_loss":0}],"is_beta":false,"boss_relics":[{"not_picked":["Empty Cage","Black Star"],"picked":"Orrery"},{"not_picked":["White Beast Statue","Fusion Hammer"],"picked":"Inserter"}],"items_purged_floors":[20,44,46,54],"is_endless":false,"potions_floor_spawned":[1,7,14,16,18,19,28,31,33,37,39,42],"ascension_level":20}