{"gold_per_floor":[418,518,518,529,549,574,574,599,599,194,208,208,237,39,39,115,115,126,126,126,96,109,135,155,184,184,216,216,229,256,273,273,349,349,360,360,360],"floor_reached":37,"playtime":485,"items_purged":["Seeing Red","Impatience+1"],"score":1480,"play_id":"499f3a0b-21e1-40e8-8de0-428215d68a20","local_time":"20190323204242","is_ascension_mode":true,"campfire_choices":[{"data":"Rampage","floor":7,"key":"SMITH"},{"floor":12,"key":"REST"},{"floor":15,"key":"REST"},{"floor":28,"key":"REST"},{"floor":32,"key":"REST"}],"neow_cost":"","seed_source_timestamp":6177076657000,"circlet_count":0,"master_deck":["Madness+1"],"relics":["Burning Blood","Unceasing Top","Old Coin","TheAbacus","Sundial","WingedGreaves","Toxic Egg 2","Blue Candle","Medical Kit","Paper Frog","Centennial Puzzle","War Paint","Gremlin Horn","Pen Nib","Lantern","Pandora\u0027s Box"],"potions_floor_usage":[],"damage_taken":[{"damage":0,"enemies":"Cultist","floor":1,"turns":1},{"damage":0,"enemies":"2 Louse","floor":4,"turns":1},{"damage":0,"enemies":"Small Slimes","floor":5,"turns":1},{"damage":0,"enemies":"3 Sentries","floor":6,"turns":1},{"damage":0,"enemies":"Gremlin Nob","floor":8,"turns":1},{"damage":0,"enemies":"Red Slaver","floor":11,"turns":1},{"damage":0,"enemies":"3 Sentries","floor":13,"turns":1},{"damage":0,"enemies":"Slime Boss","floor":16,"turns":1},{"damage":0,"enemies":"Shell Parasite","floor":18,"turns":1},{"damage":0,"enemies":"Chosen","floor":22,"turns":1},{"damage":0,"enemies":"Gremlin Leader","floor":23,"turns":1},{"damage":0,"enemies":"Shelled Parasite and Fungi","floor":24,"turns":1},{"damage":0,"enemies":"Book of Stabbing","floor":25,"turns":1},{"damage":0,"enemies":"Gremlin Leader","floor":27,"turns":1},{"damage":0,"enemies":"Snake Plant","floor":29,"turns":1},{"damage":0,"enemies":"Slavers","floor":30,"turns":1},{"damage":0,"enemies":"Cultist and Chosen","floor":31,"turns":1},{"damage":0,"enemies":"Collector","floor":33,"turns":1},{"damage":0,"enemies":"Orb Walker","floor":35,"turns":1},{"damage":0,"enemies":"2 Orb Walkers","floor":37,"turns":1}],"seed_played":"-6607036873926518595","potions_obtained":[{"floor":1,"key":"Fire Potion"},{"floor":5,"key":"FearPotion"}],"is_trial":true,"path_per_floor":["M","?","$","M","M","E","R","E","T","$","M","R","E","$","R","B",null,"M","?","$","?","M","E","M","E","T","E","R","M","E","M","R","B",null,"M","?","?"],"character_chosen":"IRONCLAD","items_purchased":["Impatience+1","Medical Kit","Madness+1"],"campfire_rested":4,"item_purchase_floors":[10,10,14],"current_hp_per_floor":[74,74,74,75,75,75,75,75,75,75,75,75,75,75,75,75,75,75,75,75,75,75,75,75,75,75,75,75,75,75,75,75,75,75,75,75,75],"gold":360,"neow_bonus":"","is_prod":false,"is_daily":false,"chose_seed":false,"campfire_upgraded":1,"win_rate":0,"timestamp":1553341362,"path_taken":["M","?","$","?","M","E","R","E","T","$","M","R","E","$","R","BOSS","M","?","$","?","M","E","M","E","T","E","R","M","E","?","R","BOSS","M","?","?"],"build_version":"2019-01-23","purchased_purges":2,"victory":false,"max_hp_per_floor":[75,75,75,75,75,75,75,75,75,75,75,75,75,75,75,75,75,75,75,75,75,75,75,75,75,75,75,75,75,75,75,75,75,75,75,75,75],"card_choices":[{"not_picked":["Burning Pact","Shrug It Off","Armaments"],"picked":"SKIP","floor":1},{"not_picked":["Headbutt","Iron Wave"],"picked":"Seeing Red","floor":4},{"not_picked":["Exhume","Searing Blow","Rage"],"picked":"SKIP","floor":5},{"not_picked":["Rampage","Shockwave","Rage"],"picked":"SKIP","floor":6},{"not_picked":["Fire Breathing","Iron Wave","Flex"],"picked":"SKIP","floor":8},{"not_picked":["Warcry+1","Spot Weakness+1","Body Slam"],"picked":"SKIP","floor":11},{"not_picked":["Twin Strike","Heavy Blade","Clash"],"picked":"SKIP","floor":13},{"not_picked":["Dual Wield+1","Rage+1","Warcry+1"],"picked":"SKIP","floor":18},{"not_picked":["Dual Wield+1","Heavy Blade","Twin Strike"],"picked":"SKIP","floor":22},{"not_picked":["Sever Soul","Power Through+1","Disarm+1"],"picked":"SKIP","floor":23},{"not_picked":["Clash","Shockwave+1","Combust"],"picked":"SKIP","floor":24},{"not_picked":["Wild Strike","Sword Boomerang","Heavy Blade"],"picked":"SKIP","floor":25},{"not_picked":["Warcry+1","Shockwave+1","Twin Strike"],"picked":"SKIP","floor":27},{"not_picked":["Wild Strike","Cleave","Twin Strike"],"picked":"SKIP","floor":29},{"not_picked":["Cleave","Clothesline","Hemokinesis"],"picked":"SKIP","floor":30},{"not_picked":["Warcry+1","Disarm+1","Bludgeon"],"picked":"SKIP","floor":31},{"not_picked":["Rampage","Havoc+1","Flame Barrier+1"],"picked":"SKIP","floor":35}],"player_experience":2512919,"relics_obtained":[{"floor":6,"key":"WingedGreaves"},{"floor":8,"key":"Toxic Egg 2"},{"floor":9,"key":"Blue Candle"},{"floor":13,"key":"Paper Frog"},{"floor":23,"key":"Centennial Puzzle"},{"floor":25,"key":"War Paint"},{"floor":26,"key":"Gremlin Horn"},{"floor":27,"key":"Pen Nib"},{"floor":30,"key":"Lantern"}],"event_choices":[{"damage_healed":0,"gold_gain":100,"player_choice":"Gold","damage_taken":0,"max_hp_gain":0,"max_hp_loss":0,"event_name":"Wheel of Change","floor":2,"gold_loss":0},{"damage_healed":0,"gold_gain":0,"player_choice":"Ignored","damage_taken":0,"max_hp_gain":0,"max_hp_loss":0,"event_name":"Vampires","floor":19,"gold_loss":0},{"damage_healed":0,"gold_gain":0,"player_choice":"Bought 2 Potions","damage_taken":0,"max_hp_gain":0,"max_hp_loss":0,"event_name":"The Woman in Blue","floor":21,"gold_loss":0},{"cards_removed":["Rampage"],"damage_healed":0,"gold_gain":0,"player_choice":"Removed Attack","damage_taken":0,"max_hp_gain":0,"max_hp_loss":0,"event_name":"Falling","floor":36,"gold_loss":0},{"damage_healed":0,"gold_gain":0,"player_choice":"Fight","damage_taken":0,"max_hp_gain":0,"max_hp_loss":0,"event_name":"Mysterious Sphere","floor":37,"gold_loss":0}],"is_beta":false,"boss_relics":[{"not_picked":["Snecko Eye","Philosopher\u0027s Stone","Calling Bell"]},{"not_picked":["Tiny House","Mark of Pain"],"picked":"Pandora\u0027s Box"}],"items_purged_floors":[10,14],"is_endless":false,"potions_floor_spawned":[1,5,11,16,18,22,29,31,35],"killed_by":"2 Orb Walkers","ascension_level":20}