{"gold_per_floor":[111,129,129,207,225,225,242,274,274,274,290,322,397,8,8,87,87,87,7,7,7,7,7,7,7,7,7,7,7,7,7,7,7,7,7,7,7,7,0,0,0,0,0,0,0,0,0,0,0,0,0,0,0,0,0],"floor_reached":55,"playtime":3241,"items_purged":[],"score":1802,"play_id":"8e9fcece-2e9b-465d-a6b9-c384dde9549e","local_time":"20190217141327","is_ascension_mode":true,"campfire_choices":[{"data":"Consume","floor":6.0,"key":"SMITH"},{"data":"Streamline","floor":10.0,"key":"SMITH"},{"floor":15.0,"key":"REST"},{"floor":23.0,"key":"REST"},{"floor":28.0,"key":"REST"},{"floor":32.0,"key":"REST"},{"data":"Fission","floor":41,"key":"SMITH"},{"data":"Seek","floor":46,"key":"SMITH"},{"floor":49,"key":"RECALL"},{"data":"Turbo","floor":53,"key":"SMITH"}],"neow_cost":"NONE","seed_source_timestamp":271871238888100,"circlet_count":0,"master_deck":["AscendersBane","Strike_B","Strike_B","Defend_B","Defend_B","Defend_B","Defend_B","Zap","Dualcast","White Noise","Streamline+1","Consume+1","Cold Snap","Glacier","Fission+1","Seek+1","Turbo+1","Electrodynamics","BootSequence","Conserve Battery","Reboot","Defragment+1","Genetic Algorithm","Blizzard","Turbo","White Noise","Recycle","Self Repair","Cold Snap","Self Repair+1","Echo Form","Capacitor","Cold Snap"],"special_seed":0,"relics":["Cracked Core","NeowsBlessing","Dream Catcher","Dodecahedron","Dead Branch","Regal Pillow","Ectoplasm","Nilry\u0027s Codex","Bag of Marbles","Tiny Chest","Lantern","Inserter","Red Mask","Old Coin"],"potions_floor_usage":[],"damage_taken":[{"damage":0.0,"enemies":"Cultist","floor":1.0,"turns":1.0},{"damage":0.0,"enemies":"Jaw Worm","floor":2.0,"turns":1.0},{"damage":0.0,"enemies":"2 Louse","floor":5.0,"turns":1.0},{"damage":12.0,"enemies":"Looter","floor":7.0,"turns":4.0},{"damage":20.0,"enemies":"Lagavulin","floor":8.0,"turns":6.0},{"damage":13.0,"enemies":"3 Louse","floor":11.0,"turns":3.0},{"damage":6.0,"enemies":"Gremlin Nob","floor":12.0,"turns":4.0},{"damage":19.0,"enemies":"Slime Boss","floor":16.0,"turns":10.0},{"damage":0.0,"enemies":"3 Byrds","floor":18.0,"turns":2.0},{"damage":14.0,"enemies":"2 Thieves","floor":19.0,"turns":4.0},{"damage":7.0,"enemies":"Chosen and Byrds","floor":22.0,"turns":6.0},{"damage":31.0,"enemies":"Slavers","floor":24.0,"turns":4.0},{"damage":0.0,"enemies":"3 Cultists","floor":25.0,"turns":2.0},{"damage":1.0,"enemies":"Centurion and Healer","floor":27.0,"turns":8.0},{"damage":14.0,"enemies":"Book of Stabbing","floor":29.0,"turns":6.0},{"damage":0.0,"enemies":"Chosen and Byrds","floor":30.0,"turns":4.0},{"damage":13.0,"enemies":"Collector","floor":33.0,"turns":6.0},{"damage":19.0,"enemies":"3 Darklings","floor":35.0,"turns":3.0},{"damage":0.0,"enemies":"3 Shapes","floor":36.0,"turns":5.0},{"damage":13.0,"enemies":"Spire Growth","floor":37.0,"turns":8.0},{"damage":7.0,"enemies":"Sphere and 2 Shapes","floor":38.0,"turns":5.0},{"damage":34,"enemies":"Nemesis","floor":40,"turns":13},{"damage":15,"enemies":"Maw","floor":42,"turns":8},{"damage":22,"enemies":"3 Darklings","floor":47,"turns":6},{"damage":14,"enemies":"Sphere and 2 Shapes","floor":48,"turns":9},{"damage":22,"enemies":"Donu and Deca","floor":50,"turns":9},{"damage":2,"enemies":"Time Eater","floor":51,"turns":16},{"damage":65,"enemies":"Shield and Spear","floor":55,"turns":3}],"seed_played":"598938656056993823","potions_obtained":[{"floor":5.0,"key":"Poison Potion"},{"floor":8.0,"key":"FearPotion"},{"floor":12.0,"key":"Weak Potion"},{"floor":18.0,"key":"Swift Potion"},{"floor":22.0,"key":"Ancient Potion"},{"floor":24.0,"key":"Block Potion"},{"floor":27.0,"key":"FearPotion"},{"floor":35.0,"key":"SpeedPotion"},{"floor":37.0,"key":"Regen Potion"},{"floor":40,"key":"Dexterity Potion"},{"floor":47,"key":"Ancient Potion"}],"is_trial":false,"path_per_floor":["M","M","?","?","M","R","M","E","T","R","M","E","?","$","R","B",null,"M","M","?","?","M","R","E","M","T","M","R","E","M","?","R","B",null,"M","M","M","M","?","E","R","M","T","?","?","R","M","M","R","B","B",null,"R","$","E"],"character_chosen":"DEFECT","items_purchased":["Regal Pillow","Seek","PowerPotion"],"campfire_rested":4,"item_purchase_floors":[14,14,14],"current_hp_per_floor":[64,64,64,64,64,64,52,32,32,32,19,13,2,2,38,19,58,58,44,23,23,16,52,21,21,21,20,56,42,42,42,71,65,70,51,58,62,71,71,61,61,70,70,70,70,70,65,71,71,66,71,71,71,71,6],"gold":0,"neow_bonus":"THREE_ENEMY_KILL","is_prod":false,"is_daily":false,"chose_seed":false,"campfire_upgraded":5,"win_rate":0,"timestamp":1550380407,"path_taken":["M","?","?","?","M","R","M","E","T","R","M","E","?","?","R","BOSS","M","M","?","?","M","R","E","M","T","?","R","E","M","?","R","BOSS","M","M","M","M","?","E","R","M","T","?","?","R","M","?","R","BOSS","BOSS","R","$","E"],"build_version":"2019-01-23","purchased_purges":0,"victory":false,"max_hp_per_floor":[71,71,71,71,71,71,71,71,71,71,71,71,71,71,71,71,71,71,71,71,71,71,71,71,71,71,71,71,71,71,71,71,71,71,71,71,71,71,71,71,71,71,71,71,71,71,71,71,71,71,71,71,71,71,71],"card_choices":[{"not_picked":["Barrage","Compile Driver"],"picked":"White Noise","floor":1.0},{"not_picked":["Gash","Conserve Battery"],"picked":"Streamline","floor":2.0},{"not_picked":["FTL","Undo"],"picked":"Consume","floor":5.0},{"not_picked":["Steam Power","Leap"],"picked":"Gash","floor":7.0},{"not_picked":["Go for the Eyes","Steam"],"picked":"Cold Snap","floor":8.0},{"not_picked":["Undo","Doom and Gloom"],"picked":"Glacier","floor":11.0},{"not_picked":["Consume","Steam Power"],"picked":"Fission","floor":12.0},{"not_picked":["Chaos","Steam Power"],"picked":"Turbo","floor":15.0},{"not_picked":["Machine Learning","Rainbow"],"picked":"Electrodynamics","floor":16.0},{"not_picked":["Streamline+1","Hello World"],"picked":"BootSequence","floor":18.0},{"not_picked":["Leap+1","Stack"],"picked":"Conserve Battery","floor":19.0},{"not_picked":["Lockon","Rip and Tear"],"picked":"Defragment+1","floor":22.0},{"not_picked":["Leap","Reinforced Body"],"picked":"Genetic Algorithm","floor":23.0},{"not_picked":["Sweeping Beam","Stack","Reprogram"],"picked":"SKIP","floor":24.0},{"not_picked":["Hologram","Leap"],"picked":"Blizzard","floor":25.0},{"not_picked":["Stack","Biased Cognition"],"picked":"Turbo","floor":27.0},{"not_picked":["Rebound","Sunder"],"picked":"White Noise","floor":28.0},{"not_picked":["Aggregate","Compile Driver"],"picked":"Recycle","floor":29.0},{"not_picked":["Streamline","Beam Cell","Meteor Strike"],"picked":"SKIP","floor":30.0},{"not_picked":["Cold Snap","Hologram"],"picked":"Self Repair","floor":32.0},{"not_picked":["Doom and Gloom","Ball Lightning"],"picked":"Cold Snap","floor":35.0},{"not_picked":["Beam Cell","Conserve Battery"],"picked":"Self Repair+1","floor":36.0},{"not_picked":["Rebound","Sweeping Beam","Go for the Eyes+1"],"picked":"SKIP","floor":37.0},{"not_picked":["Rebound","Sweeping Beam","Go for the Eyes+1"],"picked":"SKIP","floor":37.0},{"not_picked":["Genetic Algorithm","Steam","Ball Lightning"],"picked":"SKIP","floor":38.0},{"not_picked":["Rainbow","Stack+1"],"picked":"Echo Form","floor":40},{"not_picked":["Lockon+1","Double Energy"],"picked":"Capacitor","floor":42},{"not_picked":["Leap+1","Rebound"],"picked":"Cold Snap","floor":47},{"not_picked":["Go for the Eyes","Melter","Ball Lightning"],"picked":"SKIP","floor":48}],"player_experience":1609895,"relics_obtained":[{"floor":8.0,"key":"Dream Catcher"},{"floor":9.0,"key":"Dodecahedron"},{"floor":12.0,"key":"Dead Branch"},{"floor":20.0,"key":"Nilry\u0027s Codex"},{"floor":24.0,"key":"Bag of Marbles"},{"floor":26.0,"key":"Tiny Chest"},{"floor":29.0,"key":"Lantern"},{"floor":40,"key":"Old Coin"}],"event_choices":[{"damage_healed":0.0,"max_hp_gain":0.0,"max_hp_loss":0.0,"gold_gain":0.0,"event_name":"Liars Game","player_choice":"Ignored","floor":3.0,"gold_loss":0.0,"damage_taken":0.0},{"damage_healed":0.0,"max_hp_gain":0.0,"max_hp_loss":0.0,"gold_gain":78.0,"event_name":"Golden Wing","player_choice":"Gained Gold","floor":4.0,"gold_loss":0.0,"damage_taken":0.0},{"damage_healed":0.0,"max_hp_gain":0.0,"max_hp_loss":0.0,"gold_gain":75.0,"event_name":"World of Goop","player_choice":"Gather Gold","floor":13.0,"gold_loss":0.0,"damage_taken":11.0},{"damage_healed":0.0,"max_hp_gain":0.0,"max_hp_loss":0.0,"gold_gain":0.0,"event_name":"Cursed Tome","player_choice":"Obtained Book","floor":20.0,"gold_loss":0.0,"damage_taken":21.0},{"damage_healed":0.0,"max_hp_gain":0.0,"max_hp_loss":0.0,"gold_gain":0.0,"cards_transformed":["Strike_B"],"event_name":"Transmorgrifier","player_choice":"Transformed","floor":21.0,"gold_loss":0.0,"damage_taken":0.0,"cards_obtained":["Reboot"]},{"damage_healed":0.0,"max_hp_gain":0.0,"max_hp_loss":0.0,"gold_gain":0.0,"event_name":"Beggar","player_choice":"Ignored","floor":31.0,"gold_loss":0.0,"damage_taken":0.0},{"damage_healed":0.0,"max_hp_gain":0.0,"max_hp_loss":0.0,"gold_gain":0.0,"event_name":"Tomb of Lord Red Mask","player_choice":"Paid","floor":39.0,"gold_loss":7.0,"damage_taken":0.0,"relics_obtained":["Red Mask"]},{"cards_removed":["Gash"],"damage_healed":0,"gold_gain":0,"player_choice":"Removed Attack","damage_taken":0,"max_hp_gain":0,"max_hp_loss":0,"event_name":"Falling","floor":44,"gold_loss":0},{"cards_removed":["Strike_B"],"damage_healed":0,"gold_gain":0,"player_choice":"Purged","damage_taken":0,"max_hp_gain":0,"max_hp_loss":0,"event_name":"Purifier","floor":45,"gold_loss":0}],"is_beta":false,"boss_relics":[{"not_picked":["White Beast Statue","Pandora\u0027s Box"],"picked":"Ectoplasm"},{"not_picked":["Tiny House","Empty Cage"],"picked":"Inserter"}],"items_purged_floors":[],"is_endless":false,"potions_floor_spawned":[5,8,12,16,18,22,24,25,27,35,37,40,47],"killed_by":"Shield and Spear","ascension_level":20}