{"gold_per_floor":[111,186,151,151,161,196,212,212,212,242,257,257,257,284,284,357,357,371,384,384,403,403,403,419,419,419,435,435,23,34,65,65,138,138,157,157,175,185,2,29,29,57,110,110,123,158,173,189,189,189,189,189,189,25,25],"floor_reached":55,"playtime":2904,"items_purged":["Writhe","Parasite","BootSequence"],"score":2324,"play_id":"68e736dc-9045-426a-9d0a-8514be0603aa","local_time":"20190309122430","is_ascension_mode":true,"campfire_choices":[{"data":"Blizzard","floor":8,"key":"SMITH"},{"data":"Buffer","floor":15,"key":"SMITH"},{"data":"Consume","floor":23,"key":"SMITH"},{"data":"Consume","floor":25,"key":"SMITH"},{"data":"Chill","floor":28,"key":"SMITH"},{"floor":32,"key":"REST"},{"floor":44,"key":"REST"},{"floor":49,"key":"RECALL"},{"data":"Biased Cognition","floor":53,"key":"SMITH"}],"neow_cost":"NONE","seed_source_timestamp":5317245198800,"circlet_count":0,"master_deck":["AscendersBane","Strike_B","Strike_B","Defend_B","Zap","Dualcast","Glacier","Gash","Blizzard+1","Buffer+1","Rainbow","Consume+1","Loop+1","Coolheaded","Static Discharge","Consume+1","Chill+1","Glacier","Core Surge","PanicButton","Gash","Biased Cognition+1","Glacier","Cold Snap+1","Self Repair","Gash","White Noise+1","Loop"],"relics":["Cracked Core","NeowsBlessing","WarpedTongs","Bronze Scales","Symbiotic Virus","Pen Nib","Odd Mushroom","Philosopher\u0027s Stone","Blue Candle","StoneCalendar","Calipers","Empty Cage","Sundial","PreservedInsect","Happy Flower"],"potions_floor_usage":[10,21,21,24,31,31,37,40,42,46],"damage_taken":[{"damage":0,"enemies":"2 Louse","floor":1,"turns":1},{"damage":0,"enemies":"Small Slimes","floor":5,"turns":1},{"damage":1,"enemies":"Lagavulin","floor":6,"turns":1},{"damage":3,"enemies":"Cultist","floor":7,"turns":4},{"damage":16,"enemies":"3 Sentries","floor":10,"turns":8},{"damage":11,"enemies":"Gremlin Gang","floor":11,"turns":4},{"damage":6,"enemies":"The Mushroom Lair","floor":14,"turns":4},{"damage":0,"enemies":"Slime Boss","floor":16,"turns":7},{"damage":21,"enemies":"3 Byrds","floor":18,"turns":2},{"damage":2,"enemies":"Shell Parasite","floor":19,"turns":5},{"damage":0,"enemies":"3 Cultists","floor":21,"turns":4},{"damage":3,"enemies":"Sentry and Sphere","floor":24,"turns":7},{"damage":0,"enemies":"Snecko","floor":27,"turns":6},{"damage":0,"enemies":"Shelled Parasite and Fungi","floor":30,"turns":5},{"damage":21,"enemies":"Gremlin Leader","floor":31,"turns":7},{"damage":0,"enemies":"Automaton","floor":33,"turns":11},{"damage":0,"enemies":"Orb Walker","floor":35,"turns":4},{"damage":15,"enemies":"3 Darklings","floor":37,"turns":7},{"damage":4,"enemies":"Writhing Mass","floor":38,"turns":7},{"damage":9,"enemies":"Reptomancer","floor":40,"turns":6},{"damage":29,"enemies":"Giant Head","floor":42,"turns":11},{"damage":0,"enemies":"Jaw Worm Horde","floor":45,"turns":5},{"damage":37,"enemies":"Reptomancer","floor":46,"turns":7},{"damage":0,"enemies":"Sphere and 2 Shapes","floor":47,"turns":7},{"damage":0,"enemies":"Spire Growth","floor":48,"turns":7},{"damage":10,"enemies":"Time Eater","floor":50,"turns":17},{"damage":0,"enemies":"Donu and Deca","floor":51,"turns":18},{"damage":50,"enemies":"Shield and Spear","floor":55,"turns":5}],"seed_played":"927572457686045252","potions_obtained":[{"floor":5,"key":"SkillPotion"},{"floor":7,"key":"Swift Potion"},{"floor":11,"key":"Dexterity Potion"},{"floor":18,"key":"Block Potion"},{"floor":21,"key":"SkillPotion"},{"floor":27,"key":"Energy Potion"},{"floor":31,"key":"Fire Potion"},{"floor":33,"key":"Weak Potion"},{"floor":35,"key":"AttackPotion"},{"floor":40,"key":"SkillPotion"},{"floor":42,"key":"SteroidPotion"},{"floor":48,"key":"Fire Potion"}],"is_trial":false,"path_per_floor":["M","?","?","?","M","E","M","R","T","E","M","?","?","?","R","B",null,"M","M","?","M","?","R","M","R","T","M","R","$","M","E","R","B",null,"M","?","M","M","$","E","?","E","T","R","M","E","M","M","R","B","B",null,"R","$","E"],"character_chosen":"DEFECT","items_purchased":["Core Surge","PanicButton","SkillPotion","Self Repair","Loop"],"campfire_rested":2,"item_purchase_floors":[29,29,29,39,54],"current_hp_per_floor":[64,53,70,70,70,69,66,66,66,50,39,39,32,26,26,26,60,39,37,37,37,37,37,34,34,34,34,34,34,34,13,34,34,62,62,62,47,43,43,41,41,22,22,42,49,12,12,19,19,16,26,58,58,58,8],"gold":25,"neow_bonus":"THREE_ENEMY_KILL","is_prod":false,"is_daily":false,"chose_seed":false,"campfire_upgraded":6,"win_rate":0,"timestamp":1552101870,"path_taken":["M","?","?","?","M","E","?","R","T","E","?","?","?","?","R","BOSS","M","M","?","M","?","R","M","R","T","M","R","$","M","E","R","BOSS","M","?","M","M","$","E","?","E","T","R","M","E","M","M","R","BOSS","BOSS","R","$","E"],"build_version":"2019-01-23","purchased_purges":3,"victory":false,"max_hp_per_floor":[71,71,71,71,71,71,71,71,71,71,71,71,71,71,71,71,71,71,71,71,71,71,71,71,71,71,71,71,71,71,71,71,71,71,71,71,71,71,68,68,68,68,68,68,68,68,68,68,68,68,68,68,68,68,68],"card_choices":[{"not_picked":["Rebound","Streamline"],"picked":"Glacier","floor":1},{"not_picked":["Compile Driver","Turbo"],"picked":"Gash","floor":5},{"not_picked":["Force Field","Beam Cell"],"picked":"BootSequence","floor":6},{"not_picked":["Coolheaded","Turbo"],"picked":"Blizzard","floor":7},{"not_picked":["Streamline","Aggregate","Steam"],"picked":"SKIP","floor":10},{"not_picked":["Go for the Eyes","Sweeping Beam"],"picked":"Buffer","floor":11},{"not_picked":["Amplify","Thunder Strike"],"picked":"Rainbow","floor":16},{"not_picked":["Reprogram","Leap"],"picked":"Consume","floor":18},{"not_picked":["Ball Lightning","Capacitor"],"picked":"Loop+1","floor":19},{"not_picked":["Gash","Turbo"],"picked":"Coolheaded","floor":21},{"not_picked":["Darkness+1","Beam Cell"],"picked":"Chill","floor":24},{"not_picked":["BootSequence","Gash"],"picked":"Glacier","floor":27},{"not_picked":["Aggregate","Sweeping Beam+1"],"picked":"Gash","floor":30},{"not_picked":["Beam Cell","Fusion+1","Amplify"],"picked":"SKIP","floor":31},{"not_picked":["Meteor Strike","Machine Learning"],"picked":"Biased Cognition","floor":33},{"not_picked":["Stack+1","Rip and Tear+1"],"picked":"Glacier","floor":35},{"not_picked":["Leap+1","Static Discharge"],"picked":"Cold Snap+1","floor":37},{"not_picked":["Reprogram+1","Doom and Gloom","Compile Driver+1"],"picked":"SKIP","floor":38},{"not_picked":["Rebound","Steam","Storm"],"picked":"SKIP","floor":40},{"not_picked":["Hyperbeam","Cold Snap","Steam+1"],"picked":"SKIP","floor":42},{"not_picked":["Double Energy","Streamline+1"],"picked":"Gash","floor":45},{"not_picked":["Chaos","Steam+1","Storm"],"picked":"SKIP","floor":46},{"not_picked":["Fusion","Redo"],"picked":"White Noise+1","floor":47},{"not_picked":["Heatsinks","Steam","Ball Lightning"],"picked":"SKIP","floor":48}],"player_experience":2079091,"relics_obtained":[{"floor":6,"key":"Bronze Scales"},{"floor":9,"key":"Symbiotic Virus"},{"floor":10,"key":"Pen Nib"},{"floor":14,"key":"Odd Mushroom"},{"floor":26,"key":"StoneCalendar"},{"floor":31,"key":"Calipers"},{"floor":40,"key":"Sundial"},{"floor":42,"key":"PreservedInsect"},{"floor":46,"key":"Happy Flower"}],"event_choices":[{"damage_healed":0,"gold_gain":75,"player_choice":"Gather Gold","damage_taken":11,"max_hp_gain":0,"max_hp_loss":0,"event_name":"World of Goop","floor":2,"gold_loss":0},{"damage_healed":17,"gold_gain":0,"player_choice":"Healed","damage_taken":0,"max_hp_gain":0,"max_hp_loss":0,"event_name":"The Cleric","floor":3,"gold_loss":35},{"damage_healed":0,"gold_gain":0,"player_choice":"Rummage","damage_taken":0,"relics_obtained":["WarpedTongs"],"max_hp_gain":0,"max_hp_loss":0,"event_name":"Accursed Blacksmith","floor":4,"gold_loss":0,"cards_obtained":["Pain"]},{"cards_removed":["Pain"],"damage_healed":0,"gold_gain":0,"player_choice":"Forget","damage_taken":0,"max_hp_gain":0,"max_hp_loss":0,"event_name":"Living Wall","floor":12,"gold_loss":0},{"cards_removed":["Defend_B"],"damage_healed":0,"gold_gain":0,"player_choice":"Card Removal","damage_taken":7,"max_hp_gain":0,"max_hp_loss":0,"event_name":"Golden Wing","floor":13,"gold_loss":0},{"damage_healed":0,"gold_gain":0,"player_choice":"Fought Mushrooms","damage_taken":0,"max_hp_gain":0,"max_hp_loss":0,"event_name":"Mushrooms","floor":14,"gold_loss":0},{"damage_healed":0,"gold_gain":0,"player_choice":"Opened","damage_taken":0,"relics_obtained":["Blue Candle"],"max_hp_gain":0,"max_hp_loss":0,"event_name":"The Mausoleum","floor":20,"gold_loss":0,"cards_obtained":["Writhe"]},{"damage_healed":0,"gold_gain":0,"cards_transformed":["Strike_B","Strike_B"],"player_choice":"Became Test Subject","damage_taken":0,"max_hp_gain":0,"max_hp_loss":0,"event_name":"Drug Dealer","floor":22,"gold_loss":0,"cards_obtained":["Static Discharge","Consume"]},{"damage_healed":0,"gold_gain":0,"player_choice":"Ignored","damage_taken":0,"max_hp_gain":0,"max_hp_loss":0,"event_name":"Tomb of Lord Red Mask","floor":36,"gold_loss":0},{"damage_healed":0,"gold_gain":0,"player_choice":"Ignored","damage_taken":0,"max_hp_gain":0,"max_hp_loss":0,"event_name":"Mysterious Sphere","floor":41,"gold_loss":0}],"is_beta":false,"boss_relics":[{"not_picked":["Busted Crown","Black Star"],"picked":"Philosopher\u0027s Stone"},{"not_picked":["Lizard Tail","Tiny House"],"picked":"Empty Cage"}],"items_purged_floors":[29,39,54],"is_endless":false,"potions_floor_spawned":[5,7,11,18,21,27,31,33,35,40,42,48],"killed_by":"Shield and Spear","ascension_level":20}