{"gold_per_floor":[119,119,119,139,162,162,198,348,348,348,368,384,46,87,87,186,186,209,209,209,54,73,73,88,88,113,113],"floor_reached":27,"playtime":1336,"items_purged":["Strike_B"],"score":442,"play_id":"f403340f-d32a-4e4a-89c2-b9a991c49e18","local_time":"20190313122013","is_ascension_mode":true,"campfire_choices":[{"data":"Streamline","floor":6,"key":"SMITH"},{"data":"Hologram","floor":10,"key":"SMITH"},{"data":"Undo","floor":15,"key":"SMITH"},{"data":"Consume","floor":23,"key":"SMITH"},{"data":"Loop","floor":25,"key":"SMITH"}],"neow_cost":"NONE","seed_source_timestamp":352225807480800,"circlet_count":0,"master_deck":["AscendersBane","Strike_B+1","Strike_B+1","Strike_B","Defend_B","Defend_B","Defend_B","Defend_B","Zap","Dualcast","Streamline+1","Undo+1","Cold Snap","Hologram+1","Coolheaded","Cold Snap","Echo Form","Chill","Loop+1","Recycle","Coolheaded","Consume+1","Blizzard","Reinforced Body"],"relics":["Coffee Dripper","Golden Idol","Lantern","Whetstone","Prayer Wheel","Omamori","Orrery","Orichalcum"],"potions_floor_usage":[14,16,16,22,27],"damage_taken":[{"damage":11,"enemies":"2 Louse","floor":1,"turns":3},{"damage":0,"enemies":"Jaw Worm","floor":4,"turns":3},{"damage":2,"enemies":"Small Slimes","floor":5,"turns":4},{"damage":5,"enemies":"Lagavulin","floor":7,"turns":7},{"damage":0,"enemies":"Blue Slaver","floor":11,"turns":4},{"damage":2,"enemies":"3 Louse","floor":12,"turns":3},{"damage":19,"enemies":"Gremlin Nob","floor":14,"turns":4},{"damage":16,"enemies":"The Guardian","floor":16,"turns":13},{"damage":43,"enemies":"3 Byrds","floor":18,"turns":7},{"damage":1,"enemies":"Chosen","floor":22,"turns":6},{"damage":0,"enemies":"Centurion and Healer","floor":24,"turns":8},{"damage":10,"enemies":"Chosen and Byrds","floor":27,"turns":3}],"seed_played":"3422755180508499800","potions_obtained":[{"floor":1,"key":"FocusPotion"},{"floor":5,"key":"Energy Potion"},{"floor":12,"key":"Fire Potion"},{"floor":14,"key":"SpeedPotion"},{"floor":18,"key":"Ancient Potion"},{"floor":24,"key":"Weak Potion"}],"is_trial":false,"path_per_floor":["M","?","T","M","M","R","E","?","T","R","M","M","$","E","R","B",null,"M","?","?","$","M","R","M","R","T","M"],"character_chosen":"DEFECT","items_purchased":["Prayer Wheel","Blizzard"],"campfire_rested":0,"item_purchase_floors":[13,21],"current_hp_per_floor":[53,53,53,53,51,51,46,46,46,46,46,44,44,25,25,9,50,7,7,7,7,6,6,6,6,6,0],"gold":113,"neow_bonus":"BOSS_RELIC","is_prod":false,"is_daily":false,"chose_seed":false,"campfire_upgraded":5,"win_rate":0,"timestamp":1552447213,"path_taken":["M","?","?","M","M","R","E","?","T","R","M","M","$","E","R","BOSS","M","?","?","$","M","R","M","R","T","M"],"build_version":"2019-01-23","purchased_purges":1,"victory":false,"max_hp_per_floor":[71,64,64,64,64,64,64,64,64,64,64,64,64,64,64,64,64,64,64,64,64,64,64,64,64,64,64],"card_choices":[{"not_picked":["Fusion","Sweeping Beam"],"picked":"Streamline","floor":1},{"not_picked":["Doom and Gloom","Leap"],"picked":"Undo","floor":4},{"not_picked":["Go for the Eyes","Turbo"],"picked":"Cold Snap","floor":5},{"not_picked":["Storm","Hello World"],"picked":"Hologram","floor":7},{"not_picked":["BootSequence","FTL"],"picked":"Coolheaded","floor":11},{"not_picked":["Scrape","Leap"],"picked":"Cold Snap","floor":12},{"not_picked":["Steam Power","Sunder","Leap"],"picked":"SKIP","floor":14},{"not_picked":["Core Surge","Fission"],"picked":"Echo Form","floor":16},{"not_picked":["Turbo","Steam"],"picked":"Chill","floor":17},{"not_picked":["Compile Driver","FTL"],"picked":"Loop","floor":17},{"not_picked":["Multi-Cast","Redo"],"picked":"Recycle","floor":17},{"not_picked":["Compile Driver","Go for the Eyes"],"picked":"Coolheaded","floor":18},{"not_picked":["Barrage","Redo"],"picked":"Consume","floor":18},{"not_picked":["Storm+1","Steam"],"picked":"Reinforced Body","floor":22},{"not_picked":["Sweeping Beam","Storm","Auto Shields"],"picked":"SKIP","floor":22},{"not_picked":["Conserve Battery","Hello World","Barrage"],"picked":"SKIP","floor":24},{"not_picked":["Multi-Cast","Streamline","Beam Cell"],"picked":"SKIP","floor":24}],"player_experience":2218769,"relics_obtained":[{"floor":7,"key":"Lantern"},{"floor":9,"key":"Whetstone"},{"floor":14,"key":"Omamori"},{"floor":26,"key":"Orichalcum"}],"event_choices":[{"damage_healed":0,"gold_gain":0,"player_choice":"Lose Max HP","damage_taken":0,"relics_obtained":["Golden Idol"],"max_hp_gain":0,"max_hp_loss":7,"event_name":"Golden Idol","floor":2,"gold_loss":0},{"damage_healed":0,"gold_gain":150,"player_choice":"AGREE","damage_taken":0,"max_hp_gain":0,"max_hp_loss":0,"event_name":"Liars Game","floor":8,"gold_loss":0,"cards_obtained":["Doubt"]},{"cards_removed":["Doubt"],"damage_healed":0,"gold_gain":0,"player_choice":"Elegance","damage_taken":0,"max_hp_gain":0,"max_hp_loss":0,"event_name":"Back to Basics","floor":19,"gold_loss":0},{"damage_healed":0,"gold_gain":0,"player_choice":"Ignored","damage_taken":0,"max_hp_gain":0,"max_hp_loss":0,"event_name":"Cursed Tome","floor":20,"gold_loss":0}],"is_beta":false,"boss_relics":[{"not_picked":["Black Star","Cursed Key"],"picked":"Orrery"}],"items_purged_floors":[21],"is_endless":false,"potions_floor_spawned":[1,5,11,12,14,18,24],"killed_by":"Chosen and Byrds","ascension_level":20}