{"gold_per_floor":[111,125,203,124,124,124,135,135,135,135,58,133,153,183,195,207],"floor_reached":16,"playtime":199,"items_purged":[],"score":196,"play_id":"f64d94a2-8cc0-4804-83dc-7cbdff1d0f42","local_time":"20190408143323","is_ascension_mode":true,"campfire_choices":[{"data":"Zap","floor":6,"key":"SMITH"},{"data":"White Noise","floor":8,"key":"SMITH"},{"data":"Melter","floor":10,"key":"SMITH"},{"data":"Defragment","floor":15,"key":"SMITH"}],"neow_cost":"NONE","seed_source_timestamp":131935118991900,"circlet_count":0,"master_deck":["AscendersBane","Strike_B","Strike_B","Strike_B","Strike_B","Defend_B","Defend_B","Defend_B","Defend_B","Zap+1","Dualcast","White Noise+1","Melter+1","Recycle+1","Defragment+1","Coolheaded+1"],"relics":["Cracked Core","NeowsBlessing","Toxic Egg 2","Centennial Puzzle","MawBank"],"potions_floor_usage":[14,14],"damage_taken":[{"damage":0,"enemies":"Cultist","floor":1,"turns":1},{"damage":0,"enemies":"Jaw Worm","floor":2,"turns":1},{"damage":0,"enemies":"2 Louse","floor":7,"turns":1},{"damage":11,"enemies":"Blue Slaver","floor":13,"turns":3},{"damage":5,"enemies":"Gremlin Nob","floor":14,"turns":3},{"damage":34,"enemies":"Slime Boss","floor":16,"turns":6}],"seed_played":"-3027958551642685480","potions_obtained":[{"floor":1,"key":"FearPotion"},{"floor":2,"key":"AttackPotion"}],"is_trial":false,"path_per_floor":["M","M","T","$","?","R","M","R","T","R","$","?","M","E","R","B"],"character_chosen":"DEFECT","items_purchased":["Recycle+1","Defragment"],"campfire_rested":0,"item_purchase_floors":[4,11],"current_hp_per_floor":[64,64,64,64,64,64,64,64,64,64,64,53,42,37,37,3],"gold":207,"neow_bonus":"THREE_ENEMY_KILL","is_prod":false,"is_daily":false,"chose_seed":false,"campfire_upgraded":4,"win_rate":0,"timestamp":1554701603,"path_taken":["M","?","?","$","?","R","M","R","T","R","?","?","?","E","R","BOSS"],"build_version":"2019-01-23","purchased_purges":0,"victory":false,"max_hp_per_floor":[71,71,71,71,71,71,71,71,71,71,71,71,71,71,71,71],"card_choices":[{"not_picked":["Steam Power","Hologram"],"picked":"White Noise","floor":1},{"not_picked":["Sweeping Beam","Doom and Gloom"],"picked":"Melter","floor":2},{"not_picked":["Reprogram+1","Compile Driver","Gash"],"picked":"SKIP","floor":7},{"not_picked":["Aggregate+1","Fusion+1"],"picked":"Coolheaded+1","floor":13},{"not_picked":["Lockon","Beam Cell","Redo+1"],"picked":"SKIP","floor":14}],"player_experience":2978301,"relics_obtained":[{"floor":3,"key":"Toxic Egg 2"},{"floor":9,"key":"Centennial Puzzle"},{"floor":14,"key":"MawBank"}],"event_choices":[{"damage_healed":0,"gold_gain":0,"player_choice":"Ignored","damage_taken":0,"max_hp_gain":0,"max_hp_loss":0,"event_name":"Liars Game","floor":5,"gold_loss":0},{"damage_healed":0,"gold_gain":75,"player_choice":"Gather Gold","damage_taken":11,"max_hp_gain":0,"max_hp_loss":0,"event_name":"World of Goop","floor":12,"gold_loss":0}],"is_beta":false,"boss_relics":[],"items_purged_floors":[],"is_endless":false,"potions_floor_spawned":[1,2,7],"killed_by":"Slime Boss","ascension_level":20}