{"gold_per_floor":[112,131,131,131,149,161,161,171,171,90,90,115,132,132,132,203,503,516,406,420,27,27],"floor_reached":22,"playtime":808,"items_purged":["Doubt"],"score":472,"play_id":"4a155f84-4426-4093-858e-87dcf2382fa2","local_time":"20190318143100","is_ascension_mode":true,"campfire_choices":[{"floor":7,"key":"REST"},{"data":"Defragment","floor":15,"key":"SMITH"}],"neow_cost":"NONE","seed_source_timestamp":99206524510800,"circlet_count":0,"master_deck":["AscendersBane","Strike_B","Strike_B","Strike_B","Strike_B","Defend_B","Defend_B","Defend_B+1","Zap+1","Dualcast+1","Chill","Loop+1","Recycle","Cold Snap","Cold Snap","Undo","Defragment+1","Amplify","Parasite","Cold Snap"],"relics":["Cracked Core","Vajra","Shovel","Pantograph","Calling Bell","Omamori","Matryoshka","Old Coin","Bird Faced Urn"],"potions_floor_usage":[12,12,16,16,22,22],"damage_taken":[{"damage":1,"enemies":"Cultist","floor":1,"turns":3},{"damage":10,"enemies":"2 Louse","floor":2,"turns":2},{"damage":6,"enemies":"Small Slimes","floor":5,"turns":3},{"damage":25,"enemies":"Exordium Thugs","floor":6,"turns":5},{"damage":8,"enemies":"Looter","floor":8,"turns":3},{"damage":5,"enemies":"3 Sentries","floor":12,"turns":8},{"damage":0,"enemies":"Exordium Wildlife","floor":13,"turns":2},{"damage":0,"enemies":"The Guardian","floor":16,"turns":12},{"damage":24,"enemies":"Shell Parasite","floor":18,"turns":9},{"damage":14,"enemies":"Chosen","floor":20,"turns":7},{"damage":29,"enemies":"Shelled Parasite and Fungi","floor":22,"turns":2}],"seed_played":"-1619957732218862697","potions_obtained":[{"floor":1,"key":"PowerPotion"},{"floor":12,"key":"Poison Potion"},{"floor":13,"key":"PowerPotion"},{"floor":16,"key":"FearPotion"},{"floor":18,"key":"SteroidPotion"}],"is_trial":false,"path_per_floor":["M","M","?","?","M","M","R","M","T","$","?","E","M","$","R","B",null,"M","?","M","$","M"],"character_chosen":"DEFECT","items_purchased":["Fire Potion","Cold Snap","Bird Faced Urn"],"campfire_rested":1,"item_purchase_floors":[10,10,21],"current_hp_per_floor":[63,53,46,46,40,15,36,28,28,28,7,2,2,2,2,27,60,36,36,22,22,0],"gold":27,"neow_bonus":"RANDOM_COMMON_RELIC","is_prod":false,"is_daily":false,"chose_seed":false,"campfire_upgraded":1,"win_rate":0,"timestamp":1552887060,"path_taken":["M","?","?","?","M","M","R","?","T","$","?","E","M","?","R","BOSS","M","?","M","$","?"],"build_version":"2019-01-23","purchased_purges":1,"victory":false,"max_hp_per_floor":[71,71,71,71,71,71,71,71,71,71,71,71,71,71,71,71,71,71,71,71,71,71],"card_choices":[{"not_picked":["Redo","Hologram"],"picked":"Chill","floor":1},{"not_picked":["Reprogram","Scrape","Undo"],"picked":"SKIP","floor":2},{"not_picked":["Hello World","Redo"],"picked":"Loop","floor":5},{"not_picked":["Go for the Eyes","Compile Driver"],"picked":"Recycle","floor":6},{"not_picked":["All For One","Fusion"],"picked":"Cold Snap","floor":8},{"not_picked":["Cold Snap","Hologram"],"picked":"Undo","floor":12},{"not_picked":["Fusion","Cold Snap"],"picked":"Defragment","floor":13},{"not_picked":["Creative AI","Thunder Strike"],"picked":"Amplify","floor":16},{"not_picked":["Reinforced Body","Lockon"],"picked":"Cold Snap","floor":18},{"not_picked":["Storm","Cold Snap","Heatsinks"],"picked":"SKIP","floor":20}],"player_experience":2348345,"relics_obtained":[{"floor":9,"key":"Shovel"},{"floor":12,"key":"Pantograph"},{"floor":17,"key":"Omamori"},{"floor":17,"key":"Matryoshka"},{"floor":17,"key":"Old Coin"}],"event_choices":[{"cards_removed":["Defend_B"],"damage_healed":0,"gold_gain":0,"player_choice":"Card Removal","damage_taken":7,"max_hp_gain":0,"max_hp_loss":0,"event_name":"Golden Wing","floor":3,"gold_loss":0},{"damage_healed":0,"gold_gain":0,"player_choice":"Upgraded","damage_taken":0,"max_hp_gain":0,"max_hp_loss":0,"event_name":"Upgrade Shrine","floor":4,"gold_loss":0,"cards_upgraded":["Zap"]},{"damage_healed":0,"gold_gain":0,"player_choice":"Entered Light","damage_taken":21,"max_hp_gain":0,"max_hp_loss":0,"event_name":"Shining Light","floor":11,"gold_loss":0,"cards_upgraded":["Defend_B","Loop"]},{"cards_removed":["Regret"],"damage_healed":0,"gold_gain":0,"player_choice":"Upgrade and Remove","damage_taken":0,"max_hp_gain":0,"max_hp_loss":0,"event_name":"Designer","floor":19,"gold_loss":110,"cards_upgraded":["Dualcast"]}],"is_beta":false,"boss_relics":[{"not_picked":["White Beast Statue","Ectoplasm"],"picked":"Calling Bell"}],"items_purged_floors":[21],"is_endless":false,"potions_floor_spawned":[1,12,13,16,18],"killed_by":"Shelled Parasite and Fungi","ascension_level":20}