{"gold_per_floor":[115,40,58,72,85,85,32,32,32,32,47,47,60,92,92,193,193,210,240,257,268,288,288,302,302,302,329,329,345,345,364,364,464,464,481,498,512,18,36,36,48,60,60,460,486,486,498,21,21,21],"floor_reached":51,"playtime":5674,"items_purged":["Regret","Strike_G","Strike_G"],"score":814,"play_id":"a07e37f5-3e7a-42a0-b192-2ed4b4975220","local_time":"20190312204655","is_ascension_mode":true,"campfire_choices":[{"data":"Neutralize","floor":6.0,"key":"SMITH"},{"data":"Footwork","floor":10.0,"key":"SMITH"},{"data":"Deadly Poison","floor":12.0,"key":"SMITH"},{"data":"Infinite Blades","floor":15.0,"key":"SMITH"},{"data":"Night Terror","floor":23.0,"key":"SMITH"},{"floor":25.0,"key":"REST"},{"data":"Catalyst","floor":28.0,"key":"SMITH"},{"data":"Blade Dance","floor":32.0,"key":"SMITH"},{"data":"Catalyst","floor":40.0,"key":"SMITH"},{"data":"Malaise","floor":46.0,"key":"SMITH"},{"data":"Blur","floor":49.0,"key":"SMITH"}],"neow_cost":"CURSE","seed_source_timestamp":0,"circlet_count":0,"master_deck":["Defend_G","Defend_G","Defend_G","Defend_G","Defend_G","Strike_G","Strike_G","Strike_G","Survivor","Neutralize+1","Cloak And Dagger","Cloak And Dagger","Footwork+1","Crippling Poison+1","Deadly Poison+1","Backflip","Corpse Explosion","Infinite Blades+1","Cloak And Dagger","Leg Sweep","Catalyst+1","Night Terror+1","Blade Dance+1","Acrobatics","Cloak And Dagger","Malaise+1","Prepared+1","Catalyst+1","Noxious Fumes","Deadly Poison+1","Blade Dance","Footwork","Acrobatics","Escape Plan+1","Accuracy+1","Terror","Catalyst+1","Blur+1"],"special_seed":0,"relics":["Ring of the Snake","Dodecahedron","Pocketwatch","Sozu","Red Mask","Letter Opener","Thread and Needle","Coffee Dripper","Bottled Lightning","Mercury Hourglass","Old Coin","Meat on the Bone","DollysMirror"],"potions_floor_usage":[],"damage_taken":[{"damage":2.0,"enemies":"Small Slimes","floor":1.0,"turns":5.0},{"damage":3.0,"enemies":"Cultist","floor":3.0,"turns":4.0},{"damage":0.0,"enemies":"Jaw Worm","floor":4.0,"turns":5.0},{"damage":1.0,"enemies":"Blue Slaver","floor":5.0,"turns":5.0},{"damage":4.0,"enemies":"Gremlin Gang","floor":11.0,"turns":4.0},{"damage":6.0,"enemies":"Lots of Slimes","floor":13.0,"turns":2.0},{"damage":24.0,"enemies":"Gremlin Nob","floor":14.0,"turns":5.0},{"damage":14.0,"enemies":"Slime Boss","floor":16.0,"turns":10.0},{"damage":11.0,"enemies":"2 Thieves","floor":18.0,"turns":3.0},{"damage":6.0,"enemies":"Masked Bandits","floor":19.0,"turns":2.0},{"damage":7.0,"enemies":"Chosen","floor":20.0,"turns":5.0},{"damage":7.0,"enemies":"Snecko","floor":21.0,"turns":5.0},{"damage":2.0,"enemies":"3 Cultists","floor":22.0,"turns":4.0},{"damage":18.0,"enemies":"Centurion and Healer","floor":24.0,"turns":6.0},{"damage":14.0,"enemies":"Book of Stabbing","floor":27.0,"turns":5.0},{"damage":0.0,"enemies":"Snake Plant","floor":29.0,"turns":4.0},{"damage":9.0,"enemies":"Sentry and Sphere","floor":31.0,"turns":6.0},{"damage":34.0,"enemies":"Automaton","floor":33.0,"turns":7.0},{"damage":6.0,"enemies":"3 Darklings","floor":35.0,"turns":4.0},{"damage":0.0,"enemies":"3 Shapes","floor":36.0,"turns":3.0},{"damage":4.0,"enemies":"Sphere and 2 Shapes","floor":37.0,"turns":6.0},{"damage":18.0,"enemies":"Jaw Worm Horde","floor":39.0,"turns":3.0},{"damage":6.0,"enemies":"Writhing Mass","floor":41.0,"turns":4.0},{"damage":0.0,"enemies":"Maw","floor":42.0,"turns":5.0},{"damage":0.0,"enemies":"Mind Bloom Boss Battle","floor":44.0,"turns":7.0},{"damage":10.0,"enemies":"Reptomancer","floor":45.0,"turns":3.0},{"damage":8.0,"enemies":"Jaw Worm Horde","floor":47.0,"turns":3.0},{"damage":18,"enemies":"Awakened One","floor":50,"turns":11}],"seed_played":"-4414861520125375227","potions_obtained":[{"floor":4.0,"key":"Fruit Juice"},{"floor":5.0,"key":"Swift Potion"},{"floor":13.0,"key":"EssenceOfSteel"}],"is_trial":false,"path_per_floor":["M","$","M","M","M","R","$","?","T","R","M","R","M","E","R","B",null,"M","?","M","M","M","R","M","R","T","E","R","M","?","M","R","B",null,"M","M","M","$","M","R","M","M","T","?","E","R","M","$","R","B",null],"character_chosen":"THE_SILENT","items_purchased":["Deadly Poison","Catalyst","Noxious Fumes","Bottled Lightning","Terror","DollysMirror","Blur"],"campfire_rested":1,"item_purchase_floors":[7,38,38,38,48,48,48],"current_hp_per_floor":[82,82,79,79,83,83,83,83,83,83,79,79,73,49,49,35,89,78,72,65,58,56,56,38,64,64,50,50,50,99,90,90,56,99,93,93,89,89,71,71,65,65,65,65,55,55,59,59,59,53],"gold":21,"neow_bonus":"TWENTY_PERCENT_HP_BONUS","is_prod":false,"is_daily":false,"chose_seed":false,"campfire_upgraded":10,"win_rate":0,"timestamp":1552391215,"path_taken":["M","$","M","M","M","R","$","?","T","R","?","R","M","E","R","BOSS","M","?","M","M","M","R","M","R","T","E","R","M","?","M","R","BOSS","M","?","?","$","?","R","M","M","T","?","E","R","M","$","R","BOSS"],"build_version":"2019-01-23","purchased_purges":3,"victory":true,"max_hp_per_floor":[84,84,84,84,89,89,89,89,89,89,89,89,89,89,89,89,89,89,89,89,89,89,89,89,89,89,89,89,89,99,99,99,99,99,99,99,99,99,99,99,99,99,99,99,99,99,99,99,99,99],"card_choices":[{"not_picked":["Backflip","Dodge and Roll"],"picked":"Cloak And Dagger","floor":1.0},{"not_picked":["Backflip","Dodge and Roll"],"picked":"Cloak And Dagger","floor":3.0},{"not_picked":["Choke","Slice"],"picked":"Footwork","floor":4.0},{"not_picked":["Footwork","Outmaneuver"],"picked":"Crippling Poison","floor":5.0},{"not_picked":["Dagger Spray","Poisoned Stab"],"picked":"Backflip","floor":11.0},{"not_picked":["Sucker Punch","Dodge and Roll"],"picked":"Corpse Explosion","floor":13.0},{"not_picked":["Masterful Stab","Acrobatics"],"picked":"Infinite Blades","floor":14.0},{"not_picked":["Die Die Die","Adrenaline"],"picked":"A Thousand Cuts","floor":16.0},{"not_picked":["Choke","Crippling Poison+1","Prepared"],"picked":"SKIP","floor":18.0},{"not_picked":["Backflip+1","Poisoned Stab"],"picked":"Cloak And Dagger","floor":19.0},{"not_picked":["Deflect","Endless Agony+1"],"picked":"Leg Sweep","floor":20.0},{"not_picked":["Distraction","Riddle With Holes+1"],"picked":"Catalyst","floor":21.0},{"not_picked":["PiercingWail","Dodge and Roll+1"],"picked":"Night Terror","floor":22.0},{"not_picked":["Masterful Stab","Prepared"],"picked":"Blade Dance","floor":24.0},{"not_picked":["Corpse Explosion","Venomology"],"picked":"Acrobatics","floor":27.0},{"not_picked":["Sucker Punch+1","Eviscerate","Poisoned Stab"],"picked":"SKIP","floor":29.0},{"not_picked":["Sucker Punch+1","Eviscerate","Poisoned Stab"],"picked":"SKIP","floor":29.0},{"not_picked":["Reflex","Deflect"],"picked":"Cloak And Dagger","floor":31.0},{"not_picked":["Adrenaline","Phantasmal Killer"],"picked":"Malaise","floor":33.0},{"not_picked":["Bane+1","Slice+1","Quick Slash"],"picked":"SKIP","floor":35.0},{"not_picked":["Outmaneuver","Cloak And Dagger","Dagger Spray+1"],"picked":"SKIP","floor":36.0},{"not_picked":["Phantasmal Killer","PiercingWail"],"picked":"Prepared+1","floor":37.0},{"not_picked":["Crippling Poison","Dagger Spray"],"picked":"Deadly Poison+1","floor":39.0},{"not_picked":["Slice+1","Poisoned Stab"],"picked":"Blade Dance","floor":41.0},{"not_picked":["Dagger Spray+1","Prepared"],"picked":"Footwork","floor":42.0},{"not_picked":["PiercingWail+1","Poisoned Stab+1"],"picked":"Acrobatics","floor":44.0},{"not_picked":["Leg Sweep","Night Terror"],"picked":"Escape Plan+1","floor":45.0},{"not_picked":["Riddle With Holes+1","All Out Attack"],"picked":"Accuracy+1","floor":47.0}],"player_experience":138054,"relics_obtained":[{"floor":9.0,"key":"Dodecahedron"},{"floor":14.0,"key":"Pocketwatch"},{"floor":19.0,"key":"Red Mask"},{"floor":26.0,"key":"Letter Opener"},{"floor":27.0,"key":"Thread and Needle"},{"floor":43.0,"key":"Mercury Hourglass"},{"floor":44.0,"key":"Old Coin"},{"floor":45.0,"key":"Meat on the Bone"}],"event_choices":[{"damage_healed":0.0,"max_hp_gain":0.0,"max_hp_loss":0.0,"gold_gain":0.0,"event_name":"Upgrade Shrine","player_choice":"Upgraded","floor":8.0,"gold_loss":0.0,"damage_taken":0.0,"cards_upgraded":["Crippling Poison"]},{"damage_healed":0.0,"max_hp_gain":0.0,"max_hp_loss":0.0,"gold_gain":0.0,"event_name":"Masked Bandits","player_choice":"Fought Bandits","floor":19.0,"gold_loss":0.0,"damage_taken":0.0},{"cards_removed":["A Thousand Cuts"],"damage_healed":39.0,"max_hp_gain":10.0,"max_hp_loss":0.0,"gold_gain":0.0,"event_name":"Bonfire Elementals","player_choice":"Offered Rare","floor":30.0,"gold_loss":0.0,"damage_taken":0.0},{"damage_healed":0.0,"max_hp_gain":0.0,"max_hp_loss":0.0,"gold_gain":0.0,"event_name":"MindBloom","player_choice":"Fight","floor":44.0,"gold_loss":0.0,"damage_taken":0.0}],"is_beta":false,"boss_relics":[{"not_picked":["Black Star","Busted Crown"],"picked":"Sozu"},{"not_picked":["Philosopher\u0027s Stone","Runic Dome"],"picked":"Coffee Dripper"}],"items_purged_floors":[2,38,48],"is_endless":false,"potions_floor_spawned":[4,5,13,20,22,27,31,39,41,45],"ascension_level":1}