{"path_per_floor":["M","M","M","?","M","R","E","M","T","E","M","R","E","M","R","B",null,"M","?","$","M","$","R","E","?","T","R"],"character_chosen":"IRONCLAD","items_purchased":["Metallicize","Singing Bowl"],"gold_per_floor":[113,132,148,148,164,164,194,207,233,263,279,279,307,317,317,420,420,387,387,145,157,77,77,104,29,29,29,29],"floor_reached":28,"campfire_rested":0,"playtime":1264,"current_hp_per_floor":[78,80,80,80,70,70,64,60,60,74,80,80,70,76,76,54,79,59,59,59,60,60,60,11,11,11,11,0],"items_purged":["Injury","Defend_R"],"gold":29,"score":348,"play_id":"bc7137f0-7602-47df-b517-2d6744db4e30","local_time":"20180330205601","is_prod":false,"is_daily":false,"is_ascension_mode":true,"campfire_upgraded":4,"timestamp":1522414561,"path_taken":["M","M","?","?","M","R","E","M","T","E","M","R","E","M","R","BOSS","M","?","$","M","$","R","E","?","T","R","?"],"build_version":"2018-03-29","purchased_purges":2,"victory":false,"master_deck":["Strike_R","Strike_R+1","Strike_R","Strike_R","Strike_R","Defend_R","Defend_R","Bash+1","Metallicize+1","Inflame+1","Seeing Red","True Grit","Rampage+1","True Grit","Thunderclap","Feed+1","Pommel Strike+1","Metallicize+1","Feed"],"max_hp_per_floor":[80,80,80,80,80,80,80,80,80,87,87,87,87,87,87,87,87,87,87,87,93,93,93,93,93,93,93,93],"relics":["Burning Blood","Orichalcum","The Courier","Whetstone","Strawberry","Juzu Bracelet","Mark of Pain","Singing Bowl","Blue Candle","Girya"],"card_choices":[{"not_picked":["Fiend Fire","Clothesline"],"picked":"Metallicize","floor":2},{"not_picked":["Wild Strike","Twin Strike"],"picked":"Inflame","floor":3},{"not_picked":["Flex","Ghostly Armor"],"picked":"Seeing Red","floor":7},{"not_picked":["Clothesline","Sever Soul"],"picked":"True Grit","floor":8},{"not_picked":["Flex","Pommel Strike"],"picked":"Rampage","floor":10},{"not_picked":["Inflame","Sentinel"],"picked":"True Grit","floor":11},{"not_picked":["Second Wind","Body Slam"],"picked":"Thunderclap","floor":13},{"not_picked":["Fiend Fire","Juggernaut"],"picked":"Feed","floor":16},{"not_picked":["Headbutt","Flex"],"picked":"Pommel Strike","floor":18},{"not_picked":["Anger","Flex"],"picked":"Feed","floor":24}],"player_experience":205077,"potions_floor_usage":[10,16,21,24],"damage_taken":[{"damage":0,"enemies":"Cultist","floor":1,"turns":3},{"damage":4,"enemies":"Small Slimes","floor":2,"turns":3},{"damage":3,"enemies":"Jaw Worm","floor":3,"turns":3},{"damage":16,"enemies":"Exordium Thugs","floor":5,"turns":4},{"damage":12,"enemies":"Gremlin Nob","floor":7,"turns":5},{"damage":10,"enemies":"Looter","floor":8,"turns":3},{"damage":14,"enemies":"Lagavulin","floor":10,"turns":7},{"damage":0,"enemies":"Large Slime","floor":11,"turns":6},{"damage":16,"enemies":"Gremlin Nob","floor":13,"turns":5},{"damage":0,"enemies":"Exordium Thugs","floor":14,"turns":4},{"damage":28,"enemies":"Slime Boss","floor":16,"turns":10},{"damage":26,"enemies":"2 Thieves","floor":18,"turns":5},{"damage":11,"enemies":"Spheric Guardian","floor":21,"turns":4},{"damage":55,"enemies":"Book of Stabbing","floor":24,"turns":7}],"event_choices":[{"event_name":"The Lab","player_choice":"Got Potions","floor":4,"damage_taken":0},{"event_name":"Accursed Blacksmith","player_choice":"Forge","floor":19,"damage_taken":0},{"event_name":"Beggar","player_choice":"Gave Gold","floor":25,"damage_taken":0}],"boss_relics":[{"not_picked":["Orrery","Runic Pyramid"],"picked":"Mark of Pain"}],"potions_floor_spawned":[1,5,7,8,14,18,21],"seed_played":"-116148576821433791","ascension_level":7,"is_trial":false}