{"gold_per_floor":[117,117,132,144,219,219,245,245,270,420,420,430,445,445],"floor_reached":14,"playtime":494,"items_purged":[],"score":180,"play_id":"4bf322cb-876d-4d0f-adb3-f6b615c4c4ea","local_time":"20190305133049","is_ascension_mode":true,"campfire_choices":[{"data":"Strike_R","floor":6,"key":"SMITH"},{"data":"Shockwave","floor":8,"key":"SMITH"},{"data":"Battle Trance","floor":11,"key":"SMITH"}],"neow_cost":"TEN_PERCENT_HP_LOSS","seed_source_timestamp":42895103975500,"circlet_count":0,"master_deck":["AscendersBane","Strike_R","Strike_R","Strike_R","Strike_R","Strike_R+1","Defend_R","Defend_R","Defend_R","Defend_R","Bash+1","Battle Trance+1","Shrug It Off","Shockwave+1"],"relics":["Burning Blood","Dead Branch","Red Skull","Omamori"],"potions_floor_usage":[7],"damage_taken":[{"damage":8,"enemies":"2 Louse","floor":1,"turns":2},{"damage":6,"enemies":"Cultist","floor":3,"turns":4},{"damage":0,"enemies":"Small Slimes","floor":4,"turns":6},{"damage":7,"enemies":"3 Sentries","floor":7,"turns":5},{"damage":5,"enemies":"Blue Slaver","floor":12,"turns":5},{"damage":17,"enemies":"Exordium Thugs","floor":13,"turns":6},{"damage":29,"enemies":"Gremlin Nob","floor":14,"turns":4}],"seed_played":"-3542537684292056689","potions_obtained":[{"floor":3,"key":"Weak Potion"},{"floor":4,"key":"PowerPotion"}],"is_trial":false,"path_per_floor":["M","?","M","M","?","R","E","R","T","?","R","M","M","E"],"character_chosen":"IRONCLAD","items_purchased":[],"campfire_rested":0,"item_purchase_floors":[],"current_hp_per_floor":[66,66,66,68,57,57,56,56,56,56,56,57,46,17],"gold":445,"neow_bonus":"ONE_RARE_RELIC","is_prod":false,"is_daily":false,"chose_seed":false,"campfire_upgraded":3,"win_rate":0,"timestamp":1551760249,"path_taken":["M","?","?","M","?","R","E","R","T","?","R","M","?","E"],"build_version":"2019-01-23","purchased_purges":0,"victory":false,"max_hp_per_floor":[68,68,68,68,68,68,68,68,68,68,68,68,68,68],"card_choices":[{"not_picked":["Pommel Strike","Body Slam"],"picked":"Battle Trance","floor":1},{"not_picked":["Cleave","Clothesline"],"picked":"Shrug It Off","floor":3},{"not_picked":["Thunderclap","Fire Breathing","Sword Boomerang"],"picked":"SKIP","floor":4},{"not_picked":["Havoc","Wild Strike"],"picked":"Shockwave","floor":7},{"not_picked":["Carnage","Body Slam","Rampage"],"picked":"SKIP","floor":12},{"not_picked":["Twin Strike","True Grit","Rage"],"picked":"SKIP","floor":13}],"player_experience":2019733,"relics_obtained":[{"floor":7,"key":"Red Skull"},{"floor":9,"key":"Omamori"}],"event_choices":[{"damage_healed":0,"gold_gain":0,"player_choice":"Upgraded","damage_taken":0,"max_hp_gain":0,"max_hp_loss":0,"event_name":"Upgrade Shrine","floor":2,"gold_loss":0,"cards_upgraded":["Bash"]},{"damage_healed":0,"gold_gain":75,"player_choice":"Gather Gold","damage_taken":11,"max_hp_gain":0,"max_hp_loss":0,"event_name":"World of Goop","floor":5,"gold_loss":0},{"damage_healed":0,"gold_gain":150,"player_choice":"AGREE","damage_taken":0,"max_hp_gain":0,"max_hp_loss":0,"event_name":"Liars Game","floor":10,"gold_loss":0,"cards_obtained":["Doubt"]}],"is_beta":false,"boss_relics":[],"items_purged_floors":[],"is_endless":false,"potions_floor_spawned":[3,4],"killed_by":"Gremlin Nob","ascension_level":20}