{"gold_per_floor":[118,118,118,118,118,118,162,180,232,232,232,265,277,305,317,419,431,463,475,510,127,141,141,159,159,234,234,234,234,234,265,265,265],"floor_reached":33,"playtime":615,"items_purged":["Regret"],"score":688,"play_id":"196c218b-0403-427f-9cfb-e90078c75a3f","local_time":"20190401141628","is_ascension_mode":true,"campfire_choices":[{"data":"Carnage","floor":6.0,"key":"SMITH"},{"data":"Bash","floor":10.0,"key":"SMITH"},{"data":"Second Wind","floor":15,"key":"SMITH"},{"data":"Immolate","floor":23,"key":"SMITH"},{"data":"Strike_R","floor":25,"key":"PURGE"},{"floor":29,"key":"REST"},{"floor":32,"key":"REST"}],"neow_cost":"NONE","seed_source_timestamp":270421977479800,"circlet_count":0,"master_deck":["AscendersBane","Strike_R","Strike_R+1","Defend_R","Defend_R","Defend_R","Defend_R+1","Bash+1","Carnage+1","Flame Barrier","Second Wind+1","Immolate+1","Clothesline","True Grit+1","Entrench"],"special_seed":0,"relics":["Burning Blood","NeowsBlessing","Bloody Idol","Omamori","Pear","Ginger","Pen Nib","MawBank","Philosopher\u0027s Stone","Peace Pipe","Singing Bowl","Sundial"],"potions_floor_usage":[16,22,33],"damage_taken":[{"damage":0.0,"enemies":"Jaw Worm","floor":1.0,"turns":1.0},{"damage":0.0,"enemies":"Gremlin Nob","floor":7.0,"turns":1.0},{"damage":2.0,"enemies":"2 Louse","floor":8.0,"turns":2.0},{"damage":27,"enemies":"3 Sentries","floor":12,"turns":8},{"damage":0,"enemies":"Cultist","floor":14,"turns":2},{"damage":3,"enemies":"Slime Boss","floor":16,"turns":4},{"damage":20,"enemies":"Spheric Guardian","floor":18,"turns":4},{"damage":18,"enemies":"2 Thieves","floor":20,"turns":4},{"damage":10,"enemies":"Cultist and Chosen","floor":22,"turns":5},{"damage":19,"enemies":"Snecko","floor":24,"turns":5},{"damage":15,"enemies":"Colosseum Slavers","floor":27,"turns":3},{"damage":30,"enemies":"Book of Stabbing","floor":31,"turns":4},{"damage":61,"enemies":"Automaton","floor":33,"turns":6}],"seed_played":"6718950886384243498","potions_obtained":[{"floor":7.0,"key":"PowerPotion"},{"floor":14,"key":"Explosive Potion"},{"floor":18,"key":"SteroidPotion"},{"floor":31,"key":"Fire Potion"}],"is_trial":false,"path_per_floor":["M","?","?","?","?","R","E","M","T","R","?","E","$","M","R","B",null,"M","?","M","$","M","R","M","R","T","?","?","R","?","E","R","B"],"character_chosen":"IRONCLAD","items_purchased":["Peace Pipe"],"campfire_rested":2,"item_purchase_floors":[21],"current_hp_per_floor":[74,51,25,25,30,30,36,40,40,40,61,40,40,46,46,49,76,62,62,50,50,46,46,33,33,33,24,24,49,49,30,55,0],"gold":265,"neow_bonus":"THREE_ENEMY_KILL","is_prod":false,"is_daily":false,"chose_seed":false,"campfire_upgraded":4,"win_rate":0,"timestamp":1554095788,"path_taken":["M","?","?","?","?","R","E","M","T","R","?","E","$","M","R","BOSS","M","?","M","?","M","R","M","R","T","?","?","R","?","E","R","BOSS"],"build_version":"2019-01-23","purchased_purges":1,"victory":false,"max_hp_per_floor":[75,75,75,75,85,85,85,85,85,85,85,85,85,85,85,85,85,85,85,85,85,85,85,85,85,85,85,85,85,85,85,85,85],"card_choices":[{"not_picked":["Wild Strike","Burning Pact"],"picked":"Carnage","floor":1.0},{"not_picked":["Thunderclap","Rage","Bloodletting"],"picked":"SKIP","floor":7.0},{"not_picked":["Blood for Blood","Iron Wave","Headbutt"],"picked":"SKIP","floor":8.0},{"not_picked":["Pommel Strike","Bludgeon"],"picked":"Flame Barrier","floor":12},{"not_picked":["Thunderclap","Iron Wave"],"picked":"Second Wind","floor":14},{"not_picked":["Double Tap","Dark Embrace"],"picked":"Immolate","floor":16},{"not_picked":["Rampage","Blood for Blood","Iron Wave"],"picked":"SKIP","floor":18},{"not_picked":["Wild Strike","Sword Boomerang"],"picked":"True Grit+1","floor":20},{"not_picked":["Thunderclap","Fire Breathing","Uppercut"],"picked":"SKIP","floor":22},{"not_picked":["Inflame","Corruption","Uppercut"],"picked":"SKIP","floor":24},{"not_picked":["Twin Strike","Pommel Strike"],"picked":"Entrench","floor":31}],"player_experience":2800505,"relics_obtained":[{"floor":7.0,"key":"Ginger"},{"floor":9.0,"key":"Pen Nib"},{"floor":12,"key":"MawBank"},{"floor":26,"key":"Singing Bowl"},{"floor":31,"key":"Sundial"}],"event_choices":[{"damage_healed":0.0,"max_hp_gain":0.0,"max_hp_loss":0.0,"gold_gain":0.0,"event_name":"Shining Light","player_choice":"Entered Light","floor":2.0,"gold_loss":0.0,"damage_taken":23.0,"cards_upgraded":["Defend_R","Strike_R"]},{"damage_healed":0.0,"max_hp_gain":0.0,"max_hp_loss":0.0,"gold_gain":0.0,"event_name":"Golden Idol","player_choice":"Take Damage","floor":3.0,"gold_loss":0.0,"damage_taken":26.0,"relics_obtained":["Golden Idol"]},{"damage_healed":0.0,"max_hp_gain":0.0,"max_hp_loss":0.0,"gold_gain":0.0,"event_name":"Big Fish","player_choice":"Box","floor":4.0,"gold_loss":0.0,"damage_taken":0.0,"relics_obtained":["Omamori"],"cards_obtained":["Regret"]},{"damage_healed":0.0,"max_hp_gain":0.0,"max_hp_loss":0.0,"gold_gain":0.0,"event_name":"Scrap Ooze","player_choice":"Success","floor":5.0,"gold_loss":0.0,"damage_taken":5.0,"relics_obtained":["Pear"]},{"damage_healed":21,"gold_gain":0,"player_choice":"Healed and dodged fight","damage_taken":0,"max_hp_gain":0,"max_hp_loss":0,"event_name":"Mushrooms","floor":11,"gold_loss":0,"cards_obtained":["Parasite"]},{"damage_healed":0,"gold_gain":0,"cards_transformed":["Strike_R"],"player_choice":"Transformed","damage_taken":0,"max_hp_gain":0,"max_hp_loss":0,"event_name":"Transmorgrifier","floor":19,"gold_loss":0,"cards_obtained":["Clothesline"]},{"damage_healed":0,"gold_gain":0,"player_choice":"Fight","damage_taken":0,"max_hp_gain":0,"max_hp_loss":0,"event_name":"Colosseum","floor":27,"gold_loss":0},{"damage_healed":0,"gold_gain":0,"player_choice":"Fled From Nobs","damage_taken":0,"max_hp_gain":0,"max_hp_loss":0,"event_name":"Colosseum","floor":27,"gold_loss":0},{"cards_removed":["Strike_R"],"damage_healed":0,"gold_gain":0,"player_choice":"Elegance","damage_taken":0,"max_hp_gain":0,"max_hp_loss":0,"event_name":"Back to Basics","floor":28,"gold_loss":0},{"damage_healed":0,"gold_gain":0,"player_choice":"Gave Idol","damage_taken":0,"relics_obtained":["Bloody Idol"],"max_hp_gain":0,"max_hp_loss":0,"event_name":"Forgotten Altar","floor":30,"relics_lost":["Golden Idol"],"gold_loss":0}],"is_beta":false,"boss_relics":[{"not_picked":["Runic Cube","Eternal Feather"],"picked":"Philosopher\u0027s Stone"}],"items_purged_floors":[21],"is_endless":false,"potions_floor_spawned":[7,14,18,31],"killed_by":"Automaton","ascension_level":20}