{"gold_per_floor":[114,114,189,189,189,222,222,251,251,276,276,291,307,342,342,418,418,431,449,449,27,27,27,61,77,77,77,87,2,2,59,59,137,137,154,43,0,13,24,24,58,68,68,82,115,37,54,86,86,86,86,86,86,11,46,46],"floor_reached":57,"playtime":3906,"items_purged":["Strike_B"],"score":3437,"play_id":"eac5fa08-5ae5-4068-af5a-57dcd0f83fdd","local_time":"20190223002412","is_ascension_mode":true,"campfire_choices":[{"data":"Loop","floor":7.0,"key":"SMITH"},{"floor":11.0,"key":"REST"},{"floor":15.0,"key":"REST"},{"floor":23.0,"key":"REST"},{"floor":27.0,"key":"REST"},{"data":"Echo Form","floor":30.0,"key":"SMITH"},{"floor":32.0,"key":"REST"},{"data":"Blizzard","floor":40.0,"key":"SMITH"},{"floor":49.0,"key":"RECALL"},{"data":"Blizzard","floor":53,"key":"SMITH"}],"neow_cost":"NONE","seed_source_timestamp":214179253718800,"circlet_count":0,"master_deck":["AscendersBane","Strike_B","Strike_B","Strike_B","Defend_B","Defend_B","Zap","Dualcast","Loop+1","Creative AI+1","BootSequence+1","Redo+1","Coolheaded+1","Fission+1","Coolheaded+1","Coolheaded+1","Turbo+1","Echo Form+1","Coolheaded+1","Coolheaded+1","Blizzard+1","Seek+1","Blizzard+1","Conserve Battery+1","Reinforced Body+1","Gash","Aggregate+1","Defragment+1","Clumsy","Coolheaded+1","Consume+1","Consume+1","Glacier+1"],"special_seed":0,"relics":["Cracked Core","NeowsBlessing","Blue Candle","Toxic Egg 2","Matryoshka","Juzu Bracelet","Centennial Puzzle","Inserter","Anchor","Happy Flower","Art of War","Strawberry","Boot","Ice Cream","Tiny Chest","Cursed Key","Red Mask","Bag of Marbles","Gremlin Horn","Frozen Egg 2","Dream Catcher","Pen Nib"],"potions_floor_usage":[56,56],"damage_taken":[{"damage":0.0,"enemies":"Small Slimes","floor":1.0,"turns":1.0},{"damage":0.0,"enemies":"3 Sentries","floor":6.0,"turns":1.0},{"damage":0.0,"enemies":"Lagavulin","floor":8.0,"turns":1.0},{"damage":50.0,"enemies":"3 Sentries","floor":10.0,"turns":7.0},{"damage":0.0,"enemies":"2 Louse","floor":12.0,"turns":2.0},{"damage":0.0,"enemies":"Cultist","floor":13.0,"turns":3.0},{"damage":0.0,"enemies":"Lagavulin","floor":14.0,"turns":7.0},{"damage":34.0,"enemies":"The Guardian","floor":16.0,"turns":10.0},{"damage":14.0,"enemies":"3 Byrds","floor":18.0,"turns":7.0},{"damage":13.0,"enemies":"Chosen","floor":19.0,"turns":6.0},{"damage":47.0,"enemies":"Slavers","floor":24.0,"turns":6.0},{"damage":2.0,"enemies":"Centurion and Healer","floor":25.0,"turns":11.0},{"damage":6.0,"enemies":"Snecko","floor":28.0,"turns":8.0},{"damage":16.0,"enemies":"Book of Stabbing","floor":31.0,"turns":8.0},{"damage":0.0,"enemies":"Champ","floor":33.0,"turns":11.0},{"damage":10.0,"enemies":"Orb Walker","floor":35.0,"turns":4.0},{"damage":7.0,"enemies":"3 Shapes","floor":38.0,"turns":4.0},{"damage":5.0,"enemies":"Spire Growth","floor":39.0,"turns":7.0},{"damage":14.0,"enemies":"Reptomancer","floor":41.0,"turns":8.0},{"damage":0.0,"enemies":"Writhing Mass","floor":42.0,"turns":7.0},{"damage":1.0,"enemies":"Sphere and 2 Shapes","floor":44.0,"turns":6.0},{"damage":0.0,"enemies":"Giant Head","floor":45.0,"turns":8.0},{"damage":1.0,"enemies":"4 Shapes","floor":47.0,"turns":7.0},{"damage":5.0,"enemies":"Reptomancer","floor":48.0,"turns":5.0},{"damage":0,"enemies":"Time Eater","floor":50,"turns":15},{"damage":1,"enemies":"Awakened One","floor":51,"turns":12},{"damage":24,"enemies":"Shield and Spear","floor":55,"turns":7},{"damage":33,"enemies":"The Heart","floor":56,"turns":10}],"seed_played":"122194457783319645","potions_obtained":[{"floor":5.0,"key":"Fruit Juice"},{"floor":5.0,"key":"SkillPotion"},{"floor":12.0,"key":"Strength Potion"},{"floor":13.0,"key":"Ancient Potion"},{"floor":14.0,"key":"FocusPotion"},{"floor":19.0,"key":"Poison Potion"},{"floor":25.0,"key":"Poison Potion"},{"floor":31.0,"key":"SteroidPotion"},{"floor":39.0,"key":"Weak Potion"},{"floor":41.0,"key":"Ancient Potion"},{"floor":48.0,"key":"Energy Potion"}],"is_trial":false,"path_per_floor":["M","?","?","?","?","E","R","E","T","E","R","M","M","E","R","B",null,"M","M","?","$","?","R","E","M","T","R","M","?","R","E","R","B",null,"M","$","?","M","M","R","E","M","T","M","E","$","M","E","R","B","B",null,"R","$","E","B",null],"character_chosen":"DEFECT","items_purchased":["Coolheaded+1","Turbo+1","Anchor","Happy Flower","Blizzard","Conserve Battery+1","Consume+1"],"campfire_rested":5,"item_purchase_floors":[21,21,21,21,36,36,46],"current_hp_per_floor":[64,57,46,46,51,51,51,51,51,1,23,23,23,23,45,11,60,46,33,33,33,33,55,8,6,13,37,31,31,31,15,39,39,72,62,62,62,55,50,50,36,36,36,35,35,35,34,29,29,29,28,69,69,69,45,12],"gold":46,"neow_bonus":"THREE_ENEMY_KILL","is_prod":false,"is_daily":false,"chose_seed":false,"campfire_upgraded":4,"win_rate":0,"timestamp":1550849052,"path_taken":["M","?","?","?","?","E","R","E","T","E","R","M","M","E","R","BOSS","M","M","?","$","?","R","E","M","T","R","M","?","R","E","R","BOSS","M","$","?","M","M","R","E","M","T","M","E","$","M","E","R","BOSS","BOSS","R","$","E","BOSS"],"build_version":"2019-01-23","purchased_purges":1,"victory":true,"max_hp_per_floor":[71,71,71,71,76,76,76,76,76,76,76,76,76,76,76,76,76,76,76,76,76,76,76,76,76,83,83,83,83,83,83,83,83,83,83,83,83,83,83,83,83,83,83,83,83,83,83,83,83,83,83,83,83,83,83,83],"card_choices":[{"not_picked":["Hologram","Reprogram","Redo"],"picked":"SKIP","floor":1.0},{"not_picked":["Rebound","Force Field"],"picked":"Loop","floor":6.0},{"not_picked":["Fusion","Leap"],"picked":"Creative AI","floor":8.0},{"not_picked":["Barrage","Ball Lightning"],"picked":"BootSequence+1","floor":10.0},{"not_picked":["Ball Lightning","Streamline"],"picked":"Redo+1","floor":12.0},{"not_picked":["Beam Cell","Lockon"],"picked":"Coolheaded+1","floor":13.0},{"not_picked":["Stack+1","Barrage","Gash"],"picked":"SKIP","floor":14.0},{"not_picked":["Rainbow+1","Thunder Strike"],"picked":"Fission+1","floor":16.0},{"not_picked":["Compile Driver","Barrage","Leap+1"],"picked":"SKIP","floor":18.0},{"not_picked":["Compile Driver","Barrage","Leap+1"],"picked":"SKIP","floor":18.0},{"not_picked":["Gash","Redo+1"],"picked":"Coolheaded+1","floor":19.0},{"not_picked":["Go for the Eyes","Steam+1"],"picked":"Echo Form","floor":24.0},{"not_picked":["Cold Snap","Skim+1"],"picked":"Coolheaded+1","floor":25.0},{"not_picked":["Hello World+1","Skim+1"],"picked":"Coolheaded+1","floor":28.0},{"not_picked":["Barrage","Skim+1"],"picked":"Blizzard","floor":31.0},{"not_picked":["Fission+1","Creative AI"],"picked":"Seek+1","floor":33.0},{"not_picked":["Beam Cell","Cold Snap","Heatsinks+1"],"picked":"SKIP","floor":35.0},{"not_picked":["Auto Shields+1","Static Discharge"],"picked":"Reinforced Body+1","floor":38.0},{"not_picked":["Steam+1","Conserve Battery+1"],"picked":"Gash","floor":39.0},{"not_picked":["Lockon","Tempest+1"],"picked":"Aggregate+1","floor":41.0},{"not_picked":["Meteor Strike","Coolheaded+1"],"picked":"Defragment+1","floor":42.0},{"not_picked":["Go for the Eyes","Beam Cell","Sweeping Beam"],"picked":"SKIP","floor":44.0},{"not_picked":["Barrage+1","Skim+1"],"picked":"Coolheaded+1","floor":45.0},{"not_picked":["Tempest+1","Lockon","Fusion+1"],"picked":"SKIP","floor":47.0},{"not_picked":["Conserve Battery+1","Hyperbeam"],"picked":"Consume+1","floor":48.0},{"not_picked":["Turbo+1","Tempest+1"],"picked":"Glacier+1","floor":55}],"player_experience":1751743,"relics_obtained":[{"floor":6.0,"key":"Blue Candle"},{"floor":8.0,"key":"Toxic Egg 2"},{"floor":9.0,"key":"Matryoshka"},{"floor":10.0,"key":"Juzu Bracelet"},{"floor":14.0,"key":"Centennial Puzzle"},{"floor":24.0,"key":"Art of War"},{"floor":26.0,"key":"Strawberry"},{"floor":26.0,"key":"Boot"},{"floor":31.0,"key":"Tiny Chest"},{"floor":41.0,"key":"Bag of Marbles"},{"floor":43.0,"key":"Gremlin Horn"},{"floor":45.0,"key":"Frozen Egg 2"},{"floor":48.0,"key":"Dream Catcher"},{"floor":55,"key":"Pen Nib"}],"event_choices":[{"cards_removed":["Defend_B"],"damage_healed":0.0,"max_hp_gain":0.0,"max_hp_loss":0.0,"gold_gain":0.0,"event_name":"Golden Wing","player_choice":"Card Removal","floor":2.0,"gold_loss":0.0,"damage_taken":7.0},{"damage_healed":0.0,"max_hp_gain":0.0,"max_hp_loss":0.0,"gold_gain":75.0,"event_name":"World of Goop","player_choice":"Gather Gold","floor":3.0,"gold_loss":0.0,"damage_taken":11.0},{"damage_healed":0.0,"max_hp_gain":0.0,"max_hp_loss":0.0,"gold_gain":0.0,"event_name":"Liars Game","player_choice":"Ignored","floor":4.0,"gold_loss":0.0,"damage_taken":0.0},{"damage_healed":0.0,"max_hp_gain":0.0,"max_hp_loss":0.0,"gold_gain":0.0,"event_name":"Lab","player_choice":"Got Potions","floor":5.0,"gold_loss":0.0,"damage_taken":0.0},{"damage_healed":0.0,"max_hp_gain":0.0,"max_hp_loss":0.0,"gold_gain":0.0,"event_name":"Upgrade Shrine","player_choice":"Upgraded","floor":20.0,"gold_loss":0.0,"damage_taken":0.0,"cards_upgraded":["Creative AI"]},{"cards_removed":["Defend_B"],"damage_healed":0.0,"max_hp_gain":0.0,"max_hp_loss":0.0,"gold_gain":0.0,"event_name":"Back to Basics","player_choice":"Elegance","floor":22.0,"gold_loss":0.0,"damage_taken":0.0},{"damage_healed":0.0,"max_hp_gain":0.0,"max_hp_loss":0.0,"gold_gain":0.0,"event_name":"Addict","player_choice":"Obtained Relic","floor":29.0,"gold_loss":85.0,"damage_taken":0.0,"relics_obtained":["Ice Cream"]},{"damage_healed":0.0,"max_hp_gain":0.0,"max_hp_loss":0.0,"gold_gain":0.0,"event_name":"Tomb of Lord Red Mask","player_choice":"Paid","floor":37.0,"gold_loss":43.0,"damage_taken":0.0,"relics_obtained":["Red Mask"]}],"is_beta":false,"boss_relics":[{"not_picked":["Busted Crown","FrozenCore"],"picked":"Inserter"},{"not_picked":["Pandora\u0027s Box","Runic Dome"],"picked":"Cursed Key"}],"items_purged_floors":[54],"is_endless":false,"potions_floor_spawned":[12,13,14,16,19,25,31,35,39,41,45,48],"ascension_level":20}