{"gold_per_floor":[119,133,151,226,239,265,265,294,318,318],"floor_reached":10,"playtime":341,"items_purged":[],"score":206,"play_id":"fd25f757-49ec-4900-87a8-a2c1863908ae","local_time":"20190217124015","is_ascension_mode":true,"campfire_choices":[{"data":"Beam Cell","floor":7,"key":"SMITH"}],"neow_cost":"PERCENT_DAMAGE","seed_source_timestamp":269349357621299,"circlet_count":0,"master_deck":["AscendersBane","Strike_B","Strike_B","Strike_B","Strike_B","Defend_B","Defend_B","Defend_B","Defend_B","Zap","Dualcast","Secret Technique","PanicButton","Beam Cell+1","Self Repair","Rip and Tear","Ball Lightning","Loop"],"relics":["Cracked Core","Prayer Wheel","Blood Vial","Happy Flower"],"potions_floor_usage":[6,6],"damage_taken":[{"damage":1,"enemies":"Cultist","floor":1,"turns":3},{"damage":1,"enemies":"Small Slimes","floor":2,"turns":3},{"damage":2,"enemies":"Jaw Worm","floor":3,"turns":3},{"damage":5,"enemies":"Large Slime","floor":5,"turns":6},{"damage":0,"enemies":"Lagavulin","floor":6,"turns":5},{"damage":32,"enemies":"Gremlin Nob","floor":8,"turns":4},{"damage":15,"enemies":"Lagavulin","floor":10,"turns":5}],"seed_played":"5571517653495300387","potions_obtained":[{"floor":1,"key":"FearPotion"},{"floor":5,"key":"Poison Potion"}],"is_trial":false,"path_per_floor":["M","M","M","?","M","E","R","E","T","E"],"character_chosen":"DEFECT","items_purchased":[],"campfire_rested":0,"item_purchase_floors":[],"current_hp_per_floor":[45,44,42,31,33,40,40,15,15,2],"gold":318,"neow_bonus":"RANDOM_COLORLESS_2","is_prod":false,"is_daily":false,"chose_seed":false,"campfire_upgraded":1,"win_rate":0,"timestamp":1550374815,"path_taken":["M","M","?","?","M","E","R","E","T","E"],"build_version":"2019-01-23","purchased_purges":0,"victory":false,"max_hp_per_floor":[71,71,71,71,71,71,71,71,71,71],"card_choices":[{"not_picked":["Stack","Chaos","Leap"],"picked":"SKIP","floor":1},{"not_picked":["Double Energy","Conserve Battery"],"picked":"Beam Cell","floor":2},{"not_picked":["White Noise","Hologram"],"picked":"Self Repair","floor":3},{"not_picked":["Go for the Eyes","Scrape"],"picked":"Rip and Tear","floor":5},{"not_picked":["Hologram","Compile Driver"],"picked":"Ball Lightning","floor":6},{"not_picked":["Hologram","Darkness"],"picked":"Loop","floor":8}],"player_experience":1607405,"relics_obtained":[{"floor":6,"key":"Prayer Wheel"},{"floor":8,"key":"Blood Vial"},{"floor":9,"key":"Happy Flower"}],"event_choices":[{"damage_healed":0,"gold_gain":75,"player_choice":"Gather Gold","damage_taken":11,"max_hp_gain":0,"max_hp_loss":0,"event_name":"World of Goop","floor":4,"gold_loss":0}],"is_beta":false,"boss_relics":[],"items_purged_floors":[],"is_endless":false,"potions_floor_spawned":[1,5],"killed_by":"Lagavulin","ascension_level":20}