{"path_per_floor":["M","?","?","M","M","E","R","?","T","M","M","$","M","M","R"],"character_chosen":"THE_SILENT","items_purchased":["Sucker Punch","Acrobatics"],"gold_per_floor":[109,109,109,123,139,171,171,121,147,165,183,32,44,57,57],"floor_reached":16,"campfire_rested":1,"playtime":1246,"current_hp_per_floor":[62,62,59,59,49,14,14,14,14,14,10,10,7,6,27],"items_purged":["Strike_G"],"gold":57,"play_id":"c0ab5fae-4d70-42f3-8ef6-4fcfa27bd2fb","is_prod":false,"is_daily":false,"is_ascension_mode":false,"campfire_upgraded":1,"path_taken":["M","?","?","M","M","E","R","?","T","M","M","$","?","M","R","BOSS"],"build_version":"2018-01-25-PROD3","purchased_purges":1,"victory":false,"master_deck":["Defend_G","Defend_G","Defend_G","Defend_G","Defend_G","Strike_G","Strike_G","Strike_G","Strike_G+1","Survivor","Neutralize+1","Noxious Fumes+1","All Out Attack","Flying Knee","Dagger Throw","Deadly Poison","Adrenaline","Sucker Punch","Acrobatics","Backflip","Poisoned Stab"],"max_hp_per_floor":[70,70,70,70,70,70,70,70,70,70,70,70,70,70,70],"relics":["Ring of the Snake","Mummified Hand","Omamori","Sundial","Whetstone"],"card_choices":[{"not_picked":["Endless Agony","Phantasmal Killer"],"picked":"Noxious Fumes"},{"not_picked":["PiercingWail","Bane"],"picked":"All Out Attack"},{"not_picked":["Masterful Stab","Slice"],"picked":"Flying Knee"},{"not_picked":["Caltrops","Blur"],"picked":"Dagger Throw"},{"not_picked":["Dagger Spray","Dagger Throw"],"picked":"Deadly Poison"},{"not_picked":["Blade Dance","Slice"],"picked":"Adrenaline"},{"not_picked":["Dash","Deflect"],"picked":"Backflip"},{"not_picked":["Dodge and Roll","Dagger Throw"],"picked":"Poisoned Stab"}],"player_experience":24967,"potions_floor_usage":[6,10,11,16],"damage_taken":[{"damage":8,"enemies":"2 Louse","floor":1,"turns":4},{"damage":0,"enemies":"Blue Slaver","floor":4,"turns":5},{"damage":10,"enemies":"Jaw Worm","floor":5,"turns":4},{"damage":35,"enemies":"Gremlin Nob","floor":6,"turns":6},{"damage":0,"enemies":"Looter","floor":10,"turns":3},{"damage":4,"enemies":"Large Slime","floor":11,"turns":5},{"damage":3,"enemies":"2 Fungi Beasts","floor":13,"turns":3},{"damage":1,"enemies":"Exordium Thugs","floor":14,"turns":3},{"damage":27,"enemies":"Slime Boss","floor":16,"turns":3}],"event_choices":[{"event_name":"Wheel of Change","player_choice":"Relic","floor":2,"damage_taken":0},{"event_name":"Scrap Ooze","player_choice":"success","floor":3,"damage_taken":3},{"event_name":"World of Goop","player_choice":"Left","floor":8,"damage_taken":0}],"boss_relics":[],"potions_floor_spawned":[4,6,10,14],"seed_played":"2233515347222348836","killed_by":"Slime Boss","ascension_level":0,"is_trial":false}