{"path_per_floor":["M","M","?","$","?","R","M","R","T","M","E","M","R","M","R"],"character_chosen":"THE_SILENT","items_purchased":["Footwork"],"gold_per_floor":[119,133,133,56,56,56,81,81,81,102,143,159,159,177,177,177],"floor_reached":16,"campfire_rested":0,"playtime":690,"item_purchase_floors":[4],"current_hp_per_floor":[56,49,49,49,49,49,49,49,49,49,19,19,19,19,19,0],"items_purged":[],"gold":177,"score":153,"play_id":"864686df-32af-4d3b-b52e-9005b06a7277","local_time":"20180609194243","is_prod":false,"is_daily":false,"chose_seed":false,"is_ascension_mode":true,"campfire_upgraded":4,"win_rate":0,"timestamp":1528544563,"campfire_choices":[{"data":"Footwork","floor":6,"key":"SMITH"},{"data":"Finisher","floor":8,"key":"SMITH"},{"data":"Neutralize","floor":13,"key":"SMITH"},{"data":"Leg Sweep","floor":15,"key":"SMITH"}],"path_taken":["M","M","?","$","?","R","M","R","T","?","E","M","R","M","R","BOSS"],"build_version":"2018-06-07v2","seed_source_timestamp":1150320680246265,"purchased_purges":0,"victory":false,"master_deck":["Defend_G","Defend_G","Defend_G","Defend_G","Defend_G","Strike_G","Strike_G","Strike_G","Strike_G","Strike_G","Survivor","Neutralize+1","AscendersBane","Finisher+1","Footwork+1","Dodge and Roll","All Out Attack","Blade Dance","Leg Sweep+1","PiercingWail"],"max_hp_per_floor":[70,70,65,65,65,65,65,65,65,65,65,65,65,65,65,65],"relics":["Lizard Tail","Golden Idol","Kunai","Bird Faced Urn"],"card_choices":[{"not_picked":["Slice","Quick Slash","Dodge and Roll"],"picked":"SKIP","floor":1},{"not_picked":["Poisoned Stab","Acrobatics"],"picked":"Finisher","floor":2},{"not_picked":["Flying Knee","Sucker Punch"],"picked":"Dodge and Roll","floor":7},{"not_picked":["Outmaneuver","Poisoned Stab"],"picked":"All Out Attack","floor":10},{"not_picked":["Well Laid Plans","Malaise"],"picked":"Blade Dance","floor":11},{"not_picked":["Escape Plan","Poisoned Stab"],"picked":"Leg Sweep","floor":12},{"not_picked":["Skewer","Outmaneuver"],"picked":"PiercingWail","floor":14}],"player_experience":415331,"potions_floor_usage":[10],"damage_taken":[{"damage":7,"enemies":"Small Slimes","floor":1,"turns":4},{"damage":7,"enemies":"Jaw Worm","floor":2,"turns":5},{"damage":0,"enemies":"2 Louse","floor":7,"turns":4},{"damage":0,"enemies":"Looter","floor":10,"turns":4},{"damage":30,"enemies":"Gremlin Nob","floor":11,"turns":5},{"damage":0,"enemies":"Red Slaver","floor":12,"turns":1},{"damage":2,"enemies":"3 Louse","floor":14,"turns":5},{"damage":57,"enemies":"Hexaghost","floor":16,"turns":16}],"relics_obtained":[{"floor":9,"key":"Kunai"},{"floor":11,"key":"Bird Faced Urn"}],"event_choices":[{"event_name":"Golden Idol","player_choice":"Lose Max HP","floor":3,"damage_taken":0},{"event_name":"Liars Game","player_choice":"disagreed","floor":5,"damage_taken":0}],"boss_relics":[],"items_purged_floors":[],"potions_floor_spawned":[7],"seed_played":"8109486285484291703","killed_by":"Hexaghost","ascension_level":10,"potions_obtained":[{"floor":7,"key":"Poison Potion"}],"is_trial":false}