{"gold_per_floor":[111,111,111,134,16,16,55,55,55,55,93,268,268,289,289,414,414,439,225,243,257,272,272,315,315,315,358,381,400,441,441],"floor_reached":31,"playtime":1749,"items_purged":[],"score":394,"play_id":"05e216ac-64ac-46f0-b23b-b9478c649014","local_time":"20180908153048","is_ascension_mode":true,"campfire_choices":[{"data":"Redo","floor":6.0,"key":"SMITH"},{"floor":8.0,"key":"REST"},{"data":"Redo","floor":13.0,"key":"SMITH"},{"floor":15.0,"key":"REST"},{"floor":23,"key":"REST"},{"floor":25,"key":"REST"}],"neow_cost":"NONE","seed_source_timestamp":0,"circlet_count":0,"master_deck":["Strike_B","Strike_B+1","Strike_B","Strike_B+1","Defend_B+1","Defend_B","Defend_B","Zap","Dualcast","Redo+1","Recycle","Glacier+1","Loop","Melter","Redo+1","Doubt","Thunder Strike","Electrodynamics","Darkness+1","Static Discharge","Redo","Redo","Redo","Darkness+1","Ball Lightning+1","Redo","Coolheaded+1"],"special_seed":0,"relics":["Cracked Core","Golden Idol","War Paint","Question Card","Whetstone","Black Star","Anchor","Pear","Cables","Gremlin Horn","Sundial","Bottled Flame","Juzu Bracelet","Smiling Mask"],"potions_floor_usage":[21,24,24,29,29],"damage_taken":[{"damage":1.0,"enemies":"2 Louse","floor":1.0,"turns":2.0},{"damage":4.0,"enemies":"Jaw Worm","floor":4.0,"turns":4.0},{"damage":14.0,"enemies":"Gremlin Nob","floor":7.0,"turns":4.0},{"damage":12.0,"enemies":"3 Sentries","floor":11.0,"turns":11.0},{"damage":1.0,"enemies":"Cultist","floor":14.0,"turns":3.0},{"damage":27.0,"enemies":"Slime Boss","floor":16.0,"turns":13.0},{"damage":28,"enemies":"2 Thieves","floor":18,"turns":4},{"damage":0,"enemies":"3 Byrds","floor":20,"turns":3},{"damage":9,"enemies":"Sentry and Sphere","floor":21,"turns":3},{"damage":10,"enemies":"3 Cultists","floor":22,"turns":3},{"damage":43,"enemies":"Book of Stabbing","floor":24,"turns":4},{"damage":0,"enemies":"Gremlin Leader","floor":27,"turns":5},{"damage":21,"enemies":"Snake Plant","floor":28,"turns":2},{"damage":6,"enemies":"Cultist and Chosen","floor":29,"turns":4},{"damage":17,"enemies":"Slavers","floor":30,"turns":3},{"damage":9,"enemies":"3 Cultists","floor":31,"turns":3}],"seed_played":"5265440713764502222","potions_obtained":[{"floor":0.0,"key":"Regen Potion"},{"floor":0.0,"key":"Swift Potion"},{"floor":0.0,"key":"Fruit Juice"},{"floor":1.0,"key":"Regen Potion"},{"floor":4.0,"key":"EssenceOfSteel"},{"floor":7.0,"key":"LiquidBronze"},{"floor":20,"key":"FocusPotion"},{"floor":22,"key":"LiquidBronze"},{"floor":24,"key":"SteroidPotion"},{"floor":27,"key":"Ancient Potion"}],"is_trial":false,"path_per_floor":["M","?","?","M","$","R","E","R","T","$","E","?","R","M","R","B",null,"M","$","M","M","M","R","E","R","T","E","M","M","E"],"character_chosen":"DEFECT","items_purchased":["Loop","PowerPotion","Static Discharge","Anchor"],"campfire_rested":4,"item_purchase_floors":[5,5,19,19],"current_hp_per_floor":[79,59,59,67,67,67,65,80,80,80,68,68,68,67,80,53,80,52,52,52,43,33,57,24,51,51,51,30,24,7,0],"gold":441,"neow_bonus":"THREE_SMALL_POTIONS","is_prod":false,"is_daily":false,"chose_seed":false,"campfire_upgraded":2,"win_rate":0,"timestamp":1536409848,"path_taken":["M","?","?","M","$","R","E","R","T","$","E","?","R","M","R","BOSS","M","$","M","M","M","R","E","R","T","E","?","M","E","M"],"build_version":"2018-09-06","purchased_purges":0,"victory":false,"max_hp_per_floor":[80,80,80,80,80,80,80,80,80,80,80,80,80,80,80,80,80,80,80,80,80,80,80,90,90,90,90,90,90,90,90],"card_choices":[{"not_picked":["Double Energy","Streamline"],"picked":"Redo","floor":1.0},{"not_picked":["Conserve Battery","Compile Driver"],"picked":"Glacier","floor":4.0},{"not_picked":["Rebound","Sweeping Beam"],"picked":"Melter","floor":7.0},{"not_picked":["Compile Driver","Glacier","Gash"],"picked":"Redo","floor":11.0},{"not_picked":["Steam Power","Go for the Eyes","Stack"],"picked":"Thunder Strike","floor":14.0},{"not_picked":["All For One","Fission","Echo Form"],"picked":"Electrodynamics","floor":16.0},{"not_picked":["Hologram","Coolheaded","Redo"],"picked":"Darkness+1","floor":18},{"not_picked":["Conserve Battery","Rebound","Barrage"],"picked":"Redo","floor":20},{"not_picked":["Streamline","Cold Snap","Chill"],"picked":"Redo","floor":21},{"not_picked":["Stack","Multi-Cast","Conserve Battery"],"picked":"Redo","floor":22},{"not_picked":["Compile Driver","Self Repair","Machine Learning"],"picked":"Darkness+1","floor":24},{"not_picked":["Coolheaded","Stack","Barrage+1"],"picked":"Ball Lightning+1","floor":27},{"not_picked":["Coolheaded","Compile Driver","Barrage"],"picked":"Redo","floor":28},{"not_picked":["Hologram","Recycle","Gash","Leap"],"picked":"SKIP","floor":29},{"not_picked":["Double Energy+1","Undo","Stack+1"],"picked":"Coolheaded+1","floor":30}],"player_experience":689931,"relics_obtained":[{"floor":7.0,"key":"War Paint"},{"floor":9.0,"key":"Question Card"},{"floor":11.0,"key":"Whetstone"},{"floor":24,"key":"Pear"},{"floor":24,"key":"Cables"},{"floor":26,"key":"Gremlin Horn"},{"floor":27,"key":"Sundial"},{"floor":27,"key":"Bottled Flame"},{"floor":30,"key":"Juzu Bracelet"},{"floor":30,"key":"Smiling Mask"}],"event_choices":[{"event_name":"Golden Idol","player_choice":"Take Damage","floor":2.0,"damage_taken":0.0},{"event_name":"Transmorgrifier","player_choice":"Transform","floor":3.0,"damage_taken":0.0},{"event_name":"Liars Game","player_choice":"agreed","floor":12.0,"damage_taken":0.0}],"is_beta":false,"boss_relics":[{"not_picked":["Cursed Key","Snecko Eye"],"picked":"Black Star"}],"items_purged_floors":[],"is_endless":false,"potions_floor_spawned":[1,4,7,20,22,24,27],"killed_by":"3 Cultists","ascension_level":1}