{"gold_per_floor":[111,124,124,124,199,199,238,238,238,251,281,281,38,76,76,174,174,187,230,155,155],"floor_reached":21,"playtime":490,"items_purged":[],"score":416,"play_id":"e5b6bd2e-b4b4-4b57-93ba-d53d829dec2e","local_time":"20190426145508","is_ascension_mode":true,"campfire_choices":[{"data":"Bash","floor":6,"key":"SMITH"},{"data":"Shrug It Off","floor":8,"key":"SMITH"},{"floor":12,"key":"REST"},{"data":"Carnage","floor":15,"key":"SMITH"}],"neow_cost":"NONE","seed_source_timestamp":356733526478300,"circlet_count":0,"master_deck":["AscendersBane","Strike_R","Strike_R","Strike_R","Strike_R","Defend_R","Defend_R","Defend_R","Defend_R","Bash+1","Shrug It Off+1","Shrug It Off+1","Spot Weakness","Carnage+1","Offering+1","Juggernaut","Offering","Disarm"],"relics":["Burning Blood","NeowsBlessing","Golden Idol","Bronze Scales","PreservedInsect","Matryoshka","StoneCalendar","War Paint","Sozu","Red Mask"],"potions_floor_usage":[10,16,19],"damage_taken":[{"damage":0,"enemies":"Cultist","floor":1,"turns":1},{"damage":0,"enemies":"Small Slimes","floor":2,"turns":1},{"damage":0,"enemies":"3 Sentries","floor":7,"turns":2},{"damage":0,"enemies":"2 Louse","floor":10,"turns":3},{"damage":14,"enemies":"Gremlin Nob","floor":14,"turns":3},{"damage":35,"enemies":"Slime Boss","floor":16,"turns":7},{"damage":22,"enemies":"Shell Parasite","floor":18,"turns":4},{"damage":47,"enemies":"Masked Bandits","floor":19,"turns":5},{"damage":0,"enemies":"Colosseum Slavers","floor":21,"turns":1}],"seed_played":"-5398620554633865258","potions_obtained":[{"floor":2,"key":"BloodPotion"},{"floor":7,"key":"BloodPotion"},{"floor":14,"key":"GamblersBrew"},{"floor":16,"key":"EntropicBrew"}],"is_trial":false,"path_per_floor":["M","M","?","?","?","R","E","R","T","M","?","R","$","E","R","B",null,"M","?","?","?"],"character_chosen":"IRONCLAD","items_purchased":["Carnage","Offering"],"campfire_rested":1,"item_purchase_floors":[13,13],"current_hp_per_floor":[74,75,49,31,20,20,26,26,26,39,39,61,61,53,53,31,64,48,7,7,7],"gold":155,"neow_bonus":"THREE_ENEMY_KILL","is_prod":false,"is_daily":false,"chose_seed":false,"campfire_upgraded":3,"win_rate":0,"timestamp":1556258108,"path_taken":["M","M","?","?","?","R","E","R","T","M","?","R","?","E","R","BOSS","M","?","?","?"],"build_version":"2019-01-23","purchased_purges":0,"victory":false,"max_hp_per_floor":[75,75,75,75,75,75,75,75,75,75,75,75,75,75,75,75,75,75,75,75,75],"card_choices":[{"not_picked":["Cleave","Warcry","Pommel Strike"],"picked":"SKIP","floor":1},{"not_picked":["Reckless Charge","Rage"],"picked":"Shrug It Off","floor":2},{"not_picked":["Warcry","Iron Wave"],"picked":"Shrug It Off","floor":7},{"not_picked":["Hemokinesis","Uppercut"],"picked":"Spot Weakness","floor":10},{"not_picked":["Carnage","Demon Form"],"picked":"Juggernaut","floor":14},{"not_picked":["Demon Form","Limit Break"],"picked":"Offering","floor":16},{"not_picked":["Twin Strike","Warcry+1"],"picked":"Disarm","floor":18}],"player_experience":3389898,"relics_obtained":[{"floor":7,"key":"PreservedInsect"},{"floor":9,"key":"Matryoshka"},{"floor":14,"key":"War Paint"},{"floor":19,"key":"Red Mask"}],"event_choices":[{"damage_healed":0,"gold_gain":0,"player_choice":"Take Damage","damage_taken":26,"relics_obtained":["Golden Idol"],"max_hp_gain":0,"max_hp_loss":0,"event_name":"Golden Idol","floor":3,"gold_loss":0},{"damage_healed":0,"gold_gain":0,"player_choice":"Success","damage_taken":18,"relics_obtained":["Bronze Scales"],"max_hp_gain":0,"max_hp_loss":0,"event_name":"Scrap Ooze","floor":4,"gold_loss":0},{"damage_healed":0,"gold_gain":75,"player_choice":"Gather Gold","damage_taken":11,"max_hp_gain":0,"max_hp_loss":0,"event_name":"World of Goop","floor":5,"gold_loss":0},{"damage_healed":0,"gold_gain":30,"player_choice":"Searched \u00273\u0027 times","damage_taken":0,"relics_obtained":["StoneCalendar"],"max_hp_gain":0,"max_hp_loss":0,"event_name":"Dead Adventurer","floor":11,"gold_loss":0},{"damage_healed":0,"gold_gain":0,"player_choice":"Fought Bandits","damage_taken":0,"max_hp_gain":0,"max_hp_loss":0,"event_name":"Masked Bandits","floor":19,"gold_loss":0},{"cards_removed":["Strike_R"],"damage_healed":0,"gold_gain":0,"player_choice":"Gave Gold","damage_taken":0,"max_hp_gain":0,"max_hp_loss":0,"event_name":"Beggar","floor":20,"gold_loss":75},{"damage_healed":0,"gold_gain":0,"player_choice":"Fight","damage_taken":0,"max_hp_gain":0,"max_hp_loss":0,"event_name":"Colosseum","floor":21,"gold_loss":0}],"is_beta":false,"boss_relics":[{"not_picked":["Lizard Tail","White Beast Statue"],"picked":"Sozu"}],"items_purged_floors":[],"is_endless":false,"potions_floor_spawned":[2,7,14,16],"killed_by":"Colosseum Slavers","ascension_level":20}