{"gold_per_floor":[111,131,146,157,132,165,165,192,192,192,204,129,129,143,143,247,247,267,267,190,205,205],"floor_reached":22,"playtime":1000,"items_purged":["Defend_R"],"score":294,"play_id":"44d89f54-f7d3-4471-b823-8b8422618be5","local_time":"20180720211415","is_ascension_mode":true,"campfire_choices":[{"floor":7.0,"key":"REST"},{"floor":10.0,"key":"REST"},{"floor":13.0,"key":"REST"},{"data":"Infernal Blade","floor":15.0,"key":"SMITH"}],"neow_cost":"NONE","seed_source_timestamp":1297969964605121,"circlet_count":0,"master_deck":["Strike_R","Strike_R","Strike_R","Strike_R","Strike_R","Defend_R","Defend_R","Defend_R","Bash","AscendersBane","Rampage","Iron Wave","Infernal Blade+1","Sever Soul","Iron Wave","Flex","Reaper","J.A.X."],"special_seed":0,"relics":["Burning Blood","NeowsBlessing","Kunai","Centennial Puzzle","Darkstone Periapt","Black Star"],"potions_floor_usage":[22],"damage_taken":[{"damage":0.0,"enemies":"Cultist","floor":1.0,"turns":1.0},{"damage":0.0,"enemies":"2 Louse","floor":2.0,"turns":1.0},{"damage":0.0,"enemies":"Jaw Worm","floor":3.0,"turns":1.0},{"damage":16.0,"enemies":"Large Slime","floor":4.0,"turns":5.0},{"damage":35.0,"enemies":"Lagavulin","floor":6.0,"turns":6.0},{"damage":19.0,"enemies":"Gremlin Nob","floor":8.0,"turns":4.0},{"damage":34.0,"enemies":"Exordium Thugs","floor":11.0,"turns":7.0},{"damage":0.0,"enemies":"Blue Slaver","floor":14.0,"turns":1.0},{"damage":54,"enemies":"The Guardian","floor":16,"turns":13},{"damage":21,"enemies":"2 Thieves","floor":18,"turns":4},{"damage":48,"enemies":"Shell Parasite","floor":21,"turns":6},{"damage":35,"enemies":"Centurion and Healer","floor":22,"turns":2}],"seed_played":"-1359154538279392080","potions_obtained":[{"floor":3.0,"key":"Poison Potion"},{"floor":6.0,"key":"Poison Potion"},{"floor":8.0,"key":"Energy Potion"},{"floor":11.0,"key":"Fire Potion"},{"floor":21,"key":"PowerPotion"}],"is_trial":false,"path_per_floor":["M","M","M","M","?","E","R","E","T","R","M","$","R","M","R","B",null,"M","?","?","M"],"character_chosen":"IRONCLAD","items_purchased":[],"campfire_rested":3,"item_purchase_floors":[],"current_hp_per_floor":[78,80,80,70,70,41,65,52,52,76,48,48,72,78,78,30,68,60,60,60,18,0],"gold":205,"neow_bonus":"THREE_ENEMY_KILL","is_prod":false,"is_daily":false,"chose_seed":false,"campfire_upgraded":1,"win_rate":0,"timestamp":1532110455,"path_taken":["M","?","M","M","?","E","R","E","T","R","M","$","R","M","R","BOSS","M","?","?","M","M"],"build_version":"2018-07-19v2","purchased_purges":1,"victory":false,"max_hp_per_floor":[80,80,80,80,80,80,80,80,80,80,80,80,80,80,80,80,80,80,80,80,80,80],"card_choices":[{"not_picked":["Perfected Strike","Thunderclap","Sword Boomerang"],"picked":"SKIP","floor":1.0},{"not_picked":["Body Slam","Headbutt"],"picked":"Rampage","floor":2.0},{"not_picked":["Combust","Wild Strike"],"picked":"Iron Wave","floor":3.0},{"not_picked":["True Grit","Thunderclap","Barricade"],"picked":"SKIP","floor":4.0},{"not_picked":["Pommel Strike","Power Through"],"picked":"Infernal Blade","floor":6.0},{"not_picked":["Power Through","Clothesline"],"picked":"Sever Soul","floor":8.0},{"not_picked":["Sever Soul","Sword Boomerang"],"picked":"Iron Wave","floor":11.0},{"not_picked":["Headbutt","Seeing Red"],"picked":"Flex","floor":14.0},{"not_picked":["Impervious","Berserk"],"picked":"Reaper","floor":16},{"not_picked":["Armaments+1","Intimidate","Sword Boomerang"],"picked":"SKIP","floor":18},{"not_picked":["Evolve","Body Slam+1","Disarm+1"],"picked":"SKIP","floor":21}],"player_experience":592249,"relics_obtained":[{"floor":6.0,"key":"Kunai"},{"floor":8.0,"key":"Centennial Puzzle"},{"floor":9.0,"key":"Darkstone Periapt"}],"event_choices":[{"event_name":"World of Goop","player_choice":"Left","floor":5.0,"damage_taken":0.0},{"event_name":"Ghosts","player_choice":"Ignored","floor":19,"damage_taken":0},{"event_name":"Drug Dealer","player_choice":"Got JAXXED","floor":20,"damage_taken":0}],"is_beta":false,"boss_relics":[{"not_picked":["Lizard Tail","Pandora\u0027s Box"],"picked":"Black Star"}],"items_purged_floors":[12],"is_endless":false,"potions_floor_spawned":[3,6,8,11,21],"killed_by":"Centurion and Healer","ascension_level":10}