{"gold_per_floor":[119,135,135,146,146,146,179,179,179,254,142,158,71,86,86,161,161,136,411,311,323,248,248,248],"floor_reached":24,"playtime":738,"items_purged":["Defend_B","Regret"],"score":438,"play_id":"c6108c2d-c611-4c62-ad15-8bbddffc1c56","local_time":"20190327124540","is_ascension_mode":true,"campfire_choices":[{"data":"Loop","floor":6,"key":"SMITH"},{"data":"Strike_B","floor":8,"key":"PURGE"},{"floor":15,"key":"REST"},{"data":"Defragment","floor":23,"key":"SMITH"}],"neow_cost":"NONE","seed_source_timestamp":36679446693900,"circlet_count":0,"master_deck":["AscendersBane","Strike_B","Defend_B","Defend_B","Defend_B","Zap","Dualcast","Cold Snap","White Noise","Creative AI","Loop+1","Doom and Gloom","Defragment","Defragment+1","Core Surge"],"relics":["Snecko Eye","Peace Pipe","Singing Bowl","Inserter"],"potions_floor_usage":[14,24],"damage_taken":[{"damage":2,"enemies":"Cultist","floor":1,"turns":4},{"damage":8,"enemies":"Small Slimes","floor":2,"turns":4},{"damage":0,"enemies":"Jaw Worm","floor":4,"turns":5},{"damage":19,"enemies":"3 Sentries","floor":7,"turns":13},{"damage":2,"enemies":"Blue Slaver","floor":12,"turns":5},{"damage":0,"enemies":"Lots of Slimes","floor":14,"turns":1},{"damage":34,"enemies":"Slime Boss","floor":16,"turns":7},{"damage":15,"enemies":"2 Thieves","floor":18,"turns":4},{"damage":13,"enemies":"Chosen","floor":21,"turns":4},{"damage":19,"enemies":"Slavers","floor":24,"turns":2}],"seed_played":"5193115437840720954","potions_obtained":[{"floor":1,"key":"SteroidPotion"},{"floor":7,"key":"Dexterity Potion"},{"floor":14,"key":"Ancient Potion"}],"is_trial":false,"path_per_floor":["M","M","?","M","?","R","E","R","T","?","$","M","$","M","R","B",null,"M","?","$","M","?","R","E"],"character_chosen":"DEFECT","items_purchased":["Doom and Gloom","Defragment"],"campfire_rested":1,"item_purchase_floors":[11,13],"current_hp_per_floor":[62,54,54,54,54,54,35,35,35,24,24,24,24,24,45,11,58,45,45,45,34,34,34,15],"gold":248,"neow_bonus":"BOSS_RELIC","is_prod":false,"is_daily":false,"chose_seed":false,"campfire_upgraded":2,"win_rate":0,"timestamp":1553658340,"path_taken":["M","M","?","?","?","R","E","R","T","?","$","M","?","?","R","BOSS","M","?","$","?","?","R","E"],"build_version":"2019-01-23","purchased_purges":2,"victory":false,"max_hp_per_floor":[71,71,71,71,71,71,71,71,71,71,71,73,73,73,73,73,73,75,75,75,77,77,77,77],"card_choices":[{"not_picked":["Go for the Eyes","Skim"],"picked":"Cold Snap","floor":1},{"not_picked":["Compile Driver","Steam"],"picked":"White Noise","floor":2},{"not_picked":["Ball Lightning","Loop"],"picked":"Creative AI","floor":4},{"not_picked":["Barrage","Genetic Algorithm","BootSequence"],"picked":"SKIP","floor":7},{"not_picked":["Coolheaded","Steam","Stack"],"picked":"Singing Bowl","floor":12},{"not_picked":["Reprogram","Cold Snap"],"picked":"Defragment","floor":14},{"not_picked":["Creative AI","Biased Cognition"],"picked":"Core Surge","floor":16},{"not_picked":["Beam Cell","Streamline","Ball Lightning"],"picked":"Singing Bowl","floor":18},{"not_picked":["Conserve Battery","Reprogram","Sweeping Beam"],"picked":"Singing Bowl","floor":21}],"player_experience":2625053,"relics_obtained":[{"floor":7,"key":"Peace Pipe"},{"floor":9,"key":"Singing Bowl"}],"event_choices":[{"damage_healed":0,"gold_gain":0,"player_choice":"0 cards matched","damage_taken":0,"max_hp_gain":0,"max_hp_loss":0,"event_name":"Match and Keep!","floor":3,"gold_loss":0,"cards_obtained":[]},{"damage_healed":0,"gold_gain":0,"cards_transformed":["Strike_B"],"player_choice":"Change","damage_taken":0,"max_hp_gain":0,"max_hp_loss":0,"event_name":"Living Wall","floor":5,"gold_loss":0,"cards_obtained":["Loop"]},{"damage_healed":0,"gold_gain":75,"player_choice":"Gather Gold","damage_taken":11,"max_hp_gain":0,"max_hp_loss":0,"event_name":"World of Goop","floor":10,"gold_loss":0},{"damage_healed":0,"gold_gain":275,"player_choice":"Desecrate","damage_taken":0,"max_hp_gain":0,"max_hp_loss":0,"event_name":"Golden Shrine","floor":19,"gold_loss":0,"cards_obtained":["Regret"]},{"cards_removed":["Strike_B"],"damage_healed":0,"gold_gain":0,"player_choice":"Gave Gold","damage_taken":0,"max_hp_gain":0,"max_hp_loss":0,"event_name":"Beggar","floor":22,"gold_loss":75}],"is_beta":false,"boss_relics":[{"not_picked":["Orrery","Eternal Feather"],"picked":"Inserter"}],"items_purged_floors":[11,20],"is_endless":false,"potions_floor_spawned":[1,7,14],"killed_by":"Slavers","ascension_level":20}