{"gold_per_floor":[117,117,117,133,1,1,29,29,29,29,40,40,94,111,111,185,185,197,214,227,47,47,47,47,47,120,133,160,173,173,187,187,261,261,280,294,294,255,355,355,374,401,425,455,466,466,328,338,338,338,338,338,338,45,74,74],"floor_reached":57,"playtime":2494,"items_purged":["Defend_B","Strike_B"],"score":2800,"play_id":"5753be09-43a4-465d-8ff5-ebeb4202730f","local_time":"20190331135552","is_ascension_mode":true,"campfire_choices":[{"data":"Zap","floor":6.0,"key":"SMITH"},{"data":"Dualcast","floor":8.0,"key":"SMITH"},{"data":"Coolheaded","floor":10.0,"key":"SMITH"},{"floor":15.0,"key":"REST"},{"floor":23,"key":"REST"},{"floor":25,"key":"REST"},{"floor":32,"key":"REST"},{"floor":40,"key":"RECALL"},{"floor":49,"key":"REST"},{"floor":53,"key":"REST"}],"neow_cost":"NONE","seed_source_timestamp":180836725308700,"circlet_count":0,"master_deck":["AscendersBane","Strike_B","Defend_B","Defend_B","Zap+1","Dualcast+1","Coolheaded+1","Cold Snap","Rainbow+1","White Noise+1","Biased Cognition+1","Hologram+1","Turbo+1","Redo+1","Consume+1","Genetic Algorithm+1","Cold Snap+1","Multi-Cast+1","Creative AI+1","Hologram+1","Conserve Battery+1","Defragment+1","Darkness+1","Capacitor+1","Force Field+1","White Noise+1","Coolheaded+1","BootSequence+1","Darkness+1","Stack+1"],"special_seed":0,"relics":["Runic Pyramid","Frozen Egg 2","Toxic Egg 2","Mercury Hourglass","Bag of Marbles","Fusion Hammer","Meat on the Bone","Potion Belt","Inserter","Pocketwatch","Bag of Preparation","Regal Pillow","Bronze Scales","Letter Opener"],"potions_floor_usage":[16,33,48,55,56,56,56],"damage_taken":[{"damage":4.0,"enemies":"Jaw Worm","floor":1.0,"turns":4.0},{"damage":1.0,"enemies":"Cultist","floor":4.0,"turns":4.0},{"damage":14.0,"enemies":"3 Sentries","floor":7.0,"turns":8.0},{"damage":12.0,"enemies":"Small Slimes","floor":11.0,"turns":3.0},{"damage":6.0,"enemies":"Blue Slaver","floor":14.0,"turns":3.0},{"damage":19,"enemies":"Slime Boss","floor":16,"turns":8},{"damage":11,"enemies":"3 Byrds","floor":18,"turns":3},{"damage":0,"enemies":"Spheric Guardian","floor":19,"turns":5},{"damage":7,"enemies":"Centurion and Healer","floor":20,"turns":5},{"damage":21,"enemies":"Shelled Parasite and Fungi","floor":27,"turns":5},{"damage":5,"enemies":"Gremlin Leader","floor":28,"turns":5},{"damage":0,"enemies":"Snake Plant","floor":29,"turns":3},{"damage":1,"enemies":"Sentry and Sphere","floor":31,"turns":6},{"damage":0,"enemies":"Champ","floor":33,"turns":9},{"damage":23,"enemies":"3 Darklings","floor":35,"turns":5},{"damage":0,"enemies":"Orb Walker","floor":36,"turns":5},{"damage":0,"enemies":"Mind Bloom Boss Battle","floor":39,"turns":7},{"damage":0,"enemies":"Spire Growth","floor":41,"turns":5},{"damage":0,"enemies":"Nemesis","floor":44,"turns":5},{"damage":12,"enemies":"3 Darklings","floor":45,"turns":5},{"damage":7,"enemies":"Writhing Mass","floor":48,"turns":5},{"damage":3,"enemies":"Donu and Deca","floor":50,"turns":6},{"damage":0,"enemies":"Time Eater","floor":51,"turns":4},{"damage":41,"enemies":"Shield and Spear","floor":55,"turns":7},{"damage":20,"enemies":"The Heart","floor":56,"turns":8}],"seed_played":"-5493790510610566487","potions_obtained":[{"floor":3.0,"key":"Fire Potion"},{"floor":3.0,"key":"Ancient Potion"},{"floor":7.0,"key":"Swift Potion"},{"floor":16,"key":"FearPotion"},{"floor":18,"key":"FocusPotion"},{"floor":31,"key":"LiquidBronze"},{"floor":35,"key":"Regen Potion"},{"floor":36,"key":"SpeedPotion"},{"floor":48,"key":"PowerPotion"}],"is_trial":false,"path_per_floor":["M","$","?","M","$","R","E","R","T","R","M","?","T","M","R","B",null,"M","M","M","$","?","R","?","R","T","M","E","M","?","M","R","B",null,"M","M","?","$","?","R","M","T","T","E","M","?","$","M","R","B","B",null,"R","$","E","B",null],"character_chosen":"DEFECT","items_purchased":["Cold Snap","Consume+1","Defragment+1","Coolheaded+1","FocusPotion","Bronze Scales","Darkness+1","Stack+1"],"campfire_rested":6,"item_purchase_floors":[5,21,38,47,47,54,54,54],"current_hp_per_floor":[60,60,60,59,59,59,45,45,45,45,33,15,15,9,30,11,56,45,45,38,38,38,59,59,71,71,50,45,45,45,44,65,65,70,47,47,47,47,47,47,47,47,47,47,47,47,47,52,71,68,68,70,71,71,42,34],"gold":74,"neow_bonus":"BOSS_RELIC","is_prod":false,"is_daily":false,"chose_seed":false,"campfire_upgraded":3,"win_rate":0,"timestamp":1554008152,"path_taken":["M","$","?","?","$","R","E","R","T","R","M","?","?","?","R","BOSS","M","M","M","$","?","R","?","R","T","?","E","M","?","?","R","BOSS","M","M","?","$","?","R","M","?","T","E","M","?","$","M","R","BOSS","BOSS","R","$","E","BOSS"],"build_version":"2019-01-23","purchased_purges":2,"victory":true,"max_hp_per_floor":[71,71,71,71,71,71,71,71,71,71,71,71,71,71,71,71,71,71,71,71,71,71,71,71,71,71,71,71,71,71,71,71,71,71,71,71,71,71,71,71,71,71,71,71,71,71,71,71,71,71,71,71,71,71,71,71],"card_choices":[{"not_picked":["Stack","Redo","Leap"],"picked":"SKIP","floor":1.0},{"not_picked":["Stack","Rebound"],"picked":"Coolheaded","floor":4.0},{"not_picked":["Multi-Cast","Beam Cell"],"picked":"Rainbow","floor":7.0},{"not_picked":["Stack+1","Beam Cell","Go for the Eyes"],"picked":"SKIP","floor":11.0},{"not_picked":["Stack+1","Beam Cell","Go for the Eyes"],"picked":"SKIP","floor":11.0},{"not_picked":["Scrape","Leap+1"],"picked":"White Noise+1","floor":14.0},{"not_picked":["Thunder Strike","Buffer+1"],"picked":"Biased Cognition+1","floor":16},{"not_picked":["Auto Shields+1","Barrage"],"picked":"Hologram+1","floor":18},{"not_picked":["Rebound+1","Beam Cell"],"picked":"Turbo+1","floor":19},{"not_picked":["Barrage","Leap+1"],"picked":"Redo+1","floor":20},{"not_picked":["Barrage+1","Sweeping Beam"],"picked":"Genetic Algorithm+1","floor":27},{"not_picked":["Sweeping Beam","Turbo+1"],"picked":"Cold Snap+1","floor":28},{"not_picked":["Static Discharge+1","Sweeping Beam","Barrage"],"picked":"SKIP","floor":29},{"not_picked":["Rip and Tear","Auto Shields+1"],"picked":"Multi-Cast+1","floor":31},{"not_picked":["Rainbow+1","All For One"],"picked":"Creative AI+1","floor":33},{"not_picked":["Go for the Eyes","Static Discharge+1"],"picked":"Hologram+1","floor":35},{"not_picked":["Turbo+1","Coolheaded+1"],"picked":"Conserve Battery+1","floor":36},{"not_picked":["Steam+1","Reprogram+1"],"picked":"Darkness+1","floor":39},{"not_picked":["Barrage","Chaos+1"],"picked":"Capacitor+1","floor":41},{"not_picked":["Genetic Algorithm+1","Compile Driver"],"picked":"Force Field+1","floor":44},{"not_picked":["Auto Shields+1","Go for the Eyes"],"picked":"White Noise+1","floor":45},{"not_picked":["Cold Snap","Ball Lightning"],"picked":"BootSequence+1","floor":48},{"not_picked":["Fission+1","Ball Lightning","BootSequence+1"],"picked":"SKIP","floor":55}],"player_experience":2772393,"relics_obtained":[{"floor":7.0,"key":"Frozen Egg 2"},{"floor":9.0,"key":"Toxic Egg 2"},{"floor":13.0,"key":"Bag of Marbles"},{"floor":26,"key":"Meat on the Bone"},{"floor":28,"key":"Potion Belt"},{"floor":39,"key":"Pocketwatch"},{"floor":42,"key":"Bag of Preparation"},{"floor":44,"key":"Regal Pillow"},{"floor":55,"key":"Letter Opener"}],"event_choices":[{"damage_healed":0.0,"max_hp_gain":0.0,"max_hp_loss":0.0,"gold_gain":0.0,"event_name":"Lab","player_choice":"Got Potions","floor":3.0,"gold_loss":0.0,"damage_taken":0.0},{"damage_healed":0.0,"max_hp_gain":0.0,"max_hp_loss":0.0,"gold_gain":0.0,"event_name":"Scrap Ooze","player_choice":"Success","floor":12.0,"gold_loss":0.0,"damage_taken":18.0,"relics_obtained":["Mercury Hourglass"]},{"cards_removed":["Strike_B"],"damage_healed":0,"gold_gain":0,"player_choice":"Elegance","damage_taken":0,"max_hp_gain":0,"max_hp_loss":0,"event_name":"Back to Basics","floor":22,"gold_loss":0},{"cards_removed":["Defend_B"],"damage_healed":0,"gold_gain":0,"player_choice":"Offered Basic","damage_taken":0,"max_hp_gain":0,"max_hp_loss":0,"event_name":"Bonfire Elementals","floor":24,"gold_loss":0},{"damage_healed":0,"gold_gain":0,"player_choice":"Forge","damage_taken":0,"max_hp_gain":0,"max_hp_loss":0,"event_name":"Accursed Blacksmith","floor":30,"gold_loss":0,"cards_upgraded":["Rainbow"]},{"damage_healed":0,"gold_gain":0,"player_choice":"Ignored","damage_taken":0,"max_hp_gain":0,"max_hp_loss":0,"event_name":"Mysterious Sphere","floor":37,"gold_loss":0},{"damage_healed":0,"gold_gain":0,"player_choice":"Fight","damage_taken":0,"max_hp_gain":0,"max_hp_loss":0,"event_name":"MindBloom","floor":39,"gold_loss":0},{"cards_removed":["Strike_B"],"damage_healed":0,"gold_gain":0,"player_choice":"Removed Attack","damage_taken":0,"max_hp_gain":0,"max_hp_loss":0,"event_name":"Falling","floor":46,"gold_loss":0}],"is_beta":false,"boss_relics":[{"not_picked":["Busted Crown","Nuclear Battery"],"picked":"Fusion Hammer"},{"not_picked":["Runic Dome","Eternal Feather"],"picked":"Inserter"}],"items_purged_floors":[5,21],"is_endless":false,"potions_floor_spawned":[4,7,16,18,20,31,35,36,45,48],"ascension_level":20}