{"gold_per_floor":[214,10,0,19,39,39,68,85,112,274,286,313,325,351,363,454,466,488,28,78,97,0,0,0,0,0,0,16,16,28,39,39,39],"floor_reached":33,"playtime":1571,"items_purged":["Strike_B"],"score":461,"play_id":"36d64a37-ad6c-499e-827a-4b3827f31dd4","local_time":"20181125200035","is_ascension_mode":true,"campfire_choices":[{"floor":13.0,"key":"REST"},{"floor":15.0,"key":"REST"},{"floor":23,"key":"REST"},{"floor":25,"key":"REST"},{"floor":29,"key":"REST"},{"floor":32,"key":"REST"}],"neow_cost":"NONE","seed_source_timestamp":112202237850586,"circlet_count":0,"master_deck":["AscendersBane","Strike_B","Strike_B","Strike_B","Defend_B","Defend_B","Defend_B","Defend_B","Zap","Dualcast","Cold Snap","Ball Lightning","Cold Snap","Storm","Fusion","Reboot","Cold Snap","Fusion","Fission","Conserve Battery","White Noise","Capacitor","Stack+1","Cold Snap","Redo+1"],"special_seed":0,"relics":["Cracked Core","Centennial Puzzle","MawBank","Nuclear Battery","Bronze Scales","OrangePellets","Nilry\u0027s Codex","Toxic Egg 2"],"potions_floor_usage":[27,33],"damage_taken":[{"damage":10.0,"enemies":"Small Slimes","floor":1.0,"turns":4.0},{"damage":0.0,"enemies":"2 Louse","floor":4.0,"turns":2.0},{"damage":3.0,"enemies":"Jaw Worm","floor":5.0,"turns":3.0},{"damage":16.0,"enemies":"3 Sentries","floor":7.0,"turns":6.0},{"damage":17.0,"enemies":"Large Slime","floor":8.0,"turns":5.0},{"damage":5.0,"enemies":"Red Slaver","floor":12.0,"turns":3.0},{"damage":0.0,"enemies":"Exordium Wildlife","floor":14.0,"turns":2.0},{"damage":57.0,"enemies":"The Guardian","floor":16.0,"turns":15.0},{"damage":20.0,"enemies":"Shell Parasite","floor":18.0,"turns":5.0},{"damage":8.0,"enemies":"Chosen","floor":21.0,"turns":5.0},{"damage":0,"enemies":"Snake Plant","floor":27,"turns":1},{"damage":12,"enemies":"Snecko","floor":28,"turns":5},{"damage":36,"enemies":"3 Cultists","floor":30,"turns":6},{"damage":12,"enemies":"Chosen and Byrds","floor":31,"turns":5},{"damage":50,"enemies":"Collector","floor":33,"turns":5}],"seed_played":"-7656822347087286086","potions_obtained":[{"floor":4.0,"key":"Explosive Potion"},{"floor":8.0,"key":"Poison Potion"},{"floor":21.0,"key":"SmokeBomb"},{"floor":28,"key":"SteroidPotion"},{"floor":31,"key":"Poison Potion"}],"is_trial":false,"path_per_floor":["M","$","?","M","M","?","E","M","T","?","?","M","R","M","R","B",null,"M","$","?","M","?","R","?","R","T","M","M","R","M","M","R","B"],"character_chosen":"DEFECT","items_purchased":["Ball Lightning","Cold Snap","SkillPotion","White Noise","Capacitor","Bronze Scales","OrangePellets"],"campfire_rested":6,"item_purchase_floors":[2,2,2,19,19,19,19],"current_hp_per_floor":[54,54,54,54,51,71,55,38,38,38,38,33,54,54,71,14,57,37,37,37,29,29,50,29,50,50,50,38,59,23,11,32,0],"gold":39,"neow_bonus":"HUNDRED_GOLD","is_prod":false,"is_daily":false,"chose_seed":false,"campfire_upgraded":0,"win_rate":0,"timestamp":1543168835,"path_taken":["M","$","?","M","M","?","E","M","T","?","?","?","R","M","R","BOSS","M","$","?","M","?","R","?","R","T","M","M","R","M","M","R","BOSS"],"build_version":"2018-11-15","purchased_purges":1,"victory":false,"max_hp_per_floor":[71,71,71,71,71,71,71,71,71,71,71,71,71,71,71,71,71,71,71,71,71,71,71,71,71,71,71,71,71,71,71,71,71],"card_choices":[{"not_picked":["Beam Cell","Rebound"],"picked":"Cold Snap","floor":1.0},{"not_picked":["Skim","Steam Power"],"picked":"Storm","floor":4.0},{"not_picked":["Rebound","Streamline","Scrape"],"picked":"SKIP","floor":5.0},{"not_picked":["Recycle","Doom and Gloom"],"picked":"Fusion","floor":7.0},{"not_picked":["Barrage","Doom and Gloom"],"picked":"Reboot","floor":8.0},{"not_picked":["Steam","Lockon"],"picked":"Cold Snap","floor":12.0},{"not_picked":["Genetic Algorithm","Stack"],"picked":"Fusion","floor":14.0},{"not_picked":["Multi-Cast","Amplify"],"picked":"Fission","floor":16.0},{"not_picked":["Double Energy","Steam"],"picked":"Conserve Battery","floor":18.0},{"not_picked":["Rebound","Lockon","Leap"],"picked":"SKIP","floor":21.0},{"not_picked":["Compile Driver","Scrape"],"picked":"Stack+1","floor":28},{"not_picked":["FTL","Barrage+1"],"picked":"Cold Snap","floor":30},{"not_picked":["All For One","Gash"],"picked":"Redo+1","floor":31}],"player_experience":789596,"relics_obtained":[{"floor":7.0,"key":"Centennial Puzzle"},{"floor":9.0,"key":"MawBank"},{"floor":24,"key":"Nilry\u0027s Codex"},{"floor":26,"key":"Toxic Egg 2"}],"event_choices":[{"damage_healed":0.0,"max_hp_gain":0.0,"max_hp_loss":0.0,"gold_gain":0.0,"event_name":"World of Goop","player_choice":"Left Gold","floor":3.0,"gold_loss":10.0,"damage_taken":0.0},{"damage_healed":23.0,"max_hp_gain":0.0,"max_hp_loss":0.0,"gold_gain":0.0,"event_name":"Big Fish","player_choice":"Banana","floor":6.0,"gold_loss":0.0,"damage_taken":0.0},{"damage_healed":0.0,"max_hp_gain":0.0,"max_hp_loss":0.0,"gold_gain":150.0,"event_name":"Liars Game","player_choice":"AGREE","floor":10.0,"gold_loss":0.0,"damage_taken":0.0,"cards_obtained":["Doubt"]},{"cards_removed":["Doubt"],"damage_healed":0.0,"max_hp_gain":0.0,"max_hp_loss":0.0,"gold_gain":0.0,"event_name":"Purifier","player_choice":"Purged","floor":11.0,"gold_loss":0.0,"damage_taken":0.0},{"damage_healed":0.0,"max_hp_gain":0.0,"max_hp_loss":0.0,"gold_gain":50.0,"event_name":"Nest","player_choice":"Stole From Cult","floor":20.0,"gold_loss":0.0,"damage_taken":0.0},{"damage_healed":0,"gold_gain":0,"player_choice":"Paid Fearfully","damage_taken":0,"max_hp_gain":0,"max_hp_loss":0,"event_name":"Masked Bandits","floor":22,"gold_loss":97},{"damage_healed":0,"gold_gain":0,"player_choice":"Obtained Book","damage_taken":21,"max_hp_gain":0,"max_hp_loss":0,"event_name":"Cursed Tome","floor":24,"gold_loss":0}],"is_beta":false,"boss_relics":[{"not_picked":["Philosopher\u0027s Stone","Ectoplasm"],"picked":"Nuclear Battery"}],"items_purged_floors":[2],"is_endless":false,"potions_floor_spawned":[4,5,8,21,28,31],"killed_by":"Collector","ascension_level":15}