{"gold_per_floor":[114,124,199,149,160,187,187,205,205,237,250,260,260,279,279,374,374,392,226,141,153,165,229,229,328,328,345,356,387,399,428,428,428],"floor_reached":33,"playtime":2778,"items_purged":["Strike_R"],"score":439,"play_id":"07709445-6e09-4d1e-a669-4306adf359c1","local_time":"20190327214651","is_ascension_mode":true,"campfire_choices":[{"floor":7,"key":"REST"},{"data":"Armaments","floor":13,"key":"SMITH"},{"data":"Uppercut","floor":15,"key":"SMITH"},{"floor":24,"key":"REST"},{"floor":32,"key":"REST"}],"neow_cost":"NONE","seed_source_timestamp":1231042069814400,"circlet_count":0,"master_deck":["Strike_R","Strike_R","Strike_R","Defend_R","Defend_R","Defend_R","Defend_R","Bash+1","Battle Trance","Uppercut+1","True Grit","Armaments+1","Rampage","Feel No Pain","Limit Break","Fiend Fire","Dark Shackles","Metallicize","Combust+1","True Grit+1","Double Tap","Heavy Blade+1","Warcry"],"relics":["Burning Blood","Oddly Smooth Stone","Shuriken","Pocketwatch","Fusion Hammer","Molten Egg 2","Tiny Chest","Blue Candle","Vajra","Red Mask"],"potions_floor_usage":[33,33],"damage_taken":[{"damage":24,"enemies":"Jaw Worm","floor":1,"turns":7},{"damage":0,"enemies":"Small Slimes","floor":2,"turns":3},{"damage":4,"enemies":"2 Louse","floor":5,"turns":3},{"damage":38,"enemies":"Lagavulin","floor":6,"turns":6},{"damage":20,"enemies":"Blue Slaver","floor":8,"turns":4},{"damage":29,"enemies":"Gremlin Nob","floor":10,"turns":5},{"damage":0,"enemies":"Looter","floor":11,"turns":4},{"damage":1,"enemies":"3 Louse","floor":12,"turns":4},{"damage":1,"enemies":"Blue Slaver","floor":14,"turns":5},{"damage":0,"enemies":"Hexaghost","floor":16,"turns":9},{"damage":4,"enemies":"2 Thieves","floor":18,"turns":4},{"damage":0,"enemies":"Chosen","floor":21,"turns":3},{"damage":4,"enemies":"Shelled Parasite and Fungi","floor":22,"turns":4},{"damage":18,"enemies":"Gremlin Leader","floor":23,"turns":7},{"damage":12,"enemies":"Chosen and Byrds","floor":27,"turns":4},{"damage":23,"enemies":"Centurion and Healer","floor":28,"turns":5},{"damage":12,"enemies":"Book of Stabbing","floor":29,"turns":7},{"damage":8,"enemies":"Sentry and Sphere","floor":30,"turns":4},{"damage":21,"enemies":"Masked Bandits","floor":31,"turns":4},{"damage":58,"enemies":"Collector","floor":33,"turns":7}],"seed_played":"-5819276738743712939","potions_obtained":[{"floor":6,"key":"PowerPotion"},{"floor":11,"key":"SteroidPotion"},{"floor":14,"key":"Energy Potion"}],"is_trial":false,"path_per_floor":["M","M","?","?","M","E","R","M","T","E","M","M","R","M","R","B",null,"M","$","?","M","M","E","R","?","T","M","M","E","M","?","R","B"],"character_chosen":"IRONCLAD","items_purchased":["Dark Shackles"],"campfire_rested":3,"item_purchase_floors":[19],"current_hp_per_floor":[62,68,57,57,59,27,51,37,37,14,20,25,25,30,30,36,69,71,71,71,77,79,67,80,80,80,74,57,51,49,34,58,0],"gold":428,"neow_bonus":"UPGRADE_CARD","is_prod":false,"is_daily":false,"chose_seed":false,"campfire_upgraded":2,"win_rate":0,"timestamp":1553737611,"path_taken":["M","M","?","?","M","E","R","M","T","E","M","?","R","M","R","BOSS","M","$","?","M","M","E","R","?","T","M","M","E","M","?","R","BOSS"],"build_version":"2019-01-23","purchased_purges":1,"victory":false,"max_hp_per_floor":[80,80,80,80,80,80,80,80,80,80,80,80,80,80,80,80,80,80,80,80,80,80,80,80,80,80,80,80,80,80,80,80,80],"card_choices":[{"not_picked":["Anger","Heavy Blade"],"picked":"Battle Trance","floor":1},{"not_picked":["Flex","Anger","Havoc"],"picked":"SKIP","floor":2},{"not_picked":["Sentinel","Sword Boomerang"],"picked":"Uppercut","floor":5},{"not_picked":["Flex","Metallicize"],"picked":"True Grit","floor":6},{"not_picked":["Reckless Charge","Clash"],"picked":"Armaments","floor":8},{"not_picked":["Twin Strike","Havoc"],"picked":"Rampage","floor":10},{"not_picked":["Clash","Searing Blow"],"picked":"Feel No Pain","floor":11},{"not_picked":["Clash","Twin Strike","Sword Boomerang"],"picked":"SKIP","floor":12},{"not_picked":["Sword Boomerang","Havoc"],"picked":"Limit Break","floor":14},{"not_picked":["Juggernaut","Reaper"],"picked":"Fiend Fire","floor":16},{"not_picked":["Twin Strike+1","True Grit","Iron Wave"],"picked":"SKIP","floor":18},{"not_picked":["Pummel+1","Hemokinesis+1","Infernal Blade+1"],"picked":"SKIP","floor":21},{"not_picked":["Body Slam+1","Battle Trance"],"picked":"Metallicize","floor":22},{"not_picked":["Reckless Charge+1","Fire Breathing"],"picked":"Combust+1","floor":23},{"not_picked":["Pommel Strike+1","Flex"],"picked":"True Grit+1","floor":27},{"not_picked":["Carnage+1","Anger+1"],"picked":"Double Tap","floor":28},{"not_picked":["Heavy Blade+1","Clothesline+1","Twin Strike+1"],"picked":"SKIP","floor":29},{"not_picked":["Clothesline+1","Twin Strike+1"],"picked":"Heavy Blade+1","floor":29},{"not_picked":["True Grit+1","Anger+1"],"picked":"Warcry","floor":30}],"player_experience":220167,"relics_obtained":[{"floor":6,"key":"Oddly Smooth Stone"},{"floor":9,"key":"Shuriken"},{"floor":10,"key":"Pocketwatch"},{"floor":23,"key":"Tiny Chest"},{"floor":26,"key":"Blue Candle"},{"floor":29,"key":"Vajra"},{"floor":31,"key":"Red Mask"}],"event_choices":[{"damage_healed":0,"gold_gain":75,"player_choice":"Gather Gold","damage_taken":11,"max_hp_gain":0,"max_hp_loss":0,"event_name":"World of Goop","floor":3,"gold_loss":0},{"cards_removed":["Strike_R"],"damage_healed":0,"gold_gain":0,"player_choice":"Card Removal","damage_taken":0,"max_hp_gain":0,"max_hp_loss":0,"event_name":"The Cleric","floor":4,"gold_loss":50},{"damage_healed":0,"gold_gain":0,"player_choice":"Obtained Relic","damage_taken":0,"relics_obtained":["Molten Egg 2"],"max_hp_gain":0,"max_hp_loss":0,"event_name":"Addict","floor":20,"gold_loss":85},{"damage_healed":0,"gold_gain":99,"player_choice":"Stole From Cult","damage_taken":0,"max_hp_gain":0,"max_hp_loss":0,"event_name":"Nest","floor":25,"gold_loss":0},{"damage_healed":0,"gold_gain":0,"player_choice":"Fought Bandits","damage_taken":0,"max_hp_gain":0,"max_hp_loss":0,"event_name":"Masked Bandits","floor":31,"gold_loss":0}],"is_beta":false,"boss_relics":[{"not_picked":["White Beast Statue","Coffee Dripper"],"picked":"Fusion Hammer"}],"items_purged_floors":[19],"is_endless":false,"potions_floor_spawned":[6,11,14,18,27,30,31],"killed_by":"Collector","ascension_level":5}