{"gold_per_floor":[116,116,35,54,67,101,112,187,187,187,201,38,38,63,63,63],"floor_reached":16,"playtime":411,"items_purged":[],"score":220,"play_id":"ee45a091-0a38-48c8-a58d-39c782629243","local_time":"20190309162451","is_ascension_mode":true,"campfire_choices":[{"floor":10,"key":"REST"},{"floor":13,"key":"REST"},{"data":"Defragment","floor":15,"key":"SMITH"}],"neow_cost":"NONE","seed_source_timestamp":22233046829300,"circlet_count":0,"master_deck":["AscendersBane","Strike_B","Strike_B","Strike_B","Strike_B","Defend_B","Defend_B","Defend_B","Defend_B","Zap","Dualcast","Sunder+1","Defragment","Conserve Battery","Gash","Consume","Defragment+1","Coolheaded"],"relics":["Cracked Core","NeowsBlessing","Ornamental Fan","Question Card","Blood Vial","Blue Candle"],"potions_floor_usage":[14,16],"damage_taken":[{"damage":0,"enemies":"Cultist","floor":1,"turns":1},{"damage":0,"enemies":"Small Slimes","floor":4,"turns":1},{"damage":0,"enemies":"Jaw Worm","floor":5,"turns":1},{"damage":30,"enemies":"Lagavulin","floor":6,"turns":6},{"damage":13,"enemies":"Blue Slaver","floor":7,"turns":3},{"damage":8,"enemies":"Exordium Wildlife","floor":11,"turns":3},{"damage":6,"enemies":"Gremlin Nob","floor":14,"turns":3},{"damage":27,"enemies":"Slime Boss","floor":16,"turns":9}],"seed_played":"-6590596746042591237","potions_obtained":[{"floor":4,"key":"Dexterity Potion"},{"floor":11,"key":"AttackPotion"}],"is_trial":false,"path_per_floor":["M","?","$","M","M","E","M","?","T","R","M","$","R","E","R","B"],"character_chosen":"DEFECT","items_purchased":["Defragment","Blood Vial"],"campfire_rested":2,"item_purchase_floors":[3,12],"current_hp_per_floor":[64,64,64,64,64,34,21,10,10,31,23,23,44,40,40,15],"gold":63,"neow_bonus":"THREE_ENEMY_KILL","is_prod":false,"is_daily":false,"chose_seed":false,"campfire_upgraded":1,"win_rate":0,"timestamp":1552116291,"path_taken":["M","?","$","M","M","E","M","?","T","R","M","$","R","E","R","BOSS"],"build_version":"2019-01-23","purchased_purges":0,"victory":false,"max_hp_per_floor":[71,71,71,71,71,71,71,71,71,71,71,71,71,71,71,71],"card_choices":[{"not_picked":["Hologram","Loop"],"picked":"Sunder","floor":1},{"not_picked":["Steam Power","Compile Driver"],"picked":"Conserve Battery","floor":4},{"not_picked":["Hologram","Tempest"],"picked":"Gash","floor":5},{"not_picked":["Hello World","Stack","Ball Lightning"],"picked":"SKIP","floor":6},{"not_picked":["Redo","Hello World"],"picked":"Consume","floor":7},{"not_picked":["Coolheaded","Stack","Conserve Battery"],"picked":"Defragment","floor":11},{"not_picked":["Streamline","Undo","Double Energy"],"picked":"Coolheaded","floor":14}],"player_experience":2095673,"relics_obtained":[{"floor":6,"key":"Ornamental Fan"},{"floor":9,"key":"Question Card"},{"floor":14,"key":"Blue Candle"}],"event_choices":[{"damage_healed":0,"gold_gain":0,"player_choice":"Grow","damage_taken":0,"max_hp_gain":0,"max_hp_loss":0,"event_name":"Living Wall","floor":2,"gold_loss":0,"cards_upgraded":["Sunder"]},{"damage_healed":0,"gold_gain":75,"player_choice":"Gather Gold","damage_taken":11,"max_hp_gain":0,"max_hp_loss":0,"event_name":"World of Goop","floor":8,"gold_loss":0}],"is_beta":false,"boss_relics":[],"items_purged_floors":[],"is_endless":false,"potions_floor_spawned":[4,11],"killed_by":"Slime Boss","ascension_level":20}