{"gold_per_floor":[117,192,209,359,24,24,56,56,56,70,100,100,100,3,3,74,74,90,90,90],"floor_reached":20,"playtime":567,"items_purged":["Doubt"],"score":606,"play_id":"624a4081-4f1b-46d5-8bbf-f359b7f05a92","local_time":"20190424123351","is_ascension_mode":true,"campfire_choices":[{"data":"Armaments","floor":6,"key":"SMITH"},{"data":"Bash","floor":8,"key":"SMITH"},{"data":"Second Wind","floor":13,"key":"SMITH"},{"data":"Evolve","floor":15,"key":"SMITH"}],"neow_cost":"NONE","seed_source_timestamp":175379616916200,"circlet_count":0,"master_deck":["AscendersBane","Strike_R","Strike_R","Strike_R","Strike_R","Defend_R","Defend_R","Defend_R","Defend_R","Bash+1","Pommel Strike","Armaments+1","Second Wind+1","Offering","Body Slam","Evolve+1","Barricade+1","Cleave+1"],"relics":["Burning Blood","NeowsBlessing","Oddly Smooth Stone","Anchor","Potion Belt","Philosopher\u0027s Stone"],"potions_floor_usage":[11,16,16],"damage_taken":[{"damage":0,"enemies":"Jaw Worm","floor":1,"turns":1},{"damage":0,"enemies":"Small Slimes","floor":3,"turns":1},{"damage":0,"enemies":"Gremlin Nob","floor":7,"turns":1},{"damage":0,"enemies":"2 Louse","floor":10,"turns":3},{"damage":6,"enemies":"Lagavulin","floor":11,"turns":4},{"damage":6,"enemies":"Hexaghost","floor":16,"turns":7},{"damage":39,"enemies":"2 Thieves","floor":18,"turns":5},{"damage":40,"enemies":"Shell Parasite","floor":20,"turns":5}],"seed_played":"-2844858345648018551","potions_obtained":[{"floor":3,"key":"EssenceOfSteel"}],"is_trial":false,"path_per_floor":["M","?","M","?","$","R","E","R","T","M","E","?","R","$","R","B",null,"M","?","M"],"character_chosen":"IRONCLAD","items_purchased":["Oddly Smooth Stone","Second Wind","PowerPotion","PowerPotion","Evolve"],"campfire_rested":0,"item_purchase_floors":[5,5,5,14,14],"current_hp_per_floor":[74,63,69,69,69,69,75,75,75,75,75,68,68,68,68,68,73,40,40,0],"gold":90,"neow_bonus":"THREE_ENEMY_KILL","is_prod":false,"is_daily":false,"chose_seed":false,"campfire_upgraded":4,"win_rate":0,"timestamp":1556076831,"path_taken":["M","?","M","?","$","R","E","R","T","M","E","?","R","?","R","BOSS","M","?","?"],"build_version":"2019-01-23","purchased_purges":1,"victory":false,"max_hp_per_floor":[75,75,75,75,75,75,75,75,75,75,75,75,75,75,75,75,75,75,75,75],"card_choices":[{"not_picked":["Perfected Strike","Clash"],"picked":"Pommel Strike","floor":1},{"not_picked":["Flex","Iron Wave"],"picked":"Armaments","floor":3},{"not_picked":["Shrug It Off","Iron Wave"],"picked":"Offering","floor":7},{"not_picked":["Perfected Strike","Headbutt"],"picked":"Body Slam","floor":10},{"not_picked":["Clothesline","Thunderclap","Rupture"],"picked":"SKIP","floor":11},{"not_picked":["Fiend Fire","Berserk"],"picked":"Barricade","floor":16},{"not_picked":["Twin Strike","Cleave+1","Clothesline"],"picked":"SKIP","floor":18},{"not_picked":["Twin Strike","Clothesline"],"picked":"Cleave+1","floor":18}],"player_experience":3331693,"relics_obtained":[{"floor":7,"key":"Anchor"},{"floor":11,"key":"Potion Belt"}],"event_choices":[{"damage_healed":0,"gold_gain":75,"player_choice":"Gather Gold","damage_taken":11,"max_hp_gain":0,"max_hp_loss":0,"event_name":"World of Goop","floor":2,"gold_loss":0},{"damage_healed":0,"gold_gain":150,"player_choice":"AGREE","damage_taken":0,"max_hp_gain":0,"max_hp_loss":0,"event_name":"Liars Game","floor":4,"gold_loss":0,"cards_obtained":["Doubt"]},{"cards_removed":["Strike_R"],"damage_healed":0,"gold_gain":0,"player_choice":"Card Removal","damage_taken":7,"max_hp_gain":0,"max_hp_loss":0,"event_name":"Golden Wing","floor":12,"gold_loss":0},{"damage_healed":0,"gold_gain":0,"player_choice":"Forge","damage_taken":0,"max_hp_gain":0,"max_hp_loss":0,"event_name":"Accursed Blacksmith","floor":19,"gold_loss":0,"cards_upgraded":["Barricade"]}],"is_beta":false,"boss_relics":[{"not_picked":["Coffee Dripper","Pandora\u0027s Box"],"picked":"Philosopher\u0027s Stone"}],"items_purged_floors":[5],"is_endless":false,"potions_floor_spawned":[3,10],"killed_by":"Shell Parasite","ascension_level":20}