{"gold_per_floor":[13,13,13,33,33,33,66,76,76,41,51,51],"floor_reached":12,"playtime":219,"items_purged":[],"score":156,"play_id":"431676c7-9f8b-4c8b-9904-60252952716b","local_time":"20190406144340","is_ascension_mode":true,"campfire_choices":[{"data":"Bash","floor":6,"key":"SMITH"}],"neow_cost":"NO_GOLD","seed_source_timestamp":704478802424100,"circlet_count":0,"master_deck":["AscendersBane","Strike_R","Strike_R","Strike_R","Strike_R","Strike_R","Defend_R","Defend_R","Defend_R","Defend_R","Bash+1","Rampage+1","Juggernaut","Headbutt"],"relics":["Burning Blood","Calipers","CultistMask","Matryoshka","Toxic Egg 2","Smiling Mask"],"potions_floor_usage":[],"damage_taken":[{"damage":18,"enemies":"Small Slimes","floor":1,"turns":4},{"damage":1,"enemies":"Cultist","floor":4,"turns":3},{"damage":45,"enemies":"3 Sentries","floor":7,"turns":11},{"damage":9,"enemies":"Jaw Worm","floor":8,"turns":4},{"damage":30,"enemies":"Large Slime","floor":11,"turns":6},{"damage":4,"enemies":"Red Slaver","floor":12,"turns":2}],"seed_played":"831236006885962014","potions_obtained":[{"floor":8,"key":"LiquidBronze"},{"floor":11,"key":"Dexterity Potion"}],"is_trial":false,"path_per_floor":["M","?","$","M","?","R","E","M","T","?","M","M"],"character_chosen":"IRONCLAD","items_purchased":[],"campfire_rested":0,"item_purchase_floors":[],"current_hp_per_floor":[56,56,56,61,61,61,22,19,19,37,13,9],"gold":51,"neow_bonus":"ONE_RARE_RELIC","is_prod":false,"is_daily":false,"chose_seed":false,"campfire_upgraded":1,"win_rate":0,"timestamp":1554529420,"path_taken":["M","?","?","?","?","R","E","?","T","?","M","M"],"build_version":"2019-01-23","purchased_purges":0,"victory":false,"max_hp_per_floor":[75,75,75,75,75,75,75,75,75,75,75,75],"card_choices":[{"not_picked":["Pommel Strike","Thunderclap","Havoc"],"picked":"SKIP","floor":1},{"not_picked":["True Grit","Flame Barrier"],"picked":"Rampage","floor":4},{"not_picked":["Thunderclap","Barricade"],"picked":"Juggernaut","floor":7},{"not_picked":["Iron Wave","Wild Strike","Anger"],"picked":"SKIP","floor":8},{"not_picked":["Dropkick","Sword Boomerang"],"picked":"Headbutt","floor":11}],"player_experience":2913450,"relics_obtained":[{"floor":7,"key":"Matryoshka"},{"floor":9,"key":"Toxic Egg 2"},{"floor":9,"key":"Smiling Mask"}],"event_choices":[{"damage_healed":0,"gold_gain":0,"player_choice":"Trade","damage_taken":0,"relics_obtained":["CultistMask"],"max_hp_gain":0,"max_hp_loss":0,"event_name":"FaceTrader","floor":2,"gold_loss":0},{"damage_healed":0,"gold_gain":0,"player_choice":"Upgraded","damage_taken":0,"max_hp_gain":0,"max_hp_loss":0,"event_name":"Upgrade Shrine","floor":5,"gold_loss":0,"cards_upgraded":["Rampage"]},{"damage_healed":18,"gold_gain":0,"player_choice":"Healed","damage_taken":0,"max_hp_gain":0,"max_hp_loss":0,"event_name":"The Cleric","floor":10,"gold_loss":35}],"is_beta":false,"boss_relics":[],"items_purged_floors":[],"is_endless":false,"potions_floor_spawned":[8,11],"killed_by":"Red Slaver","ascension_level":20}