{"gold_per_floor":[17,17,17,27,37,64,64,64,90,90,90,90],"floor_reached":12,"playtime":229,"items_purged":[],"score":152,"play_id":"a3dc3264-9aec-4c2a-9e02-b2fd65b672ff","local_time":"20190414191029","is_ascension_mode":true,"campfire_choices":[{"data":"Demon Form","floor":7,"key":"SMITH"}],"neow_cost":"NO_GOLD","seed_source_timestamp":200289235632100,"circlet_count":0,"master_deck":["AscendersBane","Strike_R","Strike_R","Strike_R","Strike_R","Defend_R","Defend_R","Defend_R","Defend_R","Bash","Demon Form+1","True Grit","Perfected Strike","Barricade"],"relics":["Burning Blood","Unceasing Top","Strawberry","Regal Pillow","Molten Egg 2"],"potions_floor_usage":[],"damage_taken":[{"damage":7,"enemies":"Cultist","floor":1,"turns":4},{"damage":11,"enemies":"2 Louse","floor":4,"turns":2},{"damage":10,"enemies":"Small Slimes","floor":5,"turns":5},{"damage":40,"enemies":"Lagavulin","floor":6,"turns":7},{"damage":16,"enemies":"2 Fungi Beasts","floor":12,"turns":5}],"seed_played":"4075628618257769700","potions_obtained":[{"floor":1,"key":"Energy Potion"},{"floor":6,"key":"Ancient Potion"},{"floor":8,"key":"SpeedPotion"}],"is_trial":false,"path_per_floor":["M","?","?","M","M","E","R","?","T","$","T","M"],"character_chosen":"IRONCLAD","items_purchased":[],"campfire_rested":0,"item_purchase_floors":[],"current_hp_per_floor":[67,67,67,62,58,31,31,31,31,31,31,15],"gold":90,"neow_bonus":"ONE_RARE_RELIC","is_prod":false,"is_daily":false,"chose_seed":false,"campfire_upgraded":1,"win_rate":0,"timestamp":1555236629,"path_taken":["M","?","?","?","M","E","R","?","T","$","?","M"],"build_version":"2019-01-23","purchased_purges":0,"victory":false,"max_hp_per_floor":[75,75,75,75,75,82,82,82,82,82,82,82],"card_choices":[{"not_picked":["Rampage","Cleave","Searing Blow"],"picked":"SKIP","floor":1},{"not_picked":["Flame Barrier","Heavy Blade"],"picked":"True Grit","floor":4},{"not_picked":["Warcry","Wild Strike"],"picked":"Perfected Strike","floor":5},{"not_picked":["Wild Strike","Thunderclap"],"picked":"Barricade","floor":6}],"player_experience":3131842,"relics_obtained":[{"floor":6,"key":"Strawberry"},{"floor":9,"key":"Regal Pillow"},{"floor":11,"key":"Molten Egg 2"}],"event_choices":[{"damage_healed":0,"gold_gain":0,"cards_transformed":["Strike_R"],"player_choice":"Change","damage_taken":0,"max_hp_gain":0,"max_hp_loss":0,"event_name":"Living Wall","floor":2,"gold_loss":0,"cards_obtained":["Fire Breathing"]},{"damage_healed":0,"gold_gain":0,"cards_transformed":["Fire Breathing"],"player_choice":"Transformed","damage_taken":0,"max_hp_gain":0,"max_hp_loss":0,"event_name":"Transmorgrifier","floor":3,"gold_loss":0,"cards_obtained":["Demon Form"]},{"damage_healed":0,"gold_gain":0,"player_choice":"Got Potions","damage_taken":0,"max_hp_gain":0,"max_hp_loss":0,"event_name":"Lab","floor":8,"gold_loss":0}],"is_beta":false,"boss_relics":[],"items_purged_floors":[],"is_endless":false,"potions_floor_spawned":[1,6],"killed_by":"2 Fungi Beasts","ascension_level":20}