{"gold_per_floor":[109,125,135,135,145,177,194,194,194,194,224,224,25,35,35,134,134,144,161,92,92,102,128,128,128,151,182,217,217,217,233,233,336,336,349,360,360,371,371],"floor_reached":39,"playtime":4415,"items_purged":[],"score":544,"play_id":"6e927a7e-81e5-4bf8-bf34-573010348308","local_time":"20190126153345","is_ascension_mode":true,"campfire_choices":[{"data":"Glacier","floor":8.0,"key":"SMITH"},{"data":"Zap","floor":10.0,"key":"SMITH"},{"floor":15.0,"key":"REST"},{"floor":24.0,"key":"REST"},{"data":"Sunder","floor":32.0,"key":"SMITH"}],"neow_cost":"NONE","seed_source_timestamp":0,"circlet_count":0,"master_deck":["Defend_B","Defend_B","Defend_B","Defend_B","Zap+1","Dualcast","Purity","Compile Driver","Leap","Glacier+1","Gash","Sweeping Beam","Recycle+1","Echo Form","Gash","Conserve Battery","Turbo","FTL","Go for the Eyes","Machine Learning","Scrape","Loop","Sunder+1","BootSequence+1","Bite","Bite","Bite","Bite","Bite","Seek","Rainbow","Defragment","Zap","Fission"],"special_seed":0,"relics":["Cracked Core","Bronze Scales","Symbiotic Virus","Omamori","Runic Pyramid","WingedGreaves","PreservedInsect","Ice Cream","Orichalcum","Velvet Choker"],"potions_floor_usage":[39,39],"damage_taken":[{"damage":1.0,"enemies":"Small Slimes","floor":1.0,"turns":3.0},{"damage":1.0,"enemies":"Cultist","floor":2.0,"turns":3.0},{"damage":2.0,"enemies":"Jaw Worm","floor":3.0,"turns":3.0},{"damage":0.0,"enemies":"3 Louse","floor":5.0,"turns":5.0},{"damage":29.0,"enemies":"Gremlin Nob","floor":6.0,"turns":5.0},{"damage":0.0,"enemies":"Red Slaver","floor":7.0,"turns":3.0},{"damage":11.0,"enemies":"Lagavulin","floor":11.0,"turns":6.0},{"damage":3.0,"enemies":"Exordium Thugs","floor":14.0,"turns":3.0},{"damage":2.0,"enemies":"Slime Boss","floor":16.0,"turns":7.0},{"damage":21.0,"enemies":"2 Thieves","floor":18.0,"turns":3.0},{"damage":4.0,"enemies":"Chosen","floor":19.0,"turns":5.0},{"damage":0.0,"enemies":"Snecko","floor":22.0,"turns":5.0},{"damage":22.0,"enemies":"Gremlin Leader","floor":23.0,"turns":6.0},{"damage":7.0,"enemies":"Book of Stabbing","floor":27.0,"turns":4.0},{"damage":29.0,"enemies":"Slavers","floor":28.0,"turns":4.0},{"damage":7.0,"enemies":"Shelled Parasite and Fungi","floor":31.0,"turns":4.0},{"damage":13.0,"enemies":"Automaton","floor":33.0,"turns":11.0},{"damage":0,"enemies":"3 Darklings","floor":35,"turns":5},{"damage":1,"enemies":"3 Shapes","floor":36,"turns":5},{"damage":48,"enemies":"Writhing Mass","floor":38,"turns":6},{"damage":33,"enemies":"Transient","floor":39,"turns":5}],"seed_played":"-4886786409990234100","potions_obtained":[{"floor":3.0,"key":"SteroidPotion"},{"floor":5.0,"key":"PowerPotion"},{"floor":7.0,"key":"FocusPotion"},{"floor":11.0,"key":"SkillPotion"},{"floor":14.0,"key":"GamblersBrew"},{"floor":18.0,"key":"LiquidBronze"},{"floor":22.0,"key":"Weak Potion"},{"floor":27.0,"key":"Regen Potion"},{"floor":31.0,"key":"Poison Potion"},{"floor":35,"key":"SkillPotion"},{"floor":38,"key":"Strength Potion"}],"is_trial":false,"path_per_floor":["M","M","M","?","M","E","M","R","T","R","E","?","$","M","R","B",null,"M","M","$","?","M","E","R","$","T","E","E","T","?","M","R","B",null,"M","M","?","M","M"],"character_chosen":"DEFECT","items_purchased":["Gash","Conserve Battery","Turbo","FTL","Scrape"],"campfire_rested":2,"item_purchase_floors":[13,13,13,13,20],"current_hp_per_floor":[74,73,71,71,71,42,42,42,42,42,31,31,31,28,50,48,75,54,50,50,50,50,28,50,50,50,43,26,26,26,31,31,34,52,52,52,52,16,0],"gold":371,"neow_bonus":"RANDOM_COLORLESS","is_prod":false,"is_daily":false,"chose_seed":false,"campfire_upgraded":3,"win_rate":0,"timestamp":1548534825,"path_taken":["M","M","M","?","M","E","?","R","T","R","E","?","$","M","R","BOSS","M","M","$","?","?","E","R","?","T","E","E","?","?","M","R","BOSS","M","M","?","?","M"],"build_version":"2019-01-23","purchased_purges":0,"victory":false,"max_hp_per_floor":[75,75,75,75,75,75,75,75,75,75,75,75,75,75,75,75,75,75,75,75,75,75,75,75,75,75,75,75,75,52,52,52,52,52,52,52,52,52,52],"card_choices":[{"not_picked":["Hologram","Steam Power"],"picked":"Compile Driver","floor":1.0},{"not_picked":["Scrape","Blizzard"],"picked":"Leap","floor":2.0},{"not_picked":["Coolheaded","Hello World"],"picked":"Glacier","floor":3.0},{"not_picked":["Barrage","Fusion"],"picked":"Gash","floor":5.0},{"not_picked":["Defragment","Heatsinks"],"picked":"Sweeping Beam","floor":6.0},{"not_picked":["Barrage","Double Energy"],"picked":"Recycle","floor":7.0},{"not_picked":["Undo","Cold Snap"],"picked":"Echo Form","floor":11.0},{"not_picked":["Streamline","Tempest"],"picked":"Go for the Eyes","floor":14.0},{"not_picked":["Reboot","Rainbow"],"picked":"Machine Learning","floor":16.0},{"not_picked":["Storm+1","Streamline","Rebound"],"picked":"SKIP","floor":18.0},{"not_picked":["Steam","Darkness","Turbo"],"picked":"SKIP","floor":19.0},{"not_picked":["Cold Snap+1","Go for the Eyes+1"],"picked":"Loop","floor":22.0},{"not_picked":["Rebound","Go for the Eyes","Turbo"],"picked":"SKIP","floor":23.0},{"not_picked":["Hello World","Undo"],"picked":"Sunder","floor":27.0},{"not_picked":["Cold Snap+1","Redo+1"],"picked":"BootSequence+1","floor":28.0},{"not_picked":["Rebound","Conserve Battery"],"picked":"Seek","floor":31.0},{"not_picked":["Echo Form","Machine Learning"],"picked":"Rainbow","floor":33.0},{"not_picked":["Melter+1","Streamline"],"picked":"Defragment","floor":35},{"not_picked":["Steam+1","Undo","Cold Snap+1"],"picked":"SKIP","floor":36},{"not_picked":["Heatsinks","Gash","Sweeping Beam+1"],"picked":"SKIP","floor":38}],"player_experience":154609,"relics_obtained":[{"floor":6.0,"key":"Bronze Scales"},{"floor":9.0,"key":"Symbiotic Virus"},{"floor":11.0,"key":"Omamori"},{"floor":23.0,"key":"WingedGreaves"},{"floor":26.0,"key":"PreservedInsect"},{"floor":27.0,"key":"Ice Cream"},{"floor":28.0,"key":"Orichalcum"}],"event_choices":[{"cards_removed":["Strike_B"],"damage_healed":0.0,"max_hp_gain":0.0,"max_hp_loss":0.0,"gold_gain":0.0,"event_name":"Bonfire Elementals","player_choice":"Offered Basic","floor":4.0,"gold_loss":0.0,"damage_taken":0.0},{"damage_healed":0.0,"max_hp_gain":0.0,"max_hp_loss":0.0,"gold_gain":0.0,"event_name":"Living Wall","player_choice":"Grow","floor":12.0,"gold_loss":0.0,"damage_taken":0.0,"cards_upgraded":["Recycle"]},{"cards_removed":["Strike_B"],"damage_healed":0.0,"max_hp_gain":0.0,"max_hp_loss":0.0,"gold_gain":0.0,"event_name":"Purifier","player_choice":"Purged","floor":21.0,"gold_loss":0.0,"damage_taken":0.0},{"damage_healed":0.0,"max_hp_gain":0.0,"max_hp_loss":23.0,"gold_gain":0.0,"event_name":"Vampires","player_choice":"Became a vampire","floor":30.0,"gold_loss":0.0,"damage_taken":0.0,"cards_obtained":["Bite","Bite","Bite","Bite","Bite"]},{"damage_healed":0,"gold_gain":0,"player_choice":"2 cards matched","damage_taken":0,"max_hp_gain":0,"max_hp_loss":0,"event_name":"Match and Keep!","floor":37,"gold_loss":0,"cards_obtained":["Zap","Fission"]}],"is_beta":false,"boss_relics":[{"not_picked":["Eternal Feather","Empty Cage"],"picked":"Runic Pyramid"},{"not_picked":["Lizard Tail","Philosopher\u0027s Stone"],"picked":"Velvet Choker"}],"items_purged_floors":[],"is_endless":false,"potions_floor_spawned":[3,5,7,11,14,18,22,27,31,35,38],"killed_by":"Transient","ascension_level":3}