{"gold_per_floor":[114,114,25,125,137,172,172,187,238,249,249,282,297,322,322,399,399,414,414,414,434,349,349,95,125,125,154,171,20,55,69,69,143,143,161,161,161,281,298,298,298,329,329,329,329,329,367,384,384,384,384],"floor_reached":51,"playtime":1981,"items_purged":["Doubt"],"score":1481,"play_id":"db18990a-50b2-43d6-b744-a476cdc252a2","local_time":"20190424135414","is_ascension_mode":true,"campfire_choices":[{"data":"Inflame","floor":7,"key":"SMITH"},{"data":"Whirlwind","floor":11,"key":"SMITH"},{"data":"Bash","floor":15,"key":"SMITH"},{"data":"Flame Barrier","floor":23,"key":"SMITH"},{"data":"Uppercut","floor":32,"key":"SMITH"},{"data":"Feel No Pain","floor":40,"key":"SMITH"},{"data":"Rampage","floor":44,"key":"SMITH"},{"floor":46,"key":"RECALL"},{"data":"The Bomb","floor":49,"key":"SMITH"}],"neow_cost":"NONE","seed_source_timestamp":178790507706700,"circlet_count":0,"master_deck":["AscendersBane","Strike_R+1","Strike_R+1","Strike_R+1","Strike_R+1","Strike_R+1","Defend_R+1","Defend_R+1","Defend_R+1","Defend_R+1","Bash+1","Rampage+1","Inflame+1","Shrug It Off","Whirlwind+1","Flame Barrier+1","Reaper","Second Wind","Enlightenment","Uppercut+1","Corruption","Feel No Pain+1","Shrug It Off","Battle Trance","Flame Barrier+1","Impervious","Madness","Madness","The Bomb+1","HandOfGreed","True Grit+1","Ghostly Armor","Sentinel","Seeing Red"],"relics":["Burning Blood","NeowsBlessing","Strawberry","Lantern","Red Skull","Regal Pillow","Mango","Snecko Eye","Sundial","Anchor","The Courier","Blood Vial","Turnip","Lizard Tail","Nunchaku"],"potions_floor_usage":[14,21,25,33,45],"damage_taken":[{"damage":0,"enemies":"Small Slimes","floor":1,"turns":1},{"damage":0,"enemies":"Jaw Worm","floor":5,"turns":1},{"damage":0,"enemies":"Lagavulin","floor":6,"turns":1},{"damage":6,"enemies":"Cultist","floor":8,"turns":3},{"damage":11,"enemies":"3 Louse","floor":10,"turns":5},{"damage":17,"enemies":"3 Sentries","floor":12,"turns":6},{"damage":34,"enemies":"Blue Slaver","floor":13,"turns":5},{"damage":32,"enemies":"Lagavulin","floor":14,"turns":7},{"damage":16,"enemies":"Slime Boss","floor":16,"turns":5},{"damage":12,"enemies":"Shell Parasite","floor":18,"turns":5},{"damage":13,"enemies":"Spheric Guardian","floor":21,"turns":4},{"damage":9,"enemies":"Slavers","floor":25,"turns":5},{"damage":24,"enemies":"Gremlin Leader","floor":27,"turns":4},{"damage":0,"enemies":"3 Cultists","floor":28,"turns":3},{"damage":1,"enemies":"Slavers","floor":30,"turns":4},{"damage":2,"enemies":"Centurion and Healer","floor":31,"turns":4},{"damage":11,"enemies":"Collector","floor":33,"turns":8},{"damage":0,"enemies":"Orb Walker","floor":35,"turns":4},{"damage":0,"enemies":"Mind Bloom Boss Battle","floor":38,"turns":7},{"damage":0,"enemies":"3 Darklings","floor":39,"turns":5},{"damage":6,"enemies":"4 Shapes","floor":42,"turns":5},{"damage":0,"enemies":"Reptomancer","floor":45,"turns":1},{"damage":7,"enemies":"Sphere and 2 Shapes","floor":47,"turns":5},{"damage":13,"enemies":"Writhing Mass","floor":48,"turns":5},{"damage":90,"enemies":"Awakened One","floor":50,"turns":16},{"damage":42,"enemies":"Time Eater","floor":51,"turns":11}],"seed_played":"-5640690119546968220","potions_obtained":[{"floor":5,"key":"AttackPotion"},{"floor":6,"key":"Swift Potion"},{"floor":14,"key":"Ancient Potion"},{"floor":16,"key":"Fire Potion"},{"floor":25,"key":"Weak Potion"},{"floor":38,"key":"FairyPotion"},{"floor":42,"key":"SmokeBomb"},{"floor":48,"key":"FairyPotion"}],"is_trial":false,"path_per_floor":["M","?","$","?","M","E","R","M","T","M","R","E","M","E","R","B",null,"M","?","?","M","?","R","$","E","T","E","M","$","E","M","R","B",null,"M","?","?","?","M","R","?","M","T","R","E","R","M","M","R","B","B"],"character_chosen":"IRONCLAD","items_purchased":["Rampage","Second Wind","Enlightenment","Feel No Pain","Shrug It Off","PowerPotion"],"campfire_rested":0,"item_purchase_floors":[3,24,24,29,29,29],"current_hp_per_floor":[74,76,76,76,82,82,82,82,82,77,77,66,38,26,26,16,76,70,70,70,63,63,63,63,65,65,47,67,67,88,94,94,95,96,96,79,69,87,96,96,96,96,96,96,96,96,95,90,90,18,9],"gold":384,"neow_bonus":"THREE_ENEMY_KILL","is_prod":false,"is_daily":false,"chose_seed":false,"campfire_upgraded":8,"win_rate":0,"timestamp":1556081654,"path_taken":["M","?","$","?","?","E","R","M","T","M","R","E","M","E","R","BOSS","M","?","?","?","?","R","$","E","T","E","M","?","E","M","R","BOSS","M","?","?","?","M","R","?","?","T","R","E","R","M","M","R","BOSS","BOSS"],"build_version":"2019-01-23","purchased_purges":1,"victory":false,"max_hp_per_floor":[75,82,82,82,82,82,82,82,82,82,82,82,82,96,96,96,96,96,96,96,96,96,96,96,96,96,96,96,96,96,96,96,96,96,96,96,96,96,96,96,96,96,96,96,96,96,96,96,96,96,96],"card_choices":[{"not_picked":["Twin Strike","Pummel","Sword Boomerang"],"picked":"SKIP","floor":1},{"not_picked":["Perfected Strike","Anger"],"picked":"Inflame","floor":5},{"not_picked":["Heavy Blade","Anger"],"picked":"Shrug It Off","floor":8},{"not_picked":["Body Slam","Flex"],"picked":"Whirlwind","floor":10},{"not_picked":["Cleave","Rupture","Reckless Charge"],"picked":"SKIP","floor":12},{"not_picked":["Dropkick","Flex"],"picked":"Flame Barrier","floor":13},{"not_picked":["Rampage","Pummel","Berserk"],"picked":"SKIP","floor":14},{"not_picked":["Brutality","Bludgeon"],"picked":"Reaper","floor":16},{"not_picked":["Shrug It Off","Havoc","Warcry"],"picked":"SKIP","floor":18},{"not_picked":["Havoc","Ghostly Armor","Shrug It Off"],"picked":"SKIP","floor":21},{"not_picked":["Berserk","Iron Wave"],"picked":"Uppercut","floor":25},{"not_picked":["Dual Wield","Shrug It Off"],"picked":"Corruption","floor":27},{"not_picked":["Corruption+1","Iron Wave","Havoc"],"picked":"SKIP","floor":28},{"not_picked":["Fire Breathing","Clash"],"picked":"Battle Trance","floor":30},{"not_picked":["Warcry","Evolve"],"picked":"Flame Barrier+1","floor":31},{"not_picked":["Limit Break","Dark Embrace"],"picked":"Impervious","floor":33},{"not_picked":["Perfected Strike","Clash+1","Searing Blow"],"picked":"SKIP","floor":35},{"not_picked":["Perfected Strike","Clash+1","Searing Blow"],"picked":"SKIP","floor":35},{"not_picked":["HandOfGreed","Finesse"],"picked":"The Bomb","floor":37},{"not_picked":["Panache","Madness"],"picked":"HandOfGreed","floor":37},{"not_picked":["Fire Breathing","Cleave"],"picked":"True Grit","floor":38},{"not_picked":["Power Through","Wild Strike+1"],"picked":"Ghostly Armor","floor":39},{"not_picked":["Clash","Pommel Strike","Rupture+1"],"picked":"SKIP","floor":42},{"not_picked":["Cleave+1","Heavy Blade+1"],"picked":"Sentinel","floor":47},{"not_picked":["Sword Boomerang","Armaments"],"picked":"Seeing Red","floor":48}],"player_experience":3334970,"relics_obtained":[{"floor":6,"key":"Lantern"},{"floor":9,"key":"Red Skull"},{"floor":12,"key":"Regal Pillow"},{"floor":14,"key":"Mango"},{"floor":25,"key":"Anchor"},{"floor":26,"key":"The Courier"},{"floor":27,"key":"Blood Vial"},{"floor":30,"key":"Turnip"},{"floor":38,"key":"Nunchaku"}],"event_choices":[{"damage_healed":0,"gold_gain":0,"player_choice":"Success","damage_taken":5,"relics_obtained":["Strawberry"],"max_hp_gain":0,"max_hp_loss":0,"event_name":"Scrap Ooze","floor":2,"gold_loss":0},{"damage_healed":0,"gold_gain":100,"player_choice":"Gold","damage_taken":0,"max_hp_gain":0,"max_hp_loss":0,"event_name":"Wheel of Change","floor":4,"gold_loss":0},{"damage_healed":0,"gold_gain":0,"player_choice":"Simplicity","damage_taken":0,"max_hp_gain":0,"max_hp_loss":0,"event_name":"Back to Basics","floor":19,"gold_loss":0,"cards_upgraded":["Strike_R","Strike_R","Strike_R","Strike_R","Strike_R","Defend_R","Defend_R","Defend_R","Defend_R"]},{"damage_healed":0,"gold_gain":0,"player_choice":"1 cards matched","damage_taken":0,"max_hp_gain":0,"max_hp_loss":0,"event_name":"Match and Keep!","floor":20,"gold_loss":0,"cards_obtained":["Doubt"]},{"damage_healed":0,"gold_gain":0,"player_choice":"Obtained Relic","damage_taken":0,"relics_obtained":["Sundial"],"max_hp_gain":0,"max_hp_loss":0,"event_name":"Addict","floor":22,"gold_loss":85},{"damage_healed":0,"gold_gain":0,"player_choice":"Embrace Madness","damage_taken":17,"max_hp_gain":0,"max_hp_loss":0,"event_name":"Winding Halls","floor":36,"gold_loss":0,"cards_obtained":["Madness","Madness"]},{"damage_healed":0,"gold_gain":0,"player_choice":"Memory 3","damage_taken":10,"max_hp_gain":0,"max_hp_loss":0,"event_name":"SensoryStone","floor":37,"gold_loss":0},{"damage_healed":0,"gold_gain":0,"player_choice":"Fight","damage_taken":0,"max_hp_gain":0,"max_hp_loss":0,"event_name":"MindBloom","floor":38,"gold_loss":0},{"damage_healed":0,"gold_gain":0,"player_choice":"Upgraded","damage_taken":0,"max_hp_gain":0,"max_hp_loss":0,"event_name":"Upgrade Shrine","floor":41,"gold_loss":0,"cards_upgraded":["True Grit"]}],"is_beta":false,"boss_relics":[{"not_picked":["Fusion Hammer","Runic Pyramid"],"picked":"Snecko Eye"},{"not_picked":["Eternal Feather","Calling Bell"],"picked":"Lizard Tail"}],"items_purged_floors":[24],"is_endless":false,"potions_floor_spawned":[5,6,14,16,18,25,31,38,42,45,48],"killed_by":"Time Eater","ascension_level":20}