{"gold_per_floor":[115,13,13,29,29,29,54,54,80,107,107,117,132,158,158,232,232,248,348,358,358,358],"floor_reached":22,"playtime":798,"items_purged":[],"score":404,"play_id":"6352ed7f-f723-44e1-bbe5-0d6311bcb528","local_time":"20190328192540","is_ascension_mode":true,"campfire_choices":[{"data":"Discovery","floor":6,"key":"SMITH"},{"data":"Bash","floor":8,"key":"SMITH"},{"data":"Rampage","floor":11,"key":"SMITH"},{"data":"Fiend Fire","floor":15,"key":"SMITH"}],"neow_cost":"NONE","seed_source_timestamp":1607952039300,"circlet_count":0,"master_deck":["AscendersBane","Defend_R","Defend_R","Defend_R","Defend_R","Bash+1","Discovery+1","Ghostly Armor","Rampage+1","Carnage","Fiend Fire+1","Barricade","Rage+1","Battle Trance+1","Whirlwind+1","Flame Barrier","True Grit","Disarm","Feel No Pain","Fire Breathing"],"relics":["Burning Blood","Red Skull","GremlinMask","Omamori","Ancient Tea Set","Dream Catcher","Mummified Hand","Astrolabe","Nunchaku","The Courier"],"potions_floor_usage":[10,19,22],"damage_taken":[{"damage":10,"enemies":"Small Slimes","floor":1,"turns":4},{"damage":4,"enemies":"Jaw Worm","floor":4,"turns":3},{"damage":29,"enemies":"3 Sentries","floor":7,"turns":10},{"damage":20,"enemies":"Lagavulin","floor":10,"turns":5},{"damage":0,"enemies":"Cultist","floor":12,"turns":2},{"damage":4,"enemies":"Blue Slaver","floor":13,"turns":3},{"damage":15,"enemies":"3 Sentries","floor":14,"turns":6},{"damage":10,"enemies":"The Guardian","floor":16,"turns":8},{"damage":0,"enemies":"Spheric Guardian","floor":18,"turns":3},{"damage":23,"enemies":"Colosseum Slavers","floor":19,"turns":4},{"damage":18,"enemies":"Colosseum Nobs","floor":19,"turns":3},{"damage":20,"enemies":"Shell Parasite","floor":20,"turns":5},{"damage":0,"enemies":"Sentry and Sphere","floor":22,"turns":2}],"seed_played":"605409113696176942","potions_obtained":[{"floor":7,"key":"BloodPotion"},{"floor":10,"key":"Energy Potion"},{"floor":12,"key":"PowerPotion"},{"floor":20,"key":"Dexterity Potion"}],"is_trial":false,"path_per_floor":["M","$","?","M","?","R","E","R","T","E","R","M","M","E","R","B",null,"M","?","M","?","M"],"character_chosen":"IRONCLAD","items_purchased":["Discovery"],"campfire_rested":0,"item_purchase_floors":[2],"current_hp_per_floor":[64,64,57,59,59,59,36,36,36,29,29,35,37,28,28,24,62,68,39,25,25,25],"gold":358,"neow_bonus":"RANDOM_COMMON_RELIC","is_prod":false,"is_daily":false,"chose_seed":false,"campfire_upgraded":4,"win_rate":0,"timestamp":1553768740,"path_taken":["M","$","?","M","?","R","E","R","T","E","R","?","M","E","R","BOSS","M","?","M","?","M"],"build_version":"2019-01-23","purchased_purges":0,"victory":false,"max_hp_per_floor":[75,75,75,75,75,75,75,75,75,75,75,75,75,75,75,75,75,75,75,75,75,75],"card_choices":[{"not_picked":["True Grit","Iron Wave"],"picked":"Battle Trance","floor":1},{"not_picked":["Uppercut","Heavy Blade","Anger"],"picked":"SKIP","floor":4},{"not_picked":["Clothesline","Twin Strike"],"picked":"Ghostly Armor","floor":7},{"not_picked":["Infernal Blade","Seeing Red"],"picked":"Rampage","floor":10},{"not_picked":["Havoc","Warcry","Sword Boomerang"],"picked":"SKIP","floor":12},{"not_picked":["Flex","Iron Wave"],"picked":"Carnage","floor":13},{"not_picked":["Flex","Iron Wave"],"picked":"Fiend Fire","floor":14},{"not_picked":["Reaper","Juggernaut"],"picked":"Barricade","floor":16},{"not_picked":["Ghostly Armor","Body Slam"],"picked":"Flame Barrier","floor":18},{"not_picked":["Havoc","Armaments"],"picked":"True Grit","floor":19},{"not_picked":["Flex","Body Slam"],"picked":"Disarm","floor":20}],"player_experience":2682664,"relics_obtained":[{"floor":7,"key":"Omamori"},{"floor":9,"key":"Ancient Tea Set"},{"floor":10,"key":"Dream Catcher"},{"floor":14,"key":"Mummified Hand"},{"floor":19,"key":"Nunchaku"},{"floor":19,"key":"The Courier"}],"event_choices":[{"cards_removed":["Strike_R"],"damage_healed":0,"gold_gain":0,"player_choice":"Card Removal","damage_taken":7,"max_hp_gain":0,"max_hp_loss":0,"event_name":"Golden Wing","floor":3,"gold_loss":0},{"damage_healed":0,"gold_gain":0,"player_choice":"Trade","damage_taken":0,"relics_obtained":["GremlinMask"],"max_hp_gain":0,"max_hp_loss":0,"event_name":"FaceTrader","floor":5,"gold_loss":0},{"damage_healed":0,"gold_gain":0,"player_choice":"Fight","damage_taken":0,"max_hp_gain":0,"max_hp_loss":0,"event_name":"Colosseum","floor":19,"gold_loss":0},{"damage_healed":0,"gold_gain":0,"player_choice":"Fought Nobs","damage_taken":0,"max_hp_gain":0,"max_hp_loss":0,"event_name":"Colosseum","floor":19,"gold_loss":0},{"damage_healed":0,"gold_gain":0,"cards_transformed":["Strike_R","Battle Trance"],"player_choice":"Became Test Subject","damage_taken":0,"max_hp_gain":0,"max_hp_loss":0,"event_name":"Drug Dealer","floor":21,"gold_loss":0,"cards_obtained":["Feel No Pain","Fire Breathing"]}],"is_beta":false,"boss_relics":[{"not_picked":["Sozu","Velvet Choker"],"picked":"Astrolabe"}],"items_purged_floors":[],"is_endless":false,"potions_floor_spawned":[7,10,12,18,20],"killed_by":"Sentry and Sphere","ascension_level":20}