{"path_per_floor":["M","?","M","?","?","R","$","M","T","R","M","M","R","M","R","B",null,"M","?","M","M","?","R","M","R","T","?","R","M","M","?","R"],"character_chosen":"THE_SILENT","items_purchased":[],"gold_per_floor":[99,99,99,99,99,99,24,24,24,24,24,24,24,24,24,24,24,24,24,0,0,0,0,0,0,0,0,0,0,0,0,0],"floor_reached":33,"campfire_rested":3,"playtime":2100,"current_hp_per_floor":[70,56,65,58,58,70,70,69,69,69,69,67,67,67,67,57,70,56,56,44,39,39,60,58,58,58,58,58,38,32,32,53],"items_purged":["Normality"],"gold":0,"score":265,"play_id":"4851d8a2-210b-471f-9a1d-2438676b4086","is_prod":false,"is_daily":false,"is_ascension_mode":false,"campfire_upgraded":5,"path_taken":["M","?","M","?","?","R","$","M","T","R","M","M","R","M","R","BOSS","M","?","M","?","?","R","M","R","T","?","R","M","?","?","R","BOSS"],"build_version":"2018-02-12-PROD1","purchased_purges":1,"victory":false,"master_deck":["Defend_G","Defend_G","Defend_G","Defend_G","Defend_G","Strike_G","Strike_G+1","Strike_G+1","Strike_G","Survivor+1","Neutralize+1","Distraction+1","Poisoned Stab","Slice+1","Quick Slash+1","Slice+1","Slice+1","Endless Agony+1","Quick Slash+1","Writhe","Decay","Slice","Dagger Spray"],"max_hp_per_floor":[70,70,70,70,70,70,70,70,70,70,70,70,70,70,70,70,70,70,70,70,70,70,70,70,70,70,70,70,70,70,70,70],"relics":["Ectoplasm","Happy Flower","Whetstone","White Beast Statue","Toxic Egg 2","Smiling Mask"],"card_choices":[{"not_picked":["Acrobatics","Sucker Punch"],"picked":"Distraction"},{"not_picked":["Flying Knee","Bane"],"picked":"Poisoned Stab"},{"not_picked":["Blur","Dash"],"picked":"Slice"},{"not_picked":["Well Laid Plans","Phantasmal Killer"],"picked":"Quick Slash"},{"not_picked":["Quick Slash","Acrobatics"],"picked":"Slice"},{"not_picked":["Prepared","Infinite Blades"],"picked":"Slice"},{"not_picked":["Dodge and Roll","Flying Knee"],"picked":"Endless Agony"},{"not_picked":["Sucker Punch","Infinite Blades"],"picked":"Quick Slash"},{"not_picked":["Deadly Poison","Wraith Form"],"picked":"Slice"},{"not_picked":["Deadly Poison","Deflect"],"picked":"Dagger Spray"}],"player_experience":137731,"potions_floor_usage":[3,14,16,20,21,21,24,29,30,33],"damage_taken":[{"damage":0,"enemies":"2 Louse","floor":1,"turns":4},{"damage":0,"enemies":"Cultist","floor":3,"turns":3},{"damage":1,"enemies":"Jaw Worm","floor":8,"turns":4},{"damage":0,"enemies":"Red Slaver","floor":11,"turns":3},{"damage":2,"enemies":"Large Slime","floor":12,"turns":7},{"damage":0,"enemies":"Lots of Slimes","floor":14,"turns":2},{"damage":14,"enemies":"Slime Boss","floor":16,"turns":12},{"damage":14,"enemies":"Spheric Guardian","floor":18,"turns":4},{"damage":12,"enemies":"2 Thieves","floor":20,"turns":4},{"damage":5,"enemies":"Chosen and Byrds","floor":21,"turns":6},{"damage":2,"enemies":"Cultist and Chosen","floor":24,"turns":5},{"damage":20,"enemies":"Centurion and Healer","floor":29,"turns":5},{"damage":18,"enemies":"Snecko","floor":30,"turns":5},{"damage":59,"enemies":"Champ","floor":33,"turns":10}],"event_choices":[{"event_name":"Shining Light","player_choice":"Entered Light","floor":2,"damage_taken":0},{"event_name":"Golden Wing","player_choice":"Card Removal","floor":4,"damage_taken":0},{"event_name":"Accursed Blacksmith","player_choice":"Rummage","floor":5,"damage_taken":0},{"event_name":"Duplicator","player_choice":"Ignored","floor":19,"damage_taken":0},{"event_name":"The Mausoleum","player_choice":"Yes","floor":22,"damage_taken":0},{"event_name":"Wheel of Change","player_choice":"Curse","floor":27,"damage_taken":0},{"event_name":"Vampires","player_choice":"Ignored","floor":31,"damage_taken":0}],"boss_relics":[{"not_picked":["Eternal Feather","Sozu"],"picked":"White Beast Statue"}],"potions_floor_spawned":[1,12,14,18,20,21,24,29,30],"seed_played":"-1584836171588116703","killed_by":"Champ","ascension_level":0,"is_trial":false}