{"gold_per_floor":[119,119,135,8,8,38,38,58,58,58,68,88,88,122,122,224,224,234,248,264,55,67,67,87,87,114,29,40,40,50,63,63,63],"floor_reached":33,"playtime":3733,"items_purged":["Strike_B"],"score":300,"play_id":"cd49b3e1-a413-4aa8-a80f-7f15422ad2f9","local_time":"20190413215705","is_ascension_mode":true,"campfire_choices":[{"data":"Zap","floor":7.0,"key":"SMITH"},{"data":"Recycle","floor":10.0,"key":"SMITH"},{"floor":13.0,"key":"REST"},{"data":"Go for the Eyes","floor":15.0,"key":"SMITH"},{"data":"Buffer","floor":23.0,"key":"SMITH"},{"data":"Darkness","floor":25.0,"key":"SMITH"},{"data":"Hologram","floor":29.0,"key":"SMITH"},{"floor":32.0,"key":"REST"}],"neow_cost":"NONE","seed_source_timestamp":0,"circlet_count":0,"master_deck":["Strike_B","Strike_B","Defend_B","Defend_B","Defend_B","Zap+1","Dualcast","Go for the Eyes+1","Recycle+1","Coolheaded","Gash","Static Discharge","Hologram","Leap","Darkness+1","Buffer+1","Hologram+1","Melter","Coolheaded","Blizzard","Chill","Conserve Battery+1","Coolheaded"],"special_seed":0,"relics":["Cracked Core","NeowsBlessing","Blue Candle","Centennial Puzzle","Cables","Sozu","HandDrill","Molten Egg 2"],"potions_floor_usage":[],"damage_taken":[{"damage":0.0,"enemies":"2 Louse","floor":1.0,"turns":1.0},{"damage":0.0,"enemies":"Small Slimes","floor":3.0,"turns":1.0},{"damage":0.0,"enemies":"Lagavulin","floor":6.0,"turns":1.0},{"damage":6.0,"enemies":"Jaw Worm","floor":8.0,"turns":2.0},{"damage":9.0,"enemies":"Exordium Wildlife","floor":11.0,"turns":2.0},{"damage":4.0,"enemies":"Large Slime","floor":12.0,"turns":6.0},{"damage":25.0,"enemies":"Gremlin Nob","floor":14.0,"turns":5.0},{"damage":2.0,"enemies":"The Guardian","floor":16.0,"turns":9.0},{"damage":0.0,"enemies":"Chosen","floor":18.0,"turns":6.0},{"damage":15.0,"enemies":"2 Thieves","floor":19.0,"turns":5.0},{"damage":0.0,"enemies":"Centurion and Healer","floor":20.0,"turns":7.0},{"damage":12.0,"enemies":"Sentry and Sphere","floor":22.0,"turns":3.0},{"damage":5.0,"enemies":"Snake Plant","floor":24.0,"turns":4.0},{"damage":0.0,"enemies":"Chosen and Byrds","floor":28.0,"turns":5.0},{"damage":3.0,"enemies":"Snecko","floor":30.0,"turns":7.0},{"damage":9.0,"enemies":"3 Cultists","floor":31.0,"turns":6.0},{"damage":80,"enemies":"Collector","floor":33,"turns":16}],"seed_played":"-1455368087195857492","potions_obtained":[{"floor":3.0,"key":"Ancient Potion"},{"floor":11.0,"key":"FairyPotion"},{"floor":12.0,"key":"FearPotion"}],"is_trial":false,"path_per_floor":["M","?","M","$","?","E","R","M","T","R","M","M","R","E","R","B",null,"M","M","M","$","M","R","M","R","T","?","M","R","M","M","R","B"],"character_chosen":"DEFECT","items_purchased":["Coolheaded","HandDrill"],"campfire_rested":2,"item_purchase_floors":[4,21],"current_hp_per_floor":[75,68,68,68,68,68,68,62,62,62,53,49,71,46,46,44,75,75,60,60,60,48,48,43,43,43,43,43,43,40,31,53,0],"gold":63,"neow_bonus":"THREE_ENEMY_KILL","is_prod":false,"is_daily":false,"chose_seed":false,"campfire_upgraded":6,"win_rate":0,"timestamp":1555160225,"path_taken":["M","?","M","$","?","E","R","M","T","R","M","M","R","E","R","BOSS","M","M","M","$","M","R","M","R","T","?","M","R","M","M","R","BOSS"],"build_version":"2019-01-23","purchased_purges":1,"victory":false,"max_hp_per_floor":[75,75,75,75,75,75,75,75,75,75,75,75,75,75,75,75,75,75,75,75,75,75,75,75,75,75,75,75,75,75,75,75,75],"card_choices":[{"not_picked":["Barrage","Redo"],"picked":"Go for the Eyes","floor":1.0},{"not_picked":["Fusion","Sunder"],"picked":"Recycle","floor":3.0},{"not_picked":["Storm","Compile Driver"],"picked":"Static Discharge","floor":6.0},{"not_picked":["Barrage","Heatsinks"],"picked":"Hologram","floor":8.0},{"not_picked":["Storm","Steam","Turbo"],"picked":"SKIP","floor":11.0},{"not_picked":["Barrage","Conserve Battery"],"picked":"Leap","floor":12.0},{"not_picked":["Redo","Recycle"],"picked":"Darkness","floor":14.0},{"not_picked":["Biased Cognition","Rainbow"],"picked":"Buffer","floor":16.0},{"not_picked":["Barrage","Turbo","Beam Cell"],"picked":"SKIP","floor":18.0},{"not_picked":["Rebound","Undo"],"picked":"Hologram","floor":19.0},{"not_picked":["Glacier","Scrape"],"picked":"Melter","floor":20.0},{"not_picked":["Genetic Algorithm+1","Ball Lightning"],"picked":"Coolheaded","floor":22.0},{"not_picked":["Compile Driver+1","Rebound"],"picked":"Blizzard","floor":24.0},{"not_picked":["Sweeping Beam+1","Cold Snap+1"],"picked":"Chill","floor":28.0},{"not_picked":["Stack","Tempest"],"picked":"Conserve Battery+1","floor":30.0},{"not_picked":["Cold Snap+1","Turbo+1"],"picked":"Coolheaded","floor":31.0}],"player_experience":263445,"relics_obtained":[{"floor":6.0,"key":"Blue Candle"},{"floor":9.0,"key":"Centennial Puzzle"},{"floor":14.0,"key":"Cables"}],"event_choices":[{"cards_removed":["Strike_B"],"damage_healed":0.0,"max_hp_gain":0.0,"max_hp_loss":0.0,"gold_gain":0.0,"event_name":"Golden Wing","player_choice":"Card Removal","floor":2.0,"gold_loss":0.0,"damage_taken":7.0},{"damage_healed":0.0,"max_hp_gain":0.0,"max_hp_loss":0.0,"gold_gain":0.0,"cards_transformed":["Defend_B"],"event_name":"Living Wall","player_choice":"Change","floor":5.0,"gold_loss":0.0,"damage_taken":0.0,"cards_obtained":["Gash"]},{"damage_healed":0.0,"max_hp_gain":0.0,"max_hp_loss":0.0,"gold_gain":0.0,"event_name":"Addict","player_choice":"Obtained Relic","floor":27.0,"gold_loss":85.0,"damage_taken":0.0,"relics_obtained":["Molten Egg 2"]}],"is_beta":false,"boss_relics":[{"not_picked":["Ectoplasm","Calling Bell"],"picked":"Sozu"}],"items_purged_floors":[4],"is_endless":false,"potions_floor_spawned":[3,11,12,19,20,28],"killed_by":"Collector","ascension_level":1}