{"gold_per_floor":[18,18,18,34,54,54,89,14,14,28,28,41,72,92,92,191,191,208,242,256,156,173,173],"floor_reached":23,"playtime":1487,"items_purged":["Strike_R","Strike_R"],"score":289,"play_id":"25d9494e-c9b7-4fae-954e-70ce2a587b33","local_time":"20190422215832","is_ascension_mode":true,"campfire_choices":[{"floor":11.0,"key":"REST"},{"floor":15.0,"key":"REST"}],"neow_cost":"NO_GOLD","seed_source_timestamp":26632722169400,"circlet_count":0,"master_deck":["Strike_R+1","Strike_R+1","Defend_R","Defend_R","Defend_R","Defend_R","Bash","Feed","True Grit","Infernal Blade","Entrench","Shrug It Off","Thunderclap","Flex+1","Combust","Double Tap+1","Power Through+1","Immolate","Headbutt","Intimidate+1","Iron Wave","True Grit+1"],"special_seed":0,"relics":["Burning Blood","Pocketwatch","Toxic Egg 2","Whetstone","Eternal Feather","Red Mask"],"potions_floor_usage":[23],"damage_taken":[{"damage":6.0,"enemies":"Cultist","floor":1.0,"turns":3.0},{"damage":16.0,"enemies":"Jaw Worm","floor":4.0,"turns":4.0},{"damage":2.0,"enemies":"2 Louse","floor":5.0,"turns":2.0},{"damage":52.0,"enemies":"Gremlin Nob","floor":7.0,"turns":5.0},{"damage":22.0,"enemies":"2 Fungi Beasts","floor":10.0,"turns":4.0},{"damage":9.0,"enemies":"Red Slaver","floor":12.0,"turns":2.0},{"damage":29.0,"enemies":"Lagavulin","floor":13.0,"turns":6.0},{"damage":6.0,"enemies":"3 Louse","floor":14.0,"turns":2.0},{"damage":35.0,"enemies":"Slime Boss","floor":16.0,"turns":7.0},{"damage":16.0,"enemies":"Chosen","floor":18.0,"turns":5.0},{"damage":12.0,"enemies":"Masked Bandits","floor":19.0,"turns":2.0},{"damage":12.0,"enemies":"Spheric Guardian","floor":20.0,"turns":4.0},{"damage":35,"enemies":"Snecko","floor":22,"turns":6},{"damage":59,"enemies":"Book of Stabbing","floor":23,"turns":5}],"seed_played":"5157143701037160170","potions_obtained":[{"floor":1.0,"key":"Energy Potion"},{"floor":4.0,"key":"BloodPotion"},{"floor":13.0,"key":"SpeedPotion"},{"floor":14.0,"key":"Energy Potion"},{"floor":19.0,"key":"SkillPotion"},{"floor":20.0,"key":"FairyPotion"}],"is_trial":false,"path_per_floor":["M","$","?","M","M","?","E","$","T","M","R","M","E","M","R","B",null,"M","?","M","$","M","E"],"character_chosen":"IRONCLAD","items_purchased":[],"campfire_rested":2,"item_purchase_floors":[],"current_hp_per_floor":[75,75,75,68,72,72,37,37,37,21,47,47,27,30,59,30,81,74,71,65,65,39,0],"gold":173,"neow_bonus":"THREE_RARE_CARDS","is_prod":false,"is_daily":false,"chose_seed":false,"campfire_upgraded":0,"win_rate":0,"timestamp":1555937912,"path_taken":["M","$","?","M","M","?","E","$","T","M","R","M","E","?","R","BOSS","M","?","M","$","M","E"],"build_version":"2019-01-23","purchased_purges":2,"victory":false,"max_hp_per_floor":[83,83,83,86,86,86,89,89,89,89,89,92,95,98,98,98,98,101,104,104,104,107,107],"card_choices":[{"not_picked":["Juggernaut","Double Tap"],"picked":"Feed","floor":0.0},{"not_picked":["Pummel","Rampage"],"picked":"True Grit","floor":1.0},{"not_picked":["Clothesline","Heavy Blade"],"picked":"Infernal Blade","floor":4.0},{"not_picked":["Heavy Blade","Hemokinesis"],"picked":"Entrench","floor":5.0},{"not_picked":["Warcry","Pommel Strike"],"picked":"Thunderclap","floor":7.0},{"not_picked":["Cleave","Warcry+1"],"picked":"Flex+1","floor":10.0},{"not_picked":["Blood for Blood","Clothesline"],"picked":"Combust","floor":12.0},{"not_picked":["Clash","Twin Strike"],"picked":"Double Tap+1","floor":13.0},{"not_picked":["Cleave","Combust"],"picked":"Power Through+1","floor":14.0},{"not_picked":["Reaper","Feed"],"picked":"Immolate","floor":16.0},{"not_picked":["Thunderclap+1","Warcry+1"],"picked":"Headbutt","floor":18.0},{"not_picked":["Clash","Rage+1"],"picked":"Intimidate+1","floor":19.0},{"not_picked":["Twin Strike","Whirlwind"],"picked":"Iron Wave","floor":20.0},{"not_picked":["Iron Wave+1","Flame Barrier+1"],"picked":"True Grit+1","floor":22}],"player_experience":346010,"relics_obtained":[{"floor":7.0,"key":"Pocketwatch"},{"floor":9.0,"key":"Toxic Egg 2"},{"floor":13.0,"key":"Whetstone"},{"floor":19.0,"key":"Red Mask"}],"event_choices":[{"damage_healed":0.0,"max_hp_gain":0.0,"max_hp_loss":0.0,"gold_gain":0.0,"event_name":"Shining Light","player_choice":"Ignored","floor":3.0,"gold_loss":0.0,"damage_taken":0.0},{"damage_healed":0.0,"max_hp_gain":0.0,"max_hp_loss":0.0,"gold_gain":0.0,"cards_transformed":["Strike_R"],"event_name":"Living Wall","player_choice":"Change","floor":6.0,"gold_loss":0.0,"damage_taken":0.0,"cards_obtained":["Shrug It Off"]},{"damage_healed":0.0,"max_hp_gain":0.0,"max_hp_loss":0.0,"gold_gain":0.0,"event_name":"Masked Bandits","player_choice":"Fought Bandits","floor":19.0,"gold_loss":0.0,"damage_taken":0.0}],"is_beta":false,"boss_relics":[{"not_picked":["Coffee Dripper","White Beast Statue"],"picked":"Eternal Feather"}],"items_purged_floors":[8,21],"is_endless":false,"potions_floor_spawned":[1,4,13,14,19,20,22],"killed_by":"Book of Stabbing","ascension_level":6}