{"path_per_floor":["M","M","?","M","?","R","M","R","T","E","M","?","M","M","R"],"character_chosen":"DEFECT","items_purchased":[],"gold_per_floor":[115,131,131,143,143,143,160,160,185,215,225,288,305,322,322,322],"floor_reached":16,"campfire_rested":0,"playtime":850,"item_purchase_floors":[],"current_hp_per_floor":[63,59,59,58,58,58,39,39,39,29,28,23,13,11,11,0],"items_purged":[],"gold":322,"score":140,"play_id":"bb558622-66b3-4c1f-8786-199aa9153c6c","local_time":"20180521180504","is_prod":false,"is_daily":false,"chose_seed":false,"is_ascension_mode":true,"campfire_upgraded":3,"timestamp":1526897104,"campfire_choices":[{"data":"Zap","floor":6,"key":"SMITH"},{"data":"White Noise","floor":8,"key":"SMITH"},{"data":"Consume","floor":15,"key":"SMITH"}],"path_taken":["M","M","?","M","?","R","M","R","T","E","M","?","M","M","R","BOSS"],"build_version":"2018-05-18","seed_source_timestamp":870218344049000,"purchased_purges":0,"victory":false,"master_deck":["Strike_B","Strike_B","Strike_B","Defend_B","Defend_B","Defend_B","Defend_B","Zap+1","Dualcast","Blizzard","White Noise+1","Consume+1","Hologram","Cold Snap","Glacier"],"max_hp_per_floor":[68,68,68,68,68,68,68,68,68,68,68,68,68,68,68,68],"relics":["Cracked Core","Ice Cream","Dream Catcher","Blood Vial","Juzu Bracelet"],"card_choices":[{"not_picked":["Beam Cell","Hello World"],"picked":"Blizzard","floor":1},{"not_picked":["Coolheaded","Steam"],"picked":"White Noise","floor":2},{"not_picked":["Leap","Rebound"],"picked":"Consume","floor":4},{"not_picked":["Conserve Battery","Stack"],"picked":"Hologram","floor":7},{"not_picked":["Force Field","Turbo"],"picked":"Cold Snap","floor":10},{"not_picked":["Scrape","Darkness"],"picked":"Glacier","floor":11},{"not_picked":["Aggregate","Genetic Algorithm","Sweeping Beam"],"picked":"SKIP","floor":13},{"not_picked":["Stack","Turbo","Rebound"],"picked":"SKIP","floor":14}],"player_experience":393955,"potions_floor_usage":[12,12,14],"damage_taken":[{"damage":5,"enemies":"Small Slimes","floor":1,"turns":3},{"damage":4,"enemies":"Jaw Worm","floor":2,"turns":4},{"damage":1,"enemies":"Cultist","floor":4,"turns":4},{"damage":19,"enemies":"Large Slime","floor":7,"turns":7},{"damage":10,"enemies":"Lagavulin","floor":10,"turns":7},{"damage":3,"enemies":"Blue Slaver","floor":11,"turns":4},{"damage":7,"enemies":"Gremlin Nob","floor":12,"turns":3},{"damage":12,"enemies":"Lots of Slimes","floor":13,"turns":5},{"damage":4,"enemies":"Looter","floor":14,"turns":3},{"damage":27,"enemies":"Slime Boss","floor":16,"turns":8}],"relics_obtained":[{"floor":9,"key":"Dream Catcher"},{"floor":10,"key":"Blood Vial"},{"floor":12,"key":"Juzu Bracelet"}],"event_choices":[{"event_name":"Living Wall","player_choice":"Forget","floor":3,"damage_taken":0},{"event_name":"Liars Game","player_choice":"disagreed","floor":5,"damage_taken":0},{"event_name":"Dead Adventurer","player_choice":"Searched \u00273\u0027 times","floor":12,"damage_taken":0}],"boss_relics":[],"items_purged_floors":[],"potions_floor_spawned":[2,4,11,12,13],"seed_played":"6938492678271186227","killed_by":"Slime Boss","ascension_level":7,"potions_obtained":[{"floor":2,"key":"AttackPotion"},{"floor":4,"key":"Strength Potion"},{"floor":11,"key":"Explosive Potion"},{"floor":12,"key":"SteroidPotion"},{"floor":13,"key":"Poison Potion"}],"is_trial":false}