{"gold_per_floor":[118,118,193,173,190,221,233,262,315,325,340,340],"floor_reached":12,"playtime":447,"items_purged":[],"score":230,"play_id":"4a804673-e6d3-432e-9f2c-1814a7ff86a9","local_time":"20190208211308","is_ascension_mode":true,"campfire_choices":[],"neow_cost":"NONE","seed_source_timestamp":27087777058941,"circlet_count":0,"master_deck":["AscendersBane","Strike_B","Strike_B","Strike_B","Strike_B","Defend_B","Defend_B","Defend_B","Defend_B","Zap","Dualcast","Ball Lightning","Genetic Algorithm","Heatsinks","Electrodynamics","Leap"],"relics":["Cracked Core","NeowsBlessing","Mummified Hand","Happy Flower","Orichalcum"],"potions_floor_usage":[8,11,12],"damage_taken":[{"damage":0,"enemies":"Small Slimes","floor":1,"turns":1},{"damage":0,"enemies":"2 Louse","floor":5,"turns":1},{"damage":0,"enemies":"Lagavulin","floor":6,"turns":1},{"damage":1,"enemies":"Cultist","floor":7,"turns":3},{"damage":47,"enemies":"3 Sentries","floor":8,"turns":9},{"damage":0,"enemies":"3 Louse","floor":10,"turns":1},{"damage":0,"enemies":"Red Slaver","floor":11,"turns":3},{"damage":5,"enemies":"Gremlin Gang","floor":12,"turns":2}],"seed_played":"4366293603817661762","potions_obtained":[{"floor":4,"key":"Swift Potion"},{"floor":5,"key":"Weak Potion"},{"floor":6,"key":"Block Potion"},{"floor":8,"key":"Swift Potion"}],"is_trial":false,"path_per_floor":["M","?","?","?","M","E","M","E","T","M","M","M"],"character_chosen":"DEFECT","items_purchased":[],"campfire_rested":0,"item_purchase_floors":[],"current_hp_per_floor":[64,64,53,53,53,53,52,5,5,5,5,0],"gold":340,"neow_bonus":"THREE_ENEMY_KILL","is_prod":false,"is_daily":false,"chose_seed":false,"campfire_upgraded":0,"win_rate":0,"timestamp":1549631588,"path_taken":["M","?","?","?","?","E","M","E","T","M","M","M"],"build_version":"2019-02-06","purchased_purges":0,"victory":false,"max_hp_per_floor":[71,71,71,71,71,71,71,71,71,71,71,71],"card_choices":[{"not_picked":["Gash","Redo"],"picked":"Ball Lightning","floor":1},{"not_picked":["Ball Lightning","Chaos"],"picked":"Genetic Algorithm","floor":5},{"not_picked":["Cold Snap","Barrage"],"picked":"Heatsinks","floor":6},{"not_picked":["Stack","Coolheaded","Turbo"],"picked":"SKIP","floor":7},{"not_picked":["Blizzard","Conserve Battery"],"picked":"Electrodynamics","floor":8},{"not_picked":["Barrage","Gash","Melter"],"picked":"SKIP","floor":10},{"not_picked":["Compile Driver","Undo"],"picked":"Leap","floor":11}],"player_experience":735654,"relics_obtained":[{"floor":6,"key":"Mummified Hand"},{"floor":8,"key":"Happy Flower"},{"floor":9,"key":"Orichalcum"}],"event_choices":[{"damage_healed":0,"gold_gain":0,"player_choice":"Ignored","damage_taken":0,"max_hp_gain":0,"max_hp_loss":0,"event_name":"Liars Game","floor":2,"gold_loss":0},{"damage_healed":0,"gold_gain":75,"player_choice":"Gather Gold","damage_taken":11,"max_hp_gain":0,"max_hp_loss":0,"event_name":"World of Goop","floor":3,"gold_loss":0},{"damage_healed":0,"gold_gain":0,"player_choice":"Bought 1 Potion","damage_taken":0,"max_hp_gain":0,"max_hp_loss":0,"event_name":"The Woman in Blue","floor":4,"gold_loss":0}],"is_beta":true,"boss_relics":[],"items_purged_floors":[],"is_endless":false,"potions_floor_spawned":[5,6,8],"killed_by":"Gremlin Gang","ascension_level":20}