{"gold_per_floor":[14,26,39,39,39,70,87,87,112,142,154,154,154,194,194,320,320,335,434,434,408,19,19,58,58,111,142,156,156,174,205,205,325,325,346,364,364,364,377,377,412,412,412,445,195,230,251,270,270,270],"floor_reached":51,"playtime":1758,"items_purged":["Strike_R","Defend_R"],"score":1529,"play_id":"fb97b1be-f758-4cef-bdc2-848f46cd760e","local_time":"20190203180803","is_ascension_mode":true,"campfire_choices":[{"data":"Rampage","floor":8,"key":"SMITH"},{"floor":12,"key":"REST"},{"data":"Barricade","floor":15,"key":"SMITH"},{"data":"Apotheosis","floor":23,"key":"SMITH"},{"data":"Entrench","floor":25,"key":"SMITH"},{"floor":29,"key":"REST"},{"data":"Offering","floor":32,"key":"SMITH"},{"floor":40,"key":"REST"},{"data":"Entrench","floor":42,"key":"SMITH"},{"data":"Body Slam","floor":49,"key":"SMITH"}],"neow_cost":"NO_GOLD","seed_source_timestamp":118752652038300,"circlet_count":0,"master_deck":["AscendersBane","Strike_R","Strike_R","Defend_R","Defend_R","Defend_R","Bash","Inflame+1","Flame Barrier","Rampage+1","Barricade+1","Evolve","Body Slam+1","Offering+1","Entrench+1","Body Slam","Apotheosis+1","Entrench+1","Rage","Feed","Clumsy"],"relics":["Burning Blood","Pocketwatch","Strawberry","Bag of Marbles","Bag of Preparation","Golden Idol","Dream Catcher","Cursed Key","Blood Vial","Ancient Tea Set","Centennial Puzzle","Bottled Tornado","Bottled Lightning","Empty Cage","Potion Belt","Prayer Wheel","Oddly Smooth Stone","Mercury Hourglass"],"potions_floor_usage":[16,21,31,41,44,50,50,50,50],"damage_taken":[{"damage":8,"enemies":"Small Slimes","floor":1,"turns":4},{"damage":8,"enemies":"Jaw Worm","floor":2,"turns":4},{"damage":1,"enemies":"2 Louse","floor":3,"turns":4},{"damage":32,"enemies":"Gremlin Nob","floor":6,"turns":4},{"damage":24,"enemies":"Lots of Slimes","floor":7,"turns":5},{"damage":25,"enemies":"3 Sentries","floor":10,"turns":6},{"damage":1,"enemies":"Looter","floor":11,"turns":4},{"damage":16,"enemies":"Lagavulin","floor":14,"turns":7},{"damage":33,"enemies":"Slime Boss","floor":16,"turns":8},{"damage":8,"enemies":"3 Byrds","floor":18,"turns":4},{"damage":20,"enemies":"2 Thieves","floor":21,"turns":5},{"damage":13,"enemies":"Gremlin Leader","floor":24,"turns":6},{"damage":27,"enemies":"Book of Stabbing","floor":27,"turns":5},{"damage":6,"enemies":"Chosen and Byrds","floor":28,"turns":4},{"damage":8,"enemies":"Cultist and Chosen","floor":30,"turns":3},{"damage":12,"enemies":"Gremlin Leader","floor":31,"turns":6},{"damage":6,"enemies":"Automaton","floor":33,"turns":4},{"damage":19,"enemies":"3 Darklings","floor":35,"turns":4},{"damage":9,"enemies":"Orb Walker","floor":36,"turns":3},{"damage":6,"enemies":"Spire Growth","floor":39,"turns":3},{"damage":6,"enemies":"Reptomancer","floor":41,"turns":6},{"damage":47,"enemies":"Nemesis","floor":44,"turns":7},{"damage":6,"enemies":"Giant Head","floor":46,"turns":4},{"damage":19,"enemies":"Sphere and 2 Shapes","floor":47,"turns":4},{"damage":28,"enemies":"3 Darklings","floor":48,"turns":3},{"damage":6,"enemies":"Donu and Deca","floor":50,"turns":4}],"seed_played":"7003491736145262475","potions_obtained":[{"floor":3,"key":"Block Potion"},{"floor":6,"key":"Block Potion"},{"floor":18,"key":"SpeedPotion"},{"floor":21,"key":"Explosive Potion"},{"floor":31,"key":"Swift Potion"},{"floor":33,"key":"Energy Potion"},{"floor":44,"key":"Fruit Juice"}],"is_trial":false,"path_per_floor":["M","M","M","?","?","E","M","R","T","E","M","R","?","E","R","B",null,"M","?","?","M","$","R","E","R","T","E","M","R","M","E","R","B",null,"M","M","?","T","M","R","E","R","T","E","$","E","M","M","R","B",null],"character_chosen":"IRONCLAD","items_purchased":["Apotheosis","Blood Vial","Energy Potion","PowerPotion","Swift Potion"],"campfire_rested":3,"item_purchase_floors":[22,22,45,45,45],"current_hp_per_floor":[70,68,73,73,73,54,36,36,36,17,22,48,48,38,38,11,64,62,62,62,48,48,48,43,43,43,24,26,50,50,46,46,48,73,62,61,61,61,63,81,81,81,81,45,45,47,36,16,16,18],"gold":270,"neow_bonus":"ONE_RARE_RELIC","is_prod":false,"is_daily":false,"chose_seed":false,"campfire_upgraded":7,"win_rate":0,"timestamp":1549184883,"path_taken":["M","M","M","?","?","E","M","R","T","E","M","R","?","E","R","BOSS","M","?","?","?","?","R","E","R","T","E","M","R","M","E","R","BOSS","M","M","?","?","?","R","E","R","T","E","?","E","?","M","R","BOSS"],"build_version":"2019-01-23","purchased_purges":2,"victory":true,"max_hp_per_floor":[80,80,80,80,80,87,87,87,87,87,87,87,81,81,81,81,81,81,81,81,81,81,81,81,81,81,81,81,81,81,81,81,81,81,81,81,81,81,81,81,81,81,81,86,86,86,86,86,86,86],"card_choices":[{"not_picked":["Armaments","Headbutt"],"picked":"Inflame","floor":1},{"not_picked":["Clothesline","Clash"],"picked":"Flame Barrier","floor":2},{"not_picked":["Clash","Reckless Charge","Corruption"],"picked":"SKIP","floor":3},{"not_picked":["Armaments","Anger"],"picked":"Rampage","floor":6},{"not_picked":["Flex","Thunderclap","Twin Strike"],"picked":"SKIP","floor":7},{"not_picked":["Rage","Iron Wave"],"picked":"Barricade","floor":10},{"not_picked":["Fire Breathing","Shrug It Off"],"picked":"Evolve","floor":11},{"not_picked":["Cleave","Infernal Blade"],"picked":"Body Slam","floor":14},{"not_picked":["Juggernaut","Fiend Fire"],"picked":"Offering","floor":16},{"not_picked":["Burning Pact","Anger"],"picked":"Entrench","floor":18},{"not_picked":["Anger","Wild Strike","Cleave"],"picked":"SKIP","floor":21},{"not_picked":["Havoc","Perfected Strike","Searing Blow"],"picked":"SKIP","floor":24},{"not_picked":["Whirlwind","Berserk"],"picked":"Entrench","floor":27},{"not_picked":["Pommel Strike+1","Clothesline","Warcry+1"],"picked":"SKIP","floor":28},{"not_picked":["Twin Strike+1","Perfected Strike"],"picked":"Rage","floor":29},{"not_picked":["Clothesline","Dropkick","Combust"],"picked":"SKIP","floor":30},{"not_picked":["Armaments+1","Rupture","Inflame+1"],"picked":"SKIP","floor":31},{"not_picked":["Havoc+1","Heavy Blade","Armaments"],"picked":"SKIP","floor":35},{"not_picked":["Dropkick+1","Cleave+1","Warcry"],"picked":"SKIP","floor":36},{"not_picked":["Warcry","Pommel Strike","True Grit+1"],"picked":"SKIP","floor":39},{"not_picked":["Warcry","Pommel Strike","True Grit+1"],"picked":"SKIP","floor":39},{"not_picked":["Pummel+1","Perfected Strike"],"picked":"Feed","floor":40},{"not_picked":["Havoc+1","Iron Wave","Sword Boomerang+1"],"picked":"SKIP","floor":41},{"not_picked":["Twin Strike","Blood for Blood","Sever Soul"],"picked":"SKIP","floor":44},{"not_picked":["Headbutt","Flex","Double Tap"],"picked":"SKIP","floor":46},{"not_picked":["Rupture","Headbutt","Burning Pact+1"],"picked":"SKIP","floor":47},{"not_picked":["Wild Strike+1","Pommel Strike","Second Wind+1"],"picked":"SKIP","floor":47},{"not_picked":["Pommel Strike+1","Twin Strike","Cleave+1"],"picked":"SKIP","floor":48},{"not_picked":["True Grit","Sever Soul+1","Warcry+1"],"picked":"SKIP","floor":48}],"player_experience":30602,"relics_obtained":[{"floor":6,"key":"Strawberry"},{"floor":9,"key":"Bag of Marbles"},{"floor":10,"key":"Bag of Preparation"},{"floor":14,"key":"Dream Catcher"},{"floor":24,"key":"Ancient Tea Set"},{"floor":26,"key":"Centennial Puzzle"},{"floor":27,"key":"Bottled Tornado"},{"floor":31,"key":"Bottled Lightning"},{"floor":41,"key":"Potion Belt"},{"floor":43,"key":"Prayer Wheel"},{"floor":44,"key":"Oddly Smooth Stone"},{"floor":46,"key":"Mercury Hourglass"}],"event_choices":[{"damage_healed":0,"gold_gain":0,"player_choice":"Leave","damage_taken":0,"max_hp_gain":0,"max_hp_loss":0,"event_name":"The Cleric","floor":4,"gold_loss":0},{"damage_healed":0,"gold_gain":0,"player_choice":"Grow","damage_taken":0,"max_hp_gain":0,"max_hp_loss":0,"event_name":"Living Wall","floor":5,"gold_loss":0,"cards_upgraded":["Inflame"]},{"damage_healed":0,"gold_gain":0,"player_choice":"Lose Max HP","damage_taken":0,"relics_obtained":["Golden Idol"],"max_hp_gain":0,"max_hp_loss":6,"event_name":"Golden Idol","floor":13,"gold_loss":0},{"damage_healed":0,"gold_gain":99,"player_choice":"Stole From Cult","damage_taken":0,"max_hp_gain":0,"max_hp_loss":0,"event_name":"Nest","floor":19,"gold_loss":0},{"damage_healed":0,"gold_gain":0,"cards_transformed":["Strike_R"],"player_choice":"Transformed","damage_taken":0,"max_hp_gain":0,"max_hp_loss":0,"event_name":"Transmorgrifier","floor":20,"gold_loss":0,"cards_obtained":["Body Slam"]},{"damage_healed":0,"gold_gain":0,"player_choice":"Ignored","damage_taken":0,"max_hp_gain":0,"max_hp_loss":0,"event_name":"Tomb of Lord Red Mask","floor":37,"gold_loss":0}],"is_beta":false,"boss_relics":[{"not_picked":["Runic Pyramid","Lizard Tail"],"picked":"Cursed Key"},{"not_picked":["Mark of Pain","Runic Dome"],"picked":"Empty Cage"}],"items_purged_floors":[22,45],"is_endless":false,"potions_floor_spawned":[3,6,7,14,18,21,31,33,35,39,44,47,48],"ascension_level":11}