{"gold_per_floor":[116,116,116,116,62,62,81,95,141,160,160,173,173,203,203,203],"floor_reached":16,"playtime":627,"items_purged":[],"score":250,"play_id":"f770df29-8a08-4dbe-90f3-64ef20abdf27","local_time":"20190415195929","daily_mods":["Insanity","Diverse","Heirloom","DeadlyEvents"],"is_ascension_mode":true,"campfire_choices":[{"floor":6,"key":"REST"},{"data":"Corruption","floor":11,"key":"SMITH"},{"data":"Whirlwind","floor":13,"key":"SMITH"},{"floor":15,"key":"REST"}],"neow_cost":"","seed_source_timestamp":288974309173000,"circlet_count":0,"master_deck":["AscendersBane","Underhanded Strike","Deflect","Prepared","Dodge and Roll","Undo","Go for the Eyes","Cold Snap","Blade Dance","Finisher","Perfected Strike","Dagger Throw","Dagger Spray","Glacier","Reckless Charge","Whirlwind+1","Flex","Conserve Battery","Sweeping Beam","Perfected Strike","Hologram","Headbutt","Flying Knee","Streamline","Havoc","Redo","Undo","Stack","Dodge and Roll","Aggregate","Corruption+1","Fire Breathing","Tempest","Acrobatics","Compile Driver","Redo","Compile Driver","Bloodletting","Slice","Genetic Algorithm","Heavy Blade","Self Repair","Reprogram","Shrug It Off","Clash","Warcry","Headbutt","Sweeping Beam","Iron Wave","Stack","Noxious Fumes","Footwork","Double Energy"],"relics":["Burning Blood","Bird Faced Urn","Art of War","Red Skull"],"potions_floor_usage":[],"damage_taken":[{"damage":32,"enemies":"Jaw Worm","floor":1,"turns":7},{"damage":7,"enemies":"Small Slimes","floor":7,"turns":4},{"damage":0,"enemies":"Cultist","floor":8,"turns":3},{"damage":16,"enemies":"Lots of Slimes","floor":10,"turns":4},{"damage":9,"enemies":"3 Louse","floor":12,"turns":4},{"damage":28,"enemies":"Lagavulin","floor":14,"turns":9},{"damage":85,"enemies":"Hexaghost","floor":16,"turns":9}],"seed_played":"-6258666230587970424","potions_obtained":[{"floor":7,"key":"AttackPotion"}],"is_trial":true,"path_per_floor":["M","?","?","$","$","R","M","M","T","M","R","M","R","E","R","B"],"character_chosen":"IRONCLAD","items_purchased":["Fire Potion"],"campfire_rested":2,"item_purchase_floors":[5],"current_hp_per_floor":[46,28,28,28,28,50,51,57,57,51,51,57,57,50,72,0],"gold":203,"neow_bonus":"","is_prod":false,"is_daily":false,"chose_seed":false,"campfire_upgraded":2,"win_rate":0,"timestamp":1555325969,"path_taken":["M","?","?","?","$","R","M","?","T","M","R","M","R","E","R","BOSS"],"build_version":"2019-01-23","purchased_purges":0,"victory":false,"max_hp_per_floor":[75,75,75,75,75,75,75,75,75,75,75,75,75,75,75,75],"card_choices":[{"not_picked":["Intimidate","Havoc","Twin Strike"],"picked":"SKIP","floor":1},{"not_picked":["Streamline","Tactician","Twin Strike"],"picked":"SKIP","floor":7},{"not_picked":["Deflect","Wild Strike"],"picked":"Footwork","floor":8},{"not_picked":["Sucker Punch","Armaments","Sentinel"],"picked":"SKIP","floor":10},{"not_picked":["Sunder","Anger","Combust"],"picked":"SKIP","floor":12},{"not_picked":["Clothesline","Capacitor"],"picked":"Double Energy","floor":14}],"player_experience":3162168,"relics_obtained":[{"floor":14,"key":"Red Skull"}],"event_choices":[{"damage_healed":0,"gold_gain":0,"player_choice":"Success","damage_taken":18,"relics_obtained":["Art of War"],"max_hp_gain":0,"max_hp_loss":0,"event_name":"Scrap Ooze","floor":2,"gold_loss":0},{"damage_healed":0,"gold_gain":0,"player_choice":"Ignored","damage_taken":0,"max_hp_gain":0,"max_hp_loss":0,"event_name":"Shining Light","floor":3,"gold_loss":0}],"is_beta":false,"boss_relics":[],"items_purged_floors":[],"is_endless":false,"potions_floor_spawned":[7,8,14],"killed_by":"Hexaghost","ascension_level":20}