{"gold_per_floor":[119,194,204,204,216,250,26,53,53,53,66,80,100,118,118,196,496,506,506,506,556,140,140,155,155],"floor_reached":25,"playtime":901,"items_purged":["Doubt"],"score":451,"play_id":"bd44b5dc-0987-42fb-a0a3-42e1a10672ab","local_time":"20190226135047","is_ascension_mode":true,"campfire_choices":[{"floor":10,"key":"REST"},{"data":"Zap","floor":15,"key":"SMITH"},{"data":"Sunder","floor":23,"key":"SMITH"}],"neow_cost":"NONE","seed_source_timestamp":18478406243900,"circlet_count":0,"master_deck":["AscendersBane","Defend_B","Defend_B+1","Defend_B","Zap+1","Dualcast","Chill","Sunder+1","Turbo","Cold Snap","Glacier+1","Echo Form","Bite","Bite","Bite","Bite","Madness","Sunder+1","Master of Strategy"],"relics":["Cracked Core","NeowsBlessing","Smiling Mask","Omamori","Ornamental Fan","Dodecahedron","Calling Bell","Art of War","Meat on the Bone","Old Coin","War Paint"],"potions_floor_usage":[8,8,16,18,25],"damage_taken":[{"damage":0,"enemies":"2 Louse","floor":1,"turns":1},{"damage":0,"enemies":"Jaw Worm","floor":3,"turns":1},{"damage":0,"enemies":"Cultist","floor":5,"turns":1},{"damage":16,"enemies":"Lagavulin","floor":6,"turns":7},{"damage":25,"enemies":"Gremlin Nob","floor":8,"turns":4},{"damage":0,"enemies":"Lots of Slimes","floor":11,"turns":4},{"damage":0,"enemies":"2 Fungi Beasts","floor":12,"turns":2},{"damage":1,"enemies":"Blue Slaver","floor":13,"turns":3},{"damage":8,"enemies":"Large Slime","floor":14,"turns":6},{"damage":9,"enemies":"The Guardian","floor":16,"turns":15},{"damage":38,"enemies":"3 Byrds","floor":18,"turns":7},{"damage":18,"enemies":"2 Thieves","floor":24,"turns":3},{"damage":46,"enemies":"Gremlin Leader","floor":25,"turns":7}],"seed_played":"-4839196491914384318","potions_obtained":[{"floor":1,"key":"Strength Potion"},{"floor":3,"key":"EssenceOfSteel"},{"floor":8,"key":"Swift Potion"},{"floor":13,"key":"EssenceOfSteel"},{"floor":16,"key":"Swift Potion"},{"floor":24,"key":"Energy Potion"}],"is_trial":false,"path_per_floor":["M","?","M","?","M","E","$","E","T","R","M","M","M","M","R","B",null,"M","?","?","?","$","R","M","E"],"character_chosen":"DEFECT","items_purchased":["Omamori","Cold Snap","War Paint","Master of Strategy"],"campfire_rested":1,"item_purchase_floors":[7,7,22,22],"current_hp_per_floor":[64,53,53,53,53,37,37,12,12,33,33,33,32,24,24,15,57,31,31,31,27,27,27,25,0],"gold":155,"neow_bonus":"THREE_ENEMY_KILL","is_prod":false,"is_daily":false,"chose_seed":false,"campfire_upgraded":2,"win_rate":0,"timestamp":1551156647,"path_taken":["M","?","M","?","?","E","$","E","T","R","M","?","?","M","R","BOSS","M","?","?","?","$","R","M","E"],"build_version":"2019-01-23","purchased_purges":1,"victory":false,"max_hp_per_floor":[71,71,71,71,71,71,71,71,71,71,71,71,71,71,71,71,71,71,49,49,49,49,49,49,49],"card_choices":[{"not_picked":["Compile Driver","Gash"],"picked":"Chill","floor":1},{"not_picked":["Compile Driver","Hello World"],"picked":"Sunder","floor":3},{"not_picked":["Auto Shields","Steam"],"picked":"Turbo","floor":5},{"not_picked":["Darkness","Conserve Battery","Aggregate"],"picked":"SKIP","floor":6},{"not_picked":["Sweeping Beam","Stack"],"picked":"Glacier","floor":8},{"not_picked":["Undo","Rebound","Conserve Battery"],"picked":"SKIP","floor":11},{"not_picked":["Heatsinks","Go for the Eyes","Auto Shields"],"picked":"SKIP","floor":12},{"not_picked":["Go for the Eyes","Skim","Auto Shields"],"picked":"SKIP","floor":13},{"not_picked":["Go for the Eyes","Skim","Auto Shields"],"picked":"SKIP","floor":13},{"not_picked":["Ball Lightning","Reprogram","Stack"],"picked":"SKIP","floor":14},{"not_picked":["Meteor Strike","Fission"],"picked":"Echo Form","floor":16},{"not_picked":["Undo","Recycle","Leap"],"picked":"SKIP","floor":18},{"not_picked":["Lockon","Rip and Tear","Rebound"],"picked":"SKIP","floor":24}],"player_experience":1832630,"relics_obtained":[{"floor":6,"key":"Smiling Mask"},{"floor":8,"key":"Ornamental Fan"},{"floor":9,"key":"Dodecahedron"},{"floor":17,"key":"Art of War"},{"floor":17,"key":"Meat on the Bone"},{"floor":17,"key":"Old Coin"}],"event_choices":[{"damage_healed":0,"gold_gain":75,"player_choice":"Gather Gold","damage_taken":11,"max_hp_gain":0,"max_hp_loss":0,"event_name":"World of Goop","floor":2,"gold_loss":0},{"damage_healed":0,"gold_gain":0,"player_choice":"Upgraded","damage_taken":0,"max_hp_gain":0,"max_hp_loss":0,"event_name":"Upgrade Shrine","floor":4,"gold_loss":0,"cards_upgraded":["Sunder"]},{"damage_healed":0,"gold_gain":0,"player_choice":"Became a vampire","damage_taken":0,"max_hp_gain":0,"max_hp_loss":22,"event_name":"Vampires","floor":19,"gold_loss":0,"cards_obtained":["Bite","Bite","Bite","Bite","Bite"]},{"damage_healed":0,"gold_gain":0,"cards_transformed":["Bite","Defend_B"],"player_choice":"Became Test Subject","damage_taken":0,"max_hp_gain":0,"max_hp_loss":0,"event_name":"Drug Dealer","floor":20,"gold_loss":0,"cards_obtained":["Madness","Sunder"]},{"damage_healed":0,"gold_gain":50,"player_choice":"Touch","damage_taken":4,"max_hp_gain":0,"max_hp_loss":0,"event_name":"FaceTrader","floor":21,"gold_loss":0}],"is_beta":false,"boss_relics":[{"not_picked":["Sozu","Black Star"],"picked":"Calling Bell"}],"items_purged_floors":[22],"is_endless":false,"potions_floor_spawned":[1,3,6,8,13,16,24],"killed_by":"Gremlin Leader","ascension_level":20}