{"gold_per_floor":[112,123,123,48,48,48,76,86,111,144,156,167,167,196,196,275,275,289,214,214,228,241,241,241],"floor_reached":24,"playtime":929,"items_purged":[],"score":482,"play_id":"013f7562-5c2f-4565-906d-603941831764","local_time":"20190315122916","is_ascension_mode":true,"campfire_choices":[{"floor":6,"key":"REST"},{"data":"Combust","floor":15,"key":"SMITH"},{"data":"Barricade","floor":23,"key":"SMITH"}],"neow_cost":"NONE","seed_source_timestamp":94452241396700,"circlet_count":0,"master_deck":["AscendersBane","Strike_R","Strike_R","Strike_R","Defend_R","Defend_R","Defend_R","Defend_R","Bash+1","Battle Trance","True Grit+1","Feel No Pain","Shockwave","Inflame","Combust+1","Feel No Pain","Barricade+1","True Grit+1","Ghostly","Ghostly","Ghostly","Body Slam"],"relics":["Burning Blood","NeowsBlessing","Dream Catcher","Paper Frog","Vajra","Question Card","Juzu Bracelet","Coffee Dripper"],"potions_floor_usage":[11,12,16,24],"damage_taken":[{"damage":0,"enemies":"Jaw Worm","floor":1,"turns":1},{"damage":0,"enemies":"Small Slimes","floor":2,"turns":1},{"damage":0,"enemies":"Gremlin Nob","floor":7,"turns":1},{"damage":0,"enemies":"Cultist","floor":8,"turns":4},{"damage":28,"enemies":"Lagavulin","floor":10,"turns":8},{"damage":4,"enemies":"Blue Slaver","floor":11,"turns":7},{"damage":13,"enemies":"Exordium Thugs","floor":12,"turns":9},{"damage":33,"enemies":"3 Sentries","floor":14,"turns":10},{"damage":33,"enemies":"Slime Boss","floor":16,"turns":14},{"damage":7,"enemies":"3 Byrds","floor":18,"turns":4},{"damage":1,"enemies":"Chosen","floor":21,"turns":12},{"damage":4,"enemies":"Sentry and Sphere","floor":22,"turns":8},{"damage":5,"enemies":"Gremlin Leader","floor":24,"turns":4}],"seed_played":"-248131901182044320","potions_obtained":[{"floor":7,"key":"Ancient Potion"},{"floor":8,"key":"Regen Potion"},{"floor":11,"key":"Swift Potion"},{"floor":12,"key":"Fruit Juice"},{"floor":21,"key":"Fire Potion"}],"is_trial":false,"path_per_floor":["M","M","?","?","?","R","E","M","T","E","M","M","?","E","R","B",null,"M","?","?","M","M","R","E"],"character_chosen":"IRONCLAD","items_purchased":[],"campfire_rested":1,"item_purchase_floors":[],"current_hp_per_floor":[74,75,52,52,34,56,62,68,68,46,63,61,61,34,34,7,62,61,61,40,40,40,40,35],"gold":241,"neow_bonus":"THREE_ENEMY_KILL","is_prod":false,"is_daily":false,"chose_seed":false,"campfire_upgraded":2,"win_rate":0,"timestamp":1552620556,"path_taken":["M","M","?","?","?","R","E","M","T","E","M","M","?","E","R","BOSS","M","?","?","M","M","R","E"],"build_version":"2019-01-23","purchased_purges":0,"victory":false,"max_hp_per_floor":[75,75,75,75,75,75,75,75,75,75,75,80,80,80,80,80,80,80,80,40,40,40,40,40],"card_choices":[{"not_picked":["True Grit","Reckless Charge"],"picked":"Battle Trance","floor":1},{"not_picked":["Twin Strike","Flex"],"picked":"True Grit","floor":2},{"not_picked":["Cleave","Hemokinesis"],"picked":"Feel No Pain","floor":7},{"not_picked":["Armaments","Twin Strike"],"picked":"Shockwave","floor":8},{"not_picked":["Clash","Blood for Blood"],"picked":"Inflame","floor":10},{"not_picked":["Metallicize","Perfected Strike"],"picked":"Combust","floor":11},{"not_picked":["Combust","Twin Strike","Brutality"],"picked":"SKIP","floor":12},{"not_picked":["Sword Boomerang","Warcry","Juggernaut"],"picked":"Feel No Pain","floor":14},{"not_picked":["Exhume","Bludgeon","Double Tap"],"picked":"Barricade","floor":16},{"not_picked":["Flex","Heavy Blade","Iron Wave"],"picked":"True Grit+1","floor":18},{"not_picked":["Havoc+1","Uppercut","Spot Weakness"],"picked":"Body Slam","floor":21},{"not_picked":["Combust","Searing Blow","Inflame","Shockwave"],"picked":"SKIP","floor":22}],"player_experience":2279715,"relics_obtained":[{"floor":7,"key":"Paper Frog"},{"floor":10,"key":"Vajra"},{"floor":13,"key":"Question Card"},{"floor":14,"key":"Juzu Bracelet"}],"event_choices":[{"damage_healed":0,"gold_gain":0,"player_choice":"Entered Light","damage_taken":23,"max_hp_gain":0,"max_hp_loss":0,"event_name":"Shining Light","floor":3,"gold_loss":0,"cards_upgraded":["True Grit","Bash"]},{"cards_removed":["Strike_R"],"damage_healed":0,"gold_gain":0,"player_choice":"Card Removal","damage_taken":0,"max_hp_gain":0,"max_hp_loss":0,"event_name":"The Cleric","floor":4,"gold_loss":75},{"damage_healed":0,"gold_gain":0,"player_choice":"Success","damage_taken":18,"relics_obtained":["Dream Catcher"],"max_hp_gain":0,"max_hp_loss":0,"event_name":"Scrap Ooze","floor":5,"gold_loss":0},{"damage_healed":0,"gold_gain":0,"player_choice":"Relic","damage_taken":0,"max_hp_gain":0,"max_hp_loss":0,"event_name":"Wheel of Change","floor":13,"gold_loss":0},{"cards_removed":["Strike_R"],"damage_healed":0,"gold_gain":0,"player_choice":"Gave Gold","damage_taken":0,"max_hp_gain":0,"max_hp_loss":0,"event_name":"Beggar","floor":19,"gold_loss":75},{"damage_healed":0,"gold_gain":0,"player_choice":"Became a Ghost","damage_taken":0,"max_hp_gain":0,"max_hp_loss":40,"event_name":"Ghosts","floor":20,"gold_loss":0,"cards_obtained":["Ghostly","Ghostly","Ghostly"]}],"is_beta":false,"boss_relics":[{"not_picked":["Runic Cube","White Beast Statue"],"picked":"Coffee Dripper"}],"items_purged_floors":[],"is_endless":false,"potions_floor_spawned":[7,8,11,12,21],"killed_by":"Gremlin Leader","ascension_level":20}