{"gold_per_floor":[218,218,233,249,263,296,296,312,312,327,342,342,342,357,357,458,458,474,474,400,414,432,432,467,566,566,258,258,277,295,309,309,309],"floor_reached":33,"playtime":2448,"items_purged":[],"score":273,"play_id":"41c6d1d1-55c2-4280-ad22-5cd3312a421f","local_time":"20190113170651","is_ascension_mode":false,"campfire_choices":[{"floor":7,"key":"REST"},{"floor":12,"key":"REST"},{"data":"Loop","floor":15,"key":"SMITH"},{"floor":23,"key":"REST"},{"floor":28,"key":"REST"},{"floor":32,"key":"REST"}],"neow_cost":"NONE","seed_source_timestamp":94609493053800,"circlet_count":0,"master_deck":["Strike_B","Strike_B","Strike_B","Strike_B","Defend_B","Defend_B","Defend_B","Zap","Dualcast","Cold Snap+1","Loop+1","Hello World","Cold Snap","Ball Lightning","Cold Snap+1","Redo","Self Repair","Steam","Chill","Biased Cognition","Self Repair","Chaos+1","Blizzard+1","Capacitor","Chrysalis","Chaos","Fission"],"relics":["Cracked Core","Omamori","Mercury Hourglass","Nuclear Battery","Whetstone"],"potions_floor_usage":[4,11,16,24,24,29,33],"damage_taken":[{"damage":10,"enemies":"Small Slimes","floor":1,"turns":3},{"damage":0,"enemies":"Cultist","floor":3,"turns":3},{"damage":5,"enemies":"Jaw Worm","floor":4,"turns":4},{"damage":5,"enemies":"Blue Slaver","floor":5,"turns":4},{"damage":28,"enemies":"Lagavulin","floor":6,"turns":7},{"damage":3,"enemies":"Looter","floor":8,"turns":3},{"damage":6,"enemies":"Red Slaver","floor":10,"turns":3},{"damage":15,"enemies":"Blue Slaver","floor":11,"turns":3},{"damage":3,"enemies":"3 Louse","floor":14,"turns":3},{"damage":49,"enemies":"Hexaghost","floor":16,"turns":10},{"damage":3,"enemies":"3 Byrds","floor":18,"turns":5},{"damage":10,"enemies":"Shell Parasite","floor":21,"turns":5},{"damage":21,"enemies":"Snake Plant","floor":22,"turns":5},{"damage":28,"enemies":"Gremlin Leader","floor":24,"turns":7},{"damage":23,"enemies":"Centurion and Healer","floor":29,"turns":5},{"damage":15,"enemies":"Shelled Parasite and Fungi","floor":30,"turns":6},{"damage":28,"enemies":"3 Cultists","floor":31,"turns":6},{"damage":98,"enemies":"Champ","floor":33,"turns":11}],"seed_played":"6352920242911283538","potions_obtained":[{"floor":1,"key":"GamblersBrew"},{"floor":8,"key":"Energy Potion"},{"floor":10,"key":"Dexterity Potion"},{"floor":21,"key":"Fire Potion"},{"floor":24,"key":"LiquidBronze"},{"floor":31,"key":"GamblersBrew"}],"is_trial":false,"path_per_floor":["M","?","M","M","M","E","R","M","T","M","M","R","?","M","R","B",null,"M","?","$","M","M","R","E","?","T","$","R","M","M","M","R","B"],"character_chosen":"DEFECT","items_purchased":["FocusPotion","Capacitor","Chrysalis","SkillPotion"],"campfire_rested":5,"item_purchase_floors":[20,27,27,27],"current_hp_per_floor":[65,65,65,60,55,27,49,46,46,40,32,54,72,75,75,26,75,75,61,61,65,58,80,59,59,59,59,80,71,70,56,80,0],"gold":309,"neow_bonus":"HUNDRED_GOLD","is_prod":false,"is_daily":false,"chose_seed":false,"campfire_upgraded":1,"win_rate":0,"timestamp":1547392011,"path_taken":["M","?","M","M","M","E","R","M","T","M","?","R","?","M","R","BOSS","M","?","$","M","M","R","E","?","T","?","R","?","M","M","R","BOSS"],"build_version":"2019-01-10","purchased_purges":0,"victory":false,"max_hp_per_floor":[75,75,75,75,75,75,75,75,75,75,75,75,75,75,75,75,75,75,80,80,80,80,80,80,80,80,80,80,80,80,80,80,80],"card_choices":[{"not_picked":["Skim","Undo"],"picked":"Cold Snap","floor":1},{"not_picked":["Streamline","Undo"],"picked":"Hello World","floor":3},{"not_picked":["Steam Power","Beam Cell"],"picked":"Cold Snap","floor":4},{"not_picked":["BootSequence","Barrage"],"picked":"Ball Lightning","floor":5},{"not_picked":["Lockon","Steam"],"picked":"Cold Snap","floor":6},{"not_picked":["Sweeping Beam","Stack"],"picked":"Redo","floor":8},{"not_picked":["Hologram","Barrage"],"picked":"Self Repair","floor":10},{"not_picked":["Turbo","Leap"],"picked":"Steam","floor":11},{"not_picked":["Skim","Redo"],"picked":"Chill","floor":14},{"not_picked":["Buffer","Seek"],"picked":"Biased Cognition","floor":16},{"not_picked":["Redo","Sweeping Beam+1"],"picked":"Self Repair","floor":18},{"not_picked":["Go for the Eyes+1","Glacier+1"],"picked":"Chaos+1","floor":21},{"not_picked":["Streamline","Beam Cell+1","Compile Driver"],"picked":"SKIP","floor":22},{"not_picked":["Barrage+1","Beam Cell+1"],"picked":"Blizzard+1","floor":24},{"not_picked":["Sweeping Beam+1","Stack","Leap"],"picked":"SKIP","floor":29},{"not_picked":["Beam Cell","Stack"],"picked":"Chaos","floor":30},{"not_picked":["Steam+1","Turbo"],"picked":"Fission","floor":31}],"player_experience":902235,"relics_obtained":[{"floor":6,"key":"Omamori"},{"floor":9,"key":"Mercury Hourglass"},{"floor":24,"key":"Whetstone"}],"event_choices":[{"damage_healed":0,"gold_gain":0,"cards_transformed":["Defend_B"],"player_choice":"Transformed","damage_taken":0,"max_hp_gain":0,"max_hp_loss":0,"event_name":"Transmorgrifier","floor":2,"gold_loss":0,"cards_obtained":["Loop"]},{"damage_healed":18,"gold_gain":0,"player_choice":"Healed and dodged fight","damage_taken":0,"max_hp_gain":0,"max_hp_loss":0,"event_name":"Mushrooms","floor":13,"gold_loss":0,"cards_obtained":["Parasite"]},{"damage_healed":0,"gold_gain":0,"player_choice":"Shed Blood","damage_taken":19,"max_hp_gain":5,"max_hp_loss":0,"event_name":"Forgotten Altar","floor":19,"gold_loss":0},{"damage_healed":0,"gold_gain":99,"player_choice":"Stole From Cult","damage_taken":0,"max_hp_gain":0,"max_hp_loss":0,"event_name":"Nest","floor":25,"gold_loss":0}],"is_beta":false,"boss_relics":[{"not_picked":["Cursed Key","Fusion Hammer"],"picked":"Nuclear Battery"}],"items_purged_floors":[],"is_endless":false,"potions_floor_spawned":[1,8,10,21,24,31],"killed_by":"Champ","ascension_level":0}