{"gold_per_floor":[117,117,0,19,37,69,88,112,112,112,31,31,61,76,76,149,149,161,161,177,190,190,190],"floor_reached":23,"playtime":1517,"items_purged":[],"score":344,"play_id":"6dd1419c-4aee-429b-b0b6-1ee9abca099c","local_time":"20190304165034","is_ascension_mode":true,"campfire_choices":[{"data":"Loop","floor":10,"key":"SMITH"},{"floor":12,"key":"RECALL"},{"floor":15,"key":"REST"}],"neow_cost":"NONE","seed_source_timestamp":1132600922186080,"circlet_count":0,"master_deck":["AscendersBane","Strike_B","Strike_B","Strike_B","Strike_B","Defend_B","Defend_B","Defend_B","Defend_B","Zap","Dualcast","Glacier","Hello World","Melter","Loop+1","Self Repair","Glacier","Stack","Storm","Storm","Amplify","Streamline","Creative AI","Heatsinks","Conserve Battery","Storm","Creative AI"],"relics":["Cracked Core","NeowsBlessing","Bag of Preparation","Smiling Mask","Dream Catcher","Vajra","Odd Mushroom","Nuclear Battery"],"potions_floor_usage":[14,18,21,23],"damage_taken":[{"damage":0,"enemies":"Jaw Worm","floor":1,"turns":1},{"damage":0,"enemies":"Cultist","floor":4,"turns":1},{"damage":0,"enemies":"2 Louse","floor":5,"turns":1},{"damage":13,"enemies":"Lagavulin","floor":6,"turns":8},{"damage":1,"enemies":"Looter","floor":7,"turns":5},{"damage":15,"enemies":"The Mushroom Lair","floor":13,"turns":8},{"damage":18,"enemies":"Exordium Thugs","floor":14,"turns":4},{"damage":37,"enemies":"The Guardian","floor":16,"turns":12},{"damage":14,"enemies":"3 Byrds","floor":18,"turns":3},{"damage":17,"enemies":"Colosseum Slavers","floor":19,"turns":6},{"damage":10,"enemies":"Shell Parasite","floor":20,"turns":8},{"damage":13,"enemies":"Snake Plant","floor":21,"turns":3},{"damage":37,"enemies":"Slavers","floor":23,"turns":3}],"seed_played":"-6303284789529472920","potions_obtained":[{"floor":1,"key":"Dexterity Potion"},{"floor":5,"key":"Ancient Potion"},{"floor":6,"key":"Regen Potion"},{"floor":16,"key":"EssenceOfSteel"},{"floor":20,"key":"PowerPotion"},{"floor":21,"key":"FocusPotion"}],"is_trial":false,"path_per_floor":["M","?","$","M","M","E","M","T","T","R","$","R","?","M","R","B",null,"M","?","M","M","?","E"],"character_chosen":"DEFECT","items_purchased":["Hello World","Melter","Storm"],"campfire_rested":1,"item_purchase_floors":[3,3,11],"current_hp_per_floor":[64,64,64,64,64,58,64,64,64,64,64,64,56,57,71,48,65,58,48,45,32,32,0],"gold":190,"neow_bonus":"THREE_ENEMY_KILL","is_prod":false,"is_daily":false,"chose_seed":false,"campfire_upgraded":1,"win_rate":0,"timestamp":1551711034,"path_taken":["M","?","$","?","M","E","M","?","T","R","?","R","?","M","R","BOSS","M","?","M","M","?","E"],"build_version":"2019-01-23","purchased_purges":0,"victory":false,"max_hp_per_floor":[71,71,71,71,71,71,71,71,71,71,71,71,71,71,71,71,71,71,71,71,71,71,71],"card_choices":[{"not_picked":["Fusion","Rebound"],"picked":"Glacier","floor":1},{"not_picked":["Turbo","Auto Shields"],"picked":"Loop","floor":4},{"not_picked":["Chill","Gash"],"picked":"Self Repair","floor":5},{"not_picked":["Skim","Go for the Eyes"],"picked":"Glacier","floor":6},{"not_picked":["Coolheaded","Recycle"],"picked":"Stack","floor":7},{"not_picked":["Self Repair","Redo"],"picked":"Storm","floor":13},{"not_picked":["Hello World","Fusion"],"picked":"Amplify","floor":14},{"not_picked":["Double Energy","Reinforced Body"],"picked":"Streamline","floor":15},{"not_picked":["Core Surge","Amplify"],"picked":"Creative AI","floor":16},{"not_picked":["Redo","Undo"],"picked":"Heatsinks","floor":18},{"not_picked":["Leap","Compile Driver+1"],"picked":"Conserve Battery","floor":20},{"not_picked":["Steam","Heatsinks"],"picked":"Storm","floor":21}],"player_experience":1029745,"relics_obtained":[{"floor":6,"key":"Smiling Mask"},{"floor":8,"key":"Dream Catcher"},{"floor":9,"key":"Vajra"},{"floor":13,"key":"Odd Mushroom"}],"event_choices":[{"damage_healed":0,"gold_gain":0,"player_choice":"Gave Potion","damage_taken":0,"relics_obtained":["Bag of Preparation"],"max_hp_gain":0,"max_hp_loss":0,"event_name":"WeMeetAgain","floor":2,"gold_loss":0},{"damage_healed":0,"gold_gain":0,"player_choice":"Fought Mushrooms","damage_taken":0,"max_hp_gain":0,"max_hp_loss":0,"event_name":"Mushrooms","floor":13,"gold_loss":0},{"damage_healed":0,"gold_gain":0,"player_choice":"Fight","damage_taken":0,"max_hp_gain":0,"max_hp_loss":0,"event_name":"Colosseum","floor":19,"gold_loss":0},{"damage_healed":0,"gold_gain":0,"player_choice":"Fled From Nobs","damage_taken":0,"max_hp_gain":0,"max_hp_loss":0,"event_name":"Colosseum","floor":19,"gold_loss":0},{"damage_healed":0,"gold_gain":0,"player_choice":"Copied","damage_taken":0,"max_hp_gain":0,"max_hp_loss":0,"event_name":"Duplicator","floor":22,"gold_loss":0,"cards_obtained":["Creative AI"]}],"is_beta":false,"boss_relics":[{"not_picked":["Ectoplasm","Snecko Eye"],"picked":"Nuclear Battery"}],"items_purged_floors":[],"is_endless":false,"potions_floor_spawned":[1,5,6,13,16,20,21],"killed_by":"Slavers","ascension_level":16}