{"gold_per_floor":[114,114,127,127,127,127,161,176,176,194,69,69,82,100,100,100],"floor_reached":16,"playtime":680,"items_purged":["Strike_R"],"score":122,"play_id":"97243ccb-fa3b-40b8-baa2-ca74c3a8cca3","local_time":"20180911220558","is_ascension_mode":true,"campfire_choices":[{"data":"Iron Wave","floor":6,"key":"SMITH"},{"floor":12,"key":"REST"},{"data":"Bash","floor":15,"key":"SMITH"}],"neow_cost":"NONE","seed_source_timestamp":359266862100162,"circlet_count":0,"master_deck":["Strike_R+1","Strike_R+1","Strike_R+1","Defend_R","Defend_R","Defend_R","Defend_R+1","Bash+1","Shrug It Off","Iron Wave+1","Twin Strike","True Grit","Shrug It Off"],"relics":["Burning Blood","Darkstone Periapt","Whetstone","Mummified Hand"],"potions_floor_usage":[16,16],"damage_taken":[{"damage":9,"enemies":"2 Louse","floor":1,"turns":3},{"damage":3,"enemies":"Jaw Worm","floor":3,"turns":4},{"damage":32,"enemies":"3 Sentries","floor":7,"turns":13},{"damage":1,"enemies":"Small Slimes","floor":8,"turns":3},{"damage":4,"enemies":"2 Fungi Beasts","floor":10,"turns":5},{"damage":3,"enemies":"Looter","floor":13,"turns":3},{"damage":3,"enemies":"Blue Slaver","floor":14,"turns":4},{"damage":86,"enemies":"The Guardian","floor":16,"turns":19}],"seed_played":"-4967223517192811399","potions_obtained":[{"floor":8,"key":"BloodPotion"},{"floor":14,"key":"Weak Potion"}],"is_trial":false,"path_per_floor":["M","?","M","?","?","R","E","M","T","M","$","R","M","M","R"],"character_chosen":"IRONCLAD","items_purchased":["Shrug It Off"],"campfire_rested":1,"item_purchase_floors":[11],"current_hp_per_floor":[77,61,64,64,57,57,31,36,36,38,38,62,65,68,68,0],"gold":100,"neow_bonus":"REMOVE_CARD","is_prod":false,"is_daily":false,"chose_seed":false,"campfire_upgraded":2,"win_rate":0,"timestamp":1536717958,"path_taken":["M","?","M","?","?","R","E","M","T","M","?","R","M","M","R","BOSS"],"build_version":"2018-09-06","purchased_purges":1,"victory":false,"max_hp_per_floor":[80,80,80,80,80,80,80,80,80,80,80,80,80,80,80,80],"card_choices":[{"not_picked":["Sword Boomerang","Heavy Blade"],"picked":"Shrug It Off","floor":1},{"not_picked":["Flex","Burning Pact"],"picked":"Iron Wave","floor":3},{"not_picked":["Clash","Sever Soul"],"picked":"Twin Strike","floor":7},{"not_picked":["Perfected Strike","Infernal Blade"],"picked":"True Grit","floor":8},{"not_picked":["Second Wind","Flex","Headbutt"],"picked":"SKIP","floor":10},{"not_picked":["Warcry","Headbutt","Power Through"],"picked":"SKIP","floor":13},{"not_picked":["Infernal Blade","Burning Pact","Sword Boomerang"],"picked":"SKIP","floor":14}],"player_experience":108167,"relics_obtained":[{"floor":7,"key":"Whetstone"},{"floor":9,"key":"Mummified Hand"}],"event_choices":[{"event_name":"Shining Light","player_choice":"Entered Light","floor":2,"damage_taken":0},{"event_name":"Liars Game","player_choice":"disagreed","floor":4,"damage_taken":0},{"event_name":"Scrap Ooze","player_choice":"success","floor":5,"damage_taken":7}],"is_beta":false,"boss_relics":[],"items_purged_floors":[11],"is_endless":false,"potions_floor_spawned":[8,14],"killed_by":"The Guardian","ascension_level":4}