{"gold_per_floor":[114,132,132,147,147,147,176,176,176,176,189,205,205],"floor_reached":13,"playtime":596,"items_purged":[],"score":166,"play_id":"4590682e-ff95-46f2-bc88-3b501d61afa1","local_time":"20190416191547","is_ascension_mode":true,"campfire_choices":[{"floor":6,"key":"REST"},{"floor":10,"key":"REST"}],"neow_cost":"NONE","seed_source_timestamp":438193012737088,"circlet_count":0,"master_deck":["AscendersBane","Strike_B","Strike_B","Strike_B","Strike_B","Defend_B","Defend_B","Defend_B","Defend_B","Zap","Dualcast","Conserve Battery","Capacitor","Leap","Cold Snap","Parasite","Loop","Steam"],"relics":["Cracked Core","Bag of Preparation","Dead Branch","Incense Burner","Blue Candle"],"potions_floor_usage":[11],"damage_taken":[{"damage":4,"enemies":"Small Slimes","floor":1,"turns":3},{"damage":3,"enemies":"2 Louse","floor":2,"turns":3},{"damage":0,"enemies":"Jaw Worm","floor":4,"turns":5},{"damage":38,"enemies":"Lagavulin","floor":7,"turns":9},{"damage":13,"enemies":"Lots of Slimes","floor":11,"turns":5},{"damage":5,"enemies":"Large Slime","floor":12,"turns":5},{"damage":56,"enemies":"Gremlin Nob","floor":13,"turns":4}],"seed_played":"1060539386613341227","potions_obtained":[{"floor":2,"key":"LiquidBronze"},{"floor":7,"key":"Swift Potion"},{"floor":11,"key":"SneckoOil"}],"is_trial":false,"path_per_floor":["M","M","?","M","?","R","E","?","T","R","M","M","E"],"character_chosen":"DEFECT","items_purchased":[],"campfire_rested":2,"item_purchase_floors":[],"current_hp_per_floor":[60,57,57,57,39,60,22,39,39,60,47,42,0],"gold":205,"neow_bonus":"RANDOM_COMMON_RELIC","is_prod":false,"is_daily":false,"chose_seed":false,"campfire_upgraded":0,"win_rate":0,"timestamp":1555431347,"path_taken":["M","M","?","M","?","R","E","?","T","R","M","M","E"],"build_version":"2019-01-23","purchased_purges":0,"victory":false,"max_hp_per_floor":[71,71,71,71,71,71,71,71,71,71,71,71,71],"card_choices":[{"not_picked":["Rebound","Beam Cell"],"picked":"Conserve Battery","floor":1},{"not_picked":["Turbo","Skim"],"picked":"Capacitor","floor":2},{"not_picked":["Go for the Eyes","Coolheaded"],"picked":"Leap","floor":4},{"not_picked":["Rip and Tear","Beam Cell"],"picked":"Cold Snap","floor":7},{"not_picked":["Leap","Cold Snap"],"picked":"Loop","floor":11},{"not_picked":["Thunder Strike","Compile Driver"],"picked":"Steam","floor":12}],"player_experience":1202895,"relics_obtained":[{"floor":7,"key":"Incense Burner"},{"floor":9,"key":"Blue Candle"}],"event_choices":[{"damage_healed":0,"gold_gain":0,"player_choice":"Ignored","damage_taken":0,"max_hp_gain":0,"max_hp_loss":0,"event_name":"Golden Wing","floor":3,"gold_loss":0},{"damage_healed":0,"gold_gain":0,"player_choice":"Success","damage_taken":18,"relics_obtained":["Dead Branch"],"max_hp_gain":0,"max_hp_loss":0,"event_name":"Scrap Ooze","floor":5,"gold_loss":0},{"damage_healed":17,"gold_gain":0,"player_choice":"Healed and dodged fight","damage_taken":0,"max_hp_gain":0,"max_hp_loss":0,"event_name":"Mushrooms","floor":8,"gold_loss":0,"cards_obtained":["Parasite"]}],"is_beta":false,"boss_relics":[],"items_purged_floors":[],"is_endless":false,"potions_floor_spawned":[2,7,11],"killed_by":"Gremlin Nob","ascension_level":19}