{"gold_per_floor":[110,110,110,127,141,141,42,67,67,67,80,45,45,55,55,134,134,124,136,61,61,8,8],"floor_reached":23,"playtime":877,"items_purged":["Regret"],"score":312,"play_id":"d049befa-662e-4291-90ed-0eac909c4d50","local_time":"20180917212103","is_ascension_mode":true,"campfire_choices":[{"floor":6.0,"key":"REST"},{"floor":10.0,"key":"REST"},{"data":"Loop","floor":15,"key":"SMITH"}],"neow_cost":"NONE","seed_source_timestamp":269254643497602,"circlet_count":0,"master_deck":["Strike_B","Strike_B","Strike_B","Strike_B+1","Defend_B+1","Defend_B","Defend_B","Defend_B","Zap","Dualcast","AscendersBane","Force Field","Conserve Battery","Cold Snap","Storm","Ball Lightning","Loop+1","BootSequence","Gash","Sunder","Buffer","Self Repair+1","Cold Snap","Ball Lightning"],"special_seed":0,"relics":["Cracked Core","Kunai","Bronze Scales","Juzu Bracelet","MutagenicStrength"],"potions_floor_usage":[18,18,23],"damage_taken":[{"damage":4.0,"enemies":"Jaw Worm","floor":1.0,"turns":4.0},{"damage":11.0,"enemies":"Small Slimes","floor":4.0,"turns":4.0},{"damage":0.0,"enemies":"2 Louse","floor":5.0,"turns":2.0},{"damage":21.0,"enemies":"Gremlin Nob","floor":8.0,"turns":4.0},{"damage":2.0,"enemies":"2 Fungi Beasts","floor":11.0,"turns":2.0},{"damage":1,"enemies":"Blue Slaver","floor":14,"turns":3},{"damage":29,"enemies":"Slime Boss","floor":16,"turns":11},{"damage":25,"enemies":"2 Thieves","floor":18,"turns":4},{"damage":21,"enemies":"3 Byrds","floor":19,"turns":4},{"damage":64,"enemies":"Slavers","floor":23,"turns":5}],"seed_played":"-8244118093843348935","potions_obtained":[{"floor":5.0,"key":"LiquidBronze"},{"floor":11.0,"key":"Regen Potion"},{"floor":19,"key":"Regen Potion"}],"is_trial":false,"path_per_floor":["M","?","?","M","M","R","$","E","T","R","M","?","?","M","R","B",null,"M","M","$","?","$"],"character_chosen":"DEFECT","items_purchased":["Ball Lightning","Loop","Ball Lightning"],"campfire_rested":2,"item_purchase_floors":[7,7,22],"current_hp_per_floor":[64,64,49,38,38,60,60,39,39,61,59,75,75,74,74,45,68,57,46,46,46,46,0],"gold":8,"neow_bonus":"THREE_CARDS","is_prod":false,"is_daily":false,"chose_seed":false,"campfire_upgraded":1,"win_rate":0,"timestamp":1537208463,"path_taken":["M","?","?","M","?","R","?","E","T","R","M","?","?","M","R","BOSS","M","M","$","?","?","E"],"build_version":"2018-09-06","purchased_purges":1,"victory":false,"max_hp_per_floor":[75,75,75,75,75,75,75,75,75,75,75,75,75,75,75,75,75,75,75,75,75,75,75],"card_choices":[{"not_picked":["Go for the Eyes","Redo"],"picked":"Force Field","floor":0.0},{"not_picked":["Tempest","Reprogram"],"picked":"Conserve Battery","floor":1.0},{"not_picked":["Go for the Eyes","Genetic Algorithm"],"picked":"Cold Snap","floor":4.0},{"not_picked":["Steam Power","Conserve Battery"],"picked":"Storm","floor":5.0},{"not_picked":["Coolheaded","Scrape"],"picked":"BootSequence","floor":8.0},{"not_picked":["Double Energy","Stack"],"picked":"Gash","floor":11.0},{"not_picked":["Leap","Static Discharge"],"picked":"Sunder","floor":14},{"not_picked":["Reboot","Rainbow"],"picked":"Buffer","floor":16},{"not_picked":["Stack","Conserve Battery"],"picked":"Self Repair+1","floor":18},{"not_picked":["Conserve Battery","Turbo"],"picked":"Cold Snap","floor":19}],"player_experience":709743,"relics_obtained":[{"floor":8.0,"key":"Bronze Scales"},{"floor":9.0,"key":"Juzu Bracelet"}],"event_choices":[{"event_name":"Big Fish","player_choice":"Box","floor":2.0,"damage_taken":0.0},{"event_name":"Shining Light","player_choice":"Entered Light","floor":3.0,"damage_taken":0.0},{"event_name":"The Cleric","player_choice":"Healed","floor":12.0,"damage_taken":0.0},{"event_name":"Liars Game","player_choice":"disagreed","floor":13.0,"damage_taken":0.0},{"event_name":"Drug Dealer","player_choice":"Inject Mutagens","floor":21,"damage_taken":0}],"is_beta":false,"boss_relics":[{"not_picked":["Runic Dome","Busted Crown","Fusion Hammer"]}],"items_purged_floors":[20],"is_endless":false,"potions_floor_spawned":[5,11,16,19],"killed_by":"Slavers","ascension_level":13}