{"gold_per_floor":[111,111,123,123,48,48,48,74,74,74,74,93,119,134,134,207,207,219,219,219,399,415,415,434,434],"floor_reached":25,"playtime":755,"items_purged":[],"score":418,"play_id":"f558ae4c-6422-478f-bb9a-31a5fe77f3b9","local_time":"20190315124855","is_ascension_mode":true,"campfire_choices":[{"data":"Carnage","floor":6,"key":"SMITH"},{"floor":10,"key":"REST"},{"data":"Armaments","floor":15,"key":"SMITH"},{"data":"Immolate","floor":23,"key":"SMITH"}],"neow_cost":"CURSE","seed_source_timestamp":95806724975600,"circlet_count":0,"master_deck":["AscendersBane","Strike_R","Strike_R","Strike_R","Defend_R","Defend_R","Defend_R","Defend_R","Bash","Carnage+1","True Grit","Shockwave","Impervious","Armaments+1","Immolate+1","Carnage","Thunderclap","Double Tap"],"relics":["Burning Blood","Prayer Wheel","Dream Catcher","Dodecahedron","Ice Cream","Calipers","Velvet Choker"],"potions_floor_usage":[8,18,24,25],"damage_taken":[{"damage":10,"enemies":"Small Slimes","floor":1,"turns":6},{"damage":18,"enemies":"Jaw Worm","floor":3,"turns":7},{"damage":8,"enemies":"Gremlin Nob","floor":8,"turns":3},{"damage":1,"enemies":"2 Louse","floor":12,"turns":4},{"damage":18,"enemies":"Lagavulin","floor":13,"turns":6},{"damage":7,"enemies":"2 Fungi Beasts","floor":14,"turns":3},{"damage":14,"enemies":"The Guardian","floor":16,"turns":15},{"damage":9,"enemies":"3 Byrds","floor":18,"turns":4},{"damage":14,"enemies":"2 Thieves","floor":22,"turns":3},{"damage":4,"enemies":"Cultist and Chosen","floor":24,"turns":4},{"damage":20,"enemies":"Book of Stabbing","floor":25,"turns":4}],"seed_played":"7597170404941845256","potions_obtained":[{"floor":1,"key":"FearPotion"},{"floor":8,"key":"SteroidPotion"},{"floor":16,"key":"Weak Potion"}],"is_trial":false,"path_per_floor":["M","?","M","$","?","R","$","E","T","R","?","M","E","M","R","B",null,"M","?","?","?","M","R","M","E"],"character_chosen":"IRONCLAD","items_purchased":[],"campfire_rested":1,"item_purchase_floors":[],"current_hp_per_floor":[64,38,26,26,26,26,26,24,24,46,51,56,44,43,43,35,69,66,66,66,34,26,26,28,8],"gold":434,"neow_bonus":"ONE_RARE_RELIC","is_prod":false,"is_daily":false,"chose_seed":false,"campfire_upgraded":3,"win_rate":0,"timestamp":1552621735,"path_taken":["M","?","M","?","?","R","$","E","T","R","?","?","E","M","R","BOSS","M","?","?","?","M","R","M","E"],"build_version":"2019-01-23","purchased_purges":0,"victory":false,"max_hp_per_floor":[75,75,75,75,75,75,75,75,75,75,80,80,80,80,80,80,80,80,80,80,80,80,80,80,80],"card_choices":[{"not_picked":["Perfected Strike","Thunderclap"],"picked":"Carnage","floor":1},{"not_picked":["Sentinel","Rupture","Iron Wave"],"picked":"SKIP","floor":1},{"not_picked":["Clash","Flex"],"picked":"True Grit","floor":3},{"not_picked":["Warcry","Headbutt"],"picked":"Shockwave","floor":3},{"not_picked":["Sword Boomerang","Inflame"],"picked":"Impervious","floor":8},{"not_picked":["Dual Wield","Inflame"],"picked":"Armaments","floor":12},{"not_picked":["Twin Strike","Heavy Blade","Perfected Strike"],"picked":"SKIP","floor":12},{"not_picked":["Sword Boomerang","Twin Strike","Wild Strike"],"picked":"SKIP","floor":13},{"not_picked":["Iron Wave","Pommel Strike","Warcry"],"picked":"SKIP","floor":14},{"not_picked":["Heavy Blade","Clothesline","Wild Strike"],"picked":"SKIP","floor":14},{"not_picked":["Offering","Dark Embrace"],"picked":"Immolate","floor":16},{"not_picked":["Perfected Strike","Hemokinesis","Sword Boomerang"],"picked":"SKIP","floor":18},{"not_picked":["Headbutt","Bloodletting","True Grit"],"picked":"SKIP","floor":18},{"not_picked":["Anger","Armaments","Havoc"],"picked":"SKIP","floor":22},{"not_picked":["Warcry","Clothesline","Cleave"],"picked":"SKIP","floor":22},{"not_picked":["Warcry","Anger"],"picked":"Double Tap","floor":24},{"not_picked":["Sword Boomerang","Anger","Rupture"],"picked":"SKIP","floor":24}],"player_experience":2281042,"relics_obtained":[{"floor":8,"key":"Dodecahedron"},{"floor":9,"key":"Ice Cream"},{"floor":13,"key":"Calipers"}],"event_choices":[{"damage_healed":0,"gold_gain":0,"player_choice":"Success","damage_taken":26,"relics_obtained":["Dream Catcher"],"max_hp_gain":0,"max_hp_loss":0,"event_name":"Scrap Ooze","floor":2,"gold_loss":0},{"cards_removed":["Doubt"],"damage_healed":0,"gold_gain":0,"player_choice":"Card Removal","damage_taken":0,"max_hp_gain":0,"max_hp_loss":0,"event_name":"The Cleric","floor":5,"gold_loss":75},{"damage_healed":0,"gold_gain":0,"player_choice":"Donut","damage_taken":0,"max_hp_gain":5,"max_hp_loss":0,"event_name":"Big Fish","floor":11,"gold_loss":0},{"damage_healed":0,"gold_gain":0,"cards_transformed":["Strike_R","Strike_R"],"player_choice":"Became Test Subject","damage_taken":0,"max_hp_gain":0,"max_hp_loss":0,"event_name":"Drug Dealer","floor":19,"gold_loss":0,"cards_obtained":["Carnage","Thunderclap"]},{"damage_healed":0,"gold_gain":0,"player_choice":"Ignored","damage_taken":0,"max_hp_gain":0,"max_hp_loss":0,"event_name":"The Mausoleum","floor":20,"gold_loss":0},{"damage_healed":0,"gold_gain":180,"player_choice":"POTION GOLD GOLD ","damage_taken":32,"max_hp_gain":0,"max_hp_loss":0,"event_name":"Knowing Skull","floor":21,"potions_obtained":["Energy Potion"],"gold_loss":0,"cards_obtained":[]}],"is_beta":false,"boss_relics":[{"not_picked":["Eternal Feather","Calling Bell"],"picked":"Velvet Choker"}],"items_purged_floors":[],"is_endless":false,"potions_floor_spawned":[1,8,16],"killed_by":"Book of Stabbing","ascension_level":20}