{"path_per_floor":["M","M","M","?","$","R","E","R","T","E","R","M","M","M","R","B",null,"M","$","M","?","?","R","E","?","T","R","E","R","M","M","R","B",null,"M","M","?","M","$","R","E","R","T","M","E","M","?","$","R","B"],"character_chosen":"IRONCLAD","items_purchased":["Metallicize","Paper Frog","Double Tap","Feel No Pain","Charon\u0027s Ashes","Ancient Tea Set"],"gold_per_floor":[113,124,140,140,68,68,129,129,129,167,167,191,205,221,221,346,346,367,49,68,68,68,68,102,27,27,27,67,67,92,107,107,226,226,242,255,255,278,71,71,110,110,133,151,190,208,541,14,14,14],"floor_reached":51,"campfire_rested":1,"playtime":4255,"current_hp_per_floor":[80,77,80,60,60,60,53,53,53,41,41,42,50,54,54,36,96,90,90,88,88,88,88,62,62,62,62,41,41,47,51,51,16,108,92,75,75,75,75,75,56,56,56,43,45,36,36,36,70,79],"items_purged":["Perfected Strike","Dual Wield","Clash"],"gold":14,"score":684,"play_id":"4c3b2bc3-60e1-4898-867b-8b450bdb9456","is_prod":false,"is_daily":false,"is_ascension_mode":true,"campfire_upgraded":10,"path_taken":["M","M","M","?","?","R","E","R","T","E","R","M","M","?","R","BOSS","M","$","M","?","?","R","E","?","T","R","E","R","?","M","R","BOSS","M","M","?","M","$","R","E","R","T","?","E","M","?","$","R","BOSS"],"build_version":"2018-02-16-BETA2","purchased_purges":4,"victory":true,"master_deck":["Bash+1","Armaments+1","Thunderclap","Spot Weakness","Metallicize+1","Feed+1","Clash","True Grit+1","Heavy Blade+1","Limit Break+1","Shockwave","Seeing Red+1","Pommel Strike","Spot Weakness","Headbutt","Warcry+1","Shrug It Off+1","Whirlwind","Evolve+1","Feel No Pain+1","Offering+1","Immolate","True Grit","Warcry","Double Tap","Uppercut+1","Disarm","Reaper","Power Through+1","Feel No Pain"],"max_hp_per_floor":[80,80,80,80,80,80,80,80,80,84,84,88,92,96,96,96,96,100,100,100,100,100,100,100,100,100,100,100,100,104,108,108,108,108,108,112,112,112,112,112,112,112,112,112,112,116,116,116,116,116],"relics":["Burning Blood","Tiny Chest","Ginger","Toolbox","Pandora\u0027s Box","Paper Frog","Happy Flower","The Courier","Orichalcum","Mark of Pain","Pantograph","Pen Nib","Bag of Marbles","Charon\u0027s Ashes","Ancient Tea Set"],"card_choices":[{"not_picked":["Bloodletting","Heavy Blade"],"picked":"Armaments"},{"not_picked":["Clothesline","Sever Soul"],"picked":"Thunderclap"},{"not_picked":["Seeing Red","Anger"],"picked":"Spot Weakness"},{"not_picked":["Ghostly Armor","Inflame"],"picked":"Feed"},{"not_picked":["Clothesline","Pommel Strike"],"picked":"Clash"},{"not_picked":["Evolve","Thunderclap"],"picked":"True Grit"},{"not_picked":["Feel No Pain","Sword Boomerang"],"picked":"Clash"},{"not_picked":["Anger","Wild Strike"],"picked":"Heavy Blade"},{"not_picked":["Offering","Immolate"],"picked":"Limit Break"},{"not_picked":["Seeing Red","Blood for Blood"],"picked":"Warcry"},{"not_picked":["Hemokinesis","Rampage"],"picked":"Shrug It Off"},{"not_picked":["Body Slam","Iron Wave"],"picked":"Evolve"},{"not_picked":["Corruption","Shrug It Off"],"picked":"Feel No Pain"},{"not_picked":["Perfected Strike","True Grit"],"picked":"Offering"},{"not_picked":["Fiend Fire","Barricade"],"picked":"Immolate"},{"not_picked":["Cleave","Headbutt"],"picked":"True Grit"},{"not_picked":["Iron Wave","Perfected Strike"],"picked":"Warcry"},{"not_picked":["Warcry","Armaments"],"picked":"Uppercut"},{"not_picked":["Thunderclap","Body Slam"],"picked":"Disarm"},{"not_picked":["Clothesline","Wild Strike"],"picked":"Reaper"},{"not_picked":["Body Slam","Wild Strike"],"picked":"Power Through"}],"player_experience":65044,"potions_floor_usage":[38,46],"damage_taken":[{"damage":0.0,"enemies":"Small Slimes","floor":1.0,"turns":3.0},{"damage":9.0,"enemies":"Jaw Worm","floor":2.0,"turns":4.0},{"damage":1.0,"enemies":"Cultist","floor":3.0,"turns":3.0},{"damage":13.0,"enemies":"Gremlin Nob","floor":7.0,"turns":4.0},{"damage":22.0,"enemies":"3 Sentries","floor":10.0,"turns":6.0},{"damage":9.0,"enemies":"Exordium Wildlife","floor":12.0,"turns":2.0},{"damage":2.0,"enemies":"Blue Slaver","floor":13.0,"turns":2.0},{"damage":6.0,"enemies":"Exordium Thugs","floor":14.0,"turns":4.0},{"damage":24.0,"enemies":"Hexaghost","floor":16.0,"turns":8.0},{"damage":16.0,"enemies":"2 Thieves","floor":18.0,"turns":4.0},{"damage":8.0,"enemies":"Shell Parasite","floor":20.0,"turns":4.0},{"damage":32.0,"enemies":"Gremlin Leader","floor":24.0,"turns":6.0},{"damage":27.0,"enemies":"Book of Stabbing","floor":28.0,"turns":4.0},{"damage":4.0,"enemies":"Cultist and Chosen","floor":30.0,"turns":4.0},{"damage":6.0,"enemies":"3 Cultists","floor":31.0,"turns":4.0},{"damage":41.0,"enemies":"Automaton","floor":33.0,"turns":8.0},{"damage":22,"enemies":"3 Darklings","floor":35,"turns":5},{"damage":27,"enemies":"3 Shapes","floor":36,"turns":5},{"damage":6,"enemies":"Maw","floor":38,"turns":9},{"damage":25,"enemies":"Nemesis","floor":41,"turns":7},{"damage":19,"enemies":"Flame Bruiser 2 Orb","floor":44,"turns":4},{"damage":4,"enemies":"Giant Head","floor":45,"turns":6},{"damage":40,"enemies":"3 Darklings","floor":46,"turns":5},{"damage":22,"enemies":"Time Eater","floor":50,"turns":6}],"event_choices":[{"event_name":"Golden Idol","player_choice":"Take Damage","floor":4.0,"damage_taken":0.0},{"event_name":"The Library","player_choice":"Read","floor":21.0,"damage_taken":0.0},{"event_name":"Back to Basics","player_choice":"Elegance","floor":22.0,"damage_taken":0.0},{"event_name":"Beggar","player_choice":"Gave Gold","floor":25.0,"damage_taken":0.0},{"event_name":"Upgrade Shrine","player_choice":"Upgraded","floor":37,"damage_taken":0},{"event_name":"The Moai Head","player_choice":"Gave Idol","floor":47,"damage_taken":0}],"boss_relics":[{"not_picked":["Black Blood","Lizard Tail"],"picked":"Mark of Pain"}],"potions_floor_spawned":[1,7,12,14,18,28,31,35,36,45],"seed_played":"-4580463153129322215","ascension_level":1,"is_trial":false}