{"gold_per_floor":[112,127,142,142,192,192,226,226,271,284,284],"floor_reached":11,"playtime":212,"items_purged":[],"score":146,"play_id":"03b01c6a-6793-4f24-81d2-be4e313453bc","local_time":"20190313205043","is_ascension_mode":true,"campfire_choices":[{"data":"Doom and Gloom","floor":6,"key":"SMITH"},{"floor":8,"key":"REST"}],"neow_cost":"NONE","seed_source_timestamp":383980096347400,"circlet_count":0,"master_deck":["AscendersBane","Strike_B+1","Strike_B","Strike_B","Strike_B","Defend_B","Defend_B","Defend_B+1","Defend_B","Zap","Dualcast","Doom and Gloom+1","Self Repair","Genetic Algorithm"],"relics":["Cracked Core","NeowsBlessing","Blood Vial","Ancient Tea Set","Art of War"],"potions_floor_usage":[7,11,11],"damage_taken":[{"damage":0,"enemies":"Cultist","floor":1,"turns":1},{"damage":0,"enemies":"Small Slimes","floor":2,"turns":1},{"damage":0,"enemies":"Jaw Worm","floor":3,"turns":1},{"damage":32,"enemies":"Gremlin Nob","floor":7,"turns":4},{"damage":17,"enemies":"Lots of Slimes","floor":10,"turns":3},{"damage":30,"enemies":"3 Sentries","floor":11,"turns":5}],"seed_played":"-7209187296704348000","potions_obtained":[{"floor":1,"key":"PowerPotion"},{"floor":3,"key":"AttackPotion"},{"floor":7,"key":"PowerPotion"}],"is_trial":false,"path_per_floor":["M","M","M","?","T","R","E","R","T","M","E"],"character_chosen":"DEFECT","items_purchased":[],"campfire_rested":1,"item_purchase_floors":[],"current_hp_per_floor":[64,64,64,43,43,43,20,41,41,33,5],"gold":284,"neow_bonus":"THREE_ENEMY_KILL","is_prod":false,"is_daily":false,"chose_seed":false,"campfire_upgraded":1,"win_rate":0,"timestamp":1552477843,"path_taken":["M","?","M","?","?","R","E","R","T","M","E"],"build_version":"2019-01-23","purchased_purges":0,"victory":false,"max_hp_per_floor":[71,71,71,71,71,71,71,71,71,71,71],"card_choices":[{"not_picked":["Recycle","Steam"],"picked":"Doom and Gloom","floor":1},{"not_picked":["Hello World","Stack","Compile Driver"],"picked":"SKIP","floor":2},{"not_picked":["Lockon","Conserve Battery"],"picked":"Self Repair","floor":3},{"not_picked":["Gash","Redo"],"picked":"Genetic Algorithm","floor":7},{"not_picked":["Scrape","Gash","Hologram"],"picked":"SKIP","floor":10}],"player_experience":2247466,"relics_obtained":[{"floor":5,"key":"Blood Vial"},{"floor":7,"key":"Ancient Tea Set"},{"floor":9,"key":"Art of War"}],"event_choices":[{"damage_healed":0,"gold_gain":0,"player_choice":"Entered Light","damage_taken":21,"max_hp_gain":0,"max_hp_loss":0,"event_name":"Shining Light","floor":4,"gold_loss":0,"cards_upgraded":["Strike_B","Defend_B"]}],"is_beta":false,"boss_relics":[],"items_purged_floors":[],"is_endless":false,"potions_floor_spawned":[1,3,7],"killed_by":"3 Sentries","ascension_level":20}