{"gold_per_floor":[115,115,130,130,144,174,174,223,250,284,284,209,209,240,240,359,359,359,13,13,13,13,13,13,13,13,13,13,13,13,13,13,13,13,13,13,13,13,0,0,0,0,0,0,0,0,0,0,0,0],"floor_reached":51,"playtime":1478,"items_purged":["Regret","Strike_R"],"score":1059,"play_id":"372fb377-160b-45f3-bc2b-7b8d927489da","local_time":"20190203110920","is_ascension_mode":true,"campfire_choices":[{"data":"Perfected Strike","floor":7,"key":"SMITH"},{"floor":11,"key":"REST"},{"data":"True Grit","floor":15,"key":"SMITH"},{"data":"Immolate","floor":24,"key":"SMITH"},{"data":"RitualDagger","floor":32,"key":"SMITH"},{"data":"Barricade","floor":40,"key":"SMITH"},{"data":"Feed","floor":42,"key":"SMITH"},{"data":"True Grit","floor":45,"key":"SMITH"},{"data":"Demon Form","floor":49,"key":"SMITH"}],"neow_cost":"NONE","seed_source_timestamp":93912804612000,"circlet_count":0,"master_deck":["Strike_R","Strike_R","Strike_R","Defend_R","Defend_R+1","Defend_R+1","Bash+1","Battle Trance","Shrug It Off","Perfected Strike+1","True Grit+1","Reaper","Immolate+1","Feed+1","RitualDagger+1","Whirlwind+1","Barricade+1","Feel No Pain+1","Evolve+1","True Grit+1","Body Slam","Shrug It Off","Demon Form+1","Second Wind+1"],"relics":["Burning Blood","War Paint","Regal Pillow","Happy Flower","Potion Belt","Bag of Marbles","Ancient Tea Set","Oddly Smooth Stone","Ectoplasm","Membership Card","PreservedInsect","Unceasing Top","Letter Opener","Dodecahedron","Philosopher\u0027s Stone","Incense Burner","Red Mask","Prayer Wheel","Lantern","Bottled Tornado"],"potions_floor_usage":[10,18,33,33,33,33,38,38,50],"damage_taken":[{"damage":7,"enemies":"Jaw Worm","floor":1,"turns":3},{"damage":8,"enemies":"Cultist","floor":3,"turns":3},{"damage":4,"enemies":"Small Slimes","floor":5,"turns":3},{"damage":51,"enemies":"3 Sentries","floor":6,"turns":10},{"damage":26,"enemies":"Gremlin Nob","floor":10,"turns":4},{"damage":20,"enemies":"Lagavulin","floor":14,"turns":3},{"damage":32,"enemies":"The Guardian","floor":16,"turns":13},{"damage":2,"enemies":"Spheric Guardian","floor":18,"turns":3},{"damage":0,"enemies":"Chosen","floor":20,"turns":6},{"damage":17,"enemies":"Shelled Parasite and Fungi","floor":21,"turns":4},{"damage":0,"enemies":"Gremlin Leader","floor":23,"turns":4},{"damage":0,"enemies":"Slavers","floor":25,"turns":2},{"damage":0,"enemies":"Centurion and Healer","floor":29,"turns":3},{"damage":0,"enemies":"Gremlin Leader","floor":30,"turns":5},{"damage":77,"enemies":"Champ","floor":33,"turns":10},{"damage":18,"enemies":"3 Darklings","floor":35,"turns":4},{"damage":3,"enemies":"2 Orb Walkers","floor":38,"turns":2},{"damage":0,"enemies":"Reptomancer","floor":41,"turns":2},{"damage":0,"enemies":"3 Shapes","floor":44,"turns":2},{"damage":11,"enemies":"Transient","floor":46,"turns":5},{"damage":0,"enemies":"Giant Head","floor":47,"turns":6},{"damage":0,"enemies":"3 Darklings","floor":48,"turns":5},{"damage":35,"enemies":"Time Eater","floor":50,"turns":13}],"seed_played":"-8903984574124557177","potions_obtained":[{"floor":3,"key":"Dexterity Potion"},{"floor":5,"key":"Weak Potion"},{"floor":10,"key":"Energy Potion"},{"floor":16,"key":"AttackPotion"},{"floor":20,"key":"Poison Potion"},{"floor":21,"key":"Strength Potion"},{"floor":23,"key":"SneckoOil"},{"floor":33,"key":"Swift Potion"},{"floor":35,"key":"Explosive Potion"},{"floor":38,"key":"SpeedPotion"}],"is_trial":false,"path_per_floor":["M","?","M","?","M","E","R","T","T","E","R","$","?","E","R","B",null,"M","$","M","M","?","E","R","E","T","?","$","M","E","$","R","B",null,"M","?","?","?","?","R","E","R","T","M","R","M","E","M","R","B",null],"character_chosen":"IRONCLAD","items_purchased":["Membership Card","Feed","Explosive Potion"],"campfire_rested":1,"item_purchase_floors":[19,19,19],"current_hp_per_floor":[79,79,77,77,79,34,34,34,34,14,53,53,53,39,39,13,74,74,74,77,66,60,77,77,80,80,80,80,83,83,83,83,12,83,75,75,75,86,86,86,86,86,86,90,90,85,94,94,94,75],"gold":0,"neow_bonus":"UPGRADE_CARD","is_prod":false,"is_daily":false,"chose_seed":false,"campfire_upgraded":8,"win_rate":0,"timestamp":1549159760,"path_taken":["M","?","M","?","?","E","R","?","T","E","R","$","?","E","R","BOSS","M","$","M","M","?","E","R","E","T","?","?","M","E","$","R","BOSS","M","?","?","?","?","R","E","R","T","M","R","M","E","M","R","BOSS"],"build_version":"2019-01-23","purchased_purges":2,"victory":true,"max_hp_per_floor":[80,80,80,80,80,80,80,80,80,80,80,80,74,74,74,74,74,74,74,77,77,77,77,77,80,80,80,80,83,83,83,83,83,83,83,83,83,86,86,86,86,86,86,90,90,90,94,94,94,94],"card_choices":[{"not_picked":["Warcry","Sentinel","Sword Boomerang"],"picked":"SKIP","floor":1},{"not_picked":["Wild Strike","Clothesline"],"picked":"Battle Trance","floor":3},{"not_picked":["Wild Strike","Exhume"],"picked":"Shrug It Off","floor":5},{"not_picked":["Cleave","Sword Boomerang"],"picked":"Perfected Strike","floor":6},{"not_picked":["Infernal Blade","Pommel Strike"],"picked":"True Grit","floor":10},{"not_picked":["Bludgeon","Searing Blow"],"picked":"Reaper","floor":14},{"not_picked":["Fiend Fire","Dark Embrace"],"picked":"Immolate","floor":16},{"not_picked":["Cleave","Dual Wield","Carnage"],"picked":"SKIP","floor":18},{"not_picked":["Spot Weakness","Fire Breathing","Armaments"],"picked":"SKIP","floor":20},{"not_picked":["Twin Strike","Sword Boomerang","Blood for Blood"],"picked":"SKIP","floor":21},{"not_picked":["Combust","Flex","Twin Strike+1"],"picked":"SKIP","floor":23},{"not_picked":["Twin Strike+1","Dual Wield","Spot Weakness"],"picked":"SKIP","floor":25},{"not_picked":["Corruption","Sword Boomerang","Clash"],"picked":"SKIP","floor":29},{"not_picked":["Anger+1","Thunderclap"],"picked":"Whirlwind+1","floor":30},{"not_picked":["Double Tap","Limit Break"],"picked":"Barricade","floor":33},{"not_picked":["Iron Wave+1","Havoc"],"picked":"Feel No Pain+1","floor":35},{"not_picked":["Cleave+1","Corruption+1"],"picked":"Evolve+1","floor":38},{"not_picked":["Dark Embrace","Juggernaut","Pummel"],"picked":"SKIP","floor":41},{"not_picked":["Wild Strike","Sword Boomerang+1","True Grit"],"picked":"SKIP","floor":44},{"not_picked":["Headbutt+1","Dropkick","Perfected Strike+1"],"picked":"SKIP","floor":44},{"not_picked":["Wild Strike","Sword Boomerang+1"],"picked":"True Grit","floor":44},{"not_picked":["Headbutt+1","Dropkick","Perfected Strike+1"],"picked":"SKIP","floor":44},{"not_picked":["Warcry","Inflame+1"],"picked":"Body Slam","floor":46},{"not_picked":["Iron Wave","Spot Weakness+1"],"picked":"Shrug It Off","floor":46},{"not_picked":["Juggernaut","Clothesline"],"picked":"Demon Form","floor":47},{"not_picked":["Disarm+1","Pommel Strike+1"],"picked":"Second Wind+1","floor":48},{"not_picked":["Armaments","Evolve","Clash+1"],"picked":"SKIP","floor":48}],"player_experience":6219,"relics_obtained":[{"floor":6,"key":"Happy Flower"},{"floor":8,"key":"Potion Belt"},{"floor":9,"key":"Bag of Marbles"},{"floor":10,"key":"Ancient Tea Set"},{"floor":14,"key":"Oddly Smooth Stone"},{"floor":23,"key":"PreservedInsect"},{"floor":25,"key":"Unceasing Top"},{"floor":26,"key":"Letter Opener"},{"floor":30,"key":"Dodecahedron"},{"floor":38,"key":"Incense Burner"},{"floor":41,"key":"Prayer Wheel"},{"floor":43,"key":"Lantern"},{"floor":47,"key":"Bottled Tornado"}],"event_choices":[{"damage_healed":0,"gold_gain":0,"player_choice":"Box","damage_taken":0,"relics_obtained":["War Paint"],"max_hp_gain":0,"max_hp_loss":0,"event_name":"Big Fish","floor":2,"gold_loss":0,"cards_obtained":["Regret"]},{"damage_healed":0,"gold_gain":0,"player_choice":"Gave Potion","damage_taken":0,"relics_obtained":["Regal Pillow"],"max_hp_gain":0,"max_hp_loss":0,"event_name":"WeMeetAgain","floor":4,"gold_loss":0},{"damage_healed":0,"gold_gain":0,"player_choice":"Lose Max HP","damage_taken":0,"relics_obtained":["Golden Idol"],"max_hp_gain":0,"max_hp_loss":6,"event_name":"Golden Idol","floor":13,"gold_loss":0},{"damage_healed":0,"gold_gain":0,"player_choice":"Joined the Cult","damage_taken":6,"max_hp_gain":0,"max_hp_loss":0,"event_name":"Nest","floor":22,"gold_loss":0,"cards_obtained":["RitualDagger"]},{"cards_removed":["Strike_R"],"damage_healed":0,"gold_gain":0,"player_choice":"Elegance","damage_taken":0,"max_hp_gain":0,"max_hp_loss":0,"event_name":"Back to Basics","floor":27,"gold_loss":0},{"cards_removed":["Defend_R"],"damage_healed":0,"gold_gain":0,"player_choice":"Removed Skill","damage_taken":0,"max_hp_gain":0,"max_hp_loss":0,"event_name":"Falling","floor":36,"gold_loss":0},{"damage_healed":0,"gold_gain":333,"player_choice":"Gave Idol","damage_taken":0,"max_hp_gain":0,"max_hp_loss":0,"event_name":"The Moai Head","floor":37,"relics_lost":["Golden Idol"],"gold_loss":0},{"damage_healed":0,"gold_gain":0,"player_choice":"Fight","damage_taken":0,"max_hp_gain":0,"max_hp_loss":0,"event_name":"Mysterious Sphere","floor":38,"gold_loss":0},{"damage_healed":0,"gold_gain":0,"player_choice":"Paid","damage_taken":0,"relics_obtained":["Red Mask"],"max_hp_gain":0,"max_hp_loss":0,"event_name":"Tomb of Lord Red Mask","floor":39,"gold_loss":13}],"is_beta":false,"boss_relics":[{"not_picked":["Runic Cube","Calling Bell"],"picked":"Ectoplasm"},{"not_picked":["Velvet Choker","Mark of Pain"],"picked":"Philosopher\u0027s Stone"}],"items_purged_floors":[12,19],"is_endless":false,"potions_floor_spawned":[3,5,10,16,20,21,23,33,35,38],"ascension_level":3}