{"gold_per_floor":[116,116,41,58,58,58,69,80,104,134,134,162,162,47,47,47],"floor_reached":16,"playtime":313,"items_purged":["Strike_R"],"score":216,"play_id":"52f44d05-f60e-4e12-af22-f348f63629cc","local_time":"20190330194540","is_ascension_mode":true,"campfire_choices":[{"data":"Bash","floor":6,"key":"SMITH"},{"data":"Fiend Fire","floor":13,"key":"SMITH"},{"data":"Rampage","floor":15,"key":"SMITH"}],"neow_cost":"PERCENT_DAMAGE","seed_source_timestamp":117695565396700,"circlet_count":0,"master_deck":["AscendersBane","Strike_R","Strike_R","Strike_R","Strike_R","Defend_R","Defend_R","Defend_R","Defend_R","Bash+1","Rampage+1","Dropkick","Fiend Fire+1","Evolve"],"relics":["Burning Blood","Charon\u0027s Ashes","Blood Vial","Bag of Preparation","Art of War","Dodecahedron","Shuriken"],"potions_floor_usage":[10,16],"damage_taken":[{"damage":2,"enemies":"2 Louse","floor":1,"turns":3},{"damage":14,"enemies":"Small Slimes","floor":4,"turns":4},{"damage":7,"enemies":"Jaw Worm","floor":7,"turns":3},{"damage":11,"enemies":"Blue Slaver","floor":8,"turns":3},{"damage":25,"enemies":"3 Sentries","floor":10,"turns":6},{"damage":31,"enemies":"Gremlin Nob","floor":12,"turns":4},{"damage":7,"enemies":"Hexaghost","floor":16,"turns":4}],"seed_played":"6158639662047846440","potions_obtained":[{"floor":4,"key":"Regen Potion"},{"floor":7,"key":"Strength Potion"}],"is_trial":false,"path_per_floor":["M","?","?","M","?","R","M","M","T","E","?","E","R","$","R","B"],"character_chosen":"IRONCLAD","items_purchased":["Evolve"],"campfire_rested":0,"item_purchase_floors":[14],"current_hp_per_floor":[54,54,54,48,48,48,49,46,46,44,33,10,10,10,10,5],"gold":47,"neow_bonus":"ONE_RARE_RELIC","is_prod":false,"is_daily":false,"chose_seed":false,"campfire_upgraded":3,"win_rate":0,"timestamp":1553942740,"path_taken":["M","?","?","M","?","R","M","?","T","E","?","E","R","$","R","BOSS"],"build_version":"2019-01-23","purchased_purges":1,"victory":false,"max_hp_per_floor":[75,75,75,75,75,75,75,75,75,75,75,75,75,75,75,75],"card_choices":[{"not_picked":["Perfected Strike","Clash","Body Slam"],"picked":"SKIP","floor":1},{"not_picked":["Heavy Blade","Clash","Combust"],"picked":"SKIP","floor":4},{"not_picked":["Clash","Iron Wave"],"picked":"Rampage","floor":7},{"not_picked":["Sword Boomerang","Thunderclap"],"picked":"Dropkick","floor":8},{"not_picked":["Armaments","Clothesline"],"picked":"Fiend Fire","floor":10},{"not_picked":["Bloodletting","Body Slam","Flex"],"picked":"SKIP","floor":12}],"player_experience":2753804,"relics_obtained":[{"floor":9,"key":"Bag of Preparation"},{"floor":10,"key":"Art of War"},{"floor":12,"key":"Shuriken"}],"event_choices":[{"damage_healed":0,"gold_gain":0,"player_choice":"Box","damage_taken":0,"relics_obtained":["Blood Vial"],"max_hp_gain":0,"max_hp_loss":0,"event_name":"Big Fish","floor":2,"gold_loss":0,"cards_obtained":["Regret"]},{"cards_removed":["Regret"],"damage_healed":0,"gold_gain":0,"player_choice":"Card Removal","damage_taken":0,"max_hp_gain":0,"max_hp_loss":0,"event_name":"The Cleric","floor":3,"gold_loss":75},{"damage_healed":0,"gold_gain":0,"player_choice":"Ignored","damage_taken":0,"max_hp_gain":0,"max_hp_loss":0,"event_name":"Liars Game","floor":5,"gold_loss":0},{"damage_healed":0,"gold_gain":0,"player_choice":"Success","damage_taken":11,"relics_obtained":["Dodecahedron"],"max_hp_gain":0,"max_hp_loss":0,"event_name":"Scrap Ooze","floor":11,"gold_loss":0}],"is_beta":false,"boss_relics":[],"items_purged_floors":[14],"is_endless":false,"potions_floor_spawned":[4,7],"killed_by":"Hexaghost","ascension_level":20}