{"gold_per_floor":[113,188,90,90,15,15,47,47,47,82,101,101,130,141,141,141],"floor_reached":16,"playtime":343,"items_purged":["Strike_R"],"score":332,"play_id":"eaa7e3a9-9f29-438d-9567-ef0f5de5af8a","local_time":"20190424193313","is_ascension_mode":true,"campfire_choices":[{"data":"Bash","floor":6,"key":"SMITH"},{"data":"Discovery","floor":8,"key":"SMITH"},{"data":"Pommel Strike","floor":12,"key":"SMITH"},{"data":"Shockwave","floor":15,"key":"SMITH"}],"neow_cost":"NONE","seed_source_timestamp":200764829501600,"circlet_count":0,"master_deck":["AscendersBane","Strike_R","Strike_R","Strike_R","Strike_R","Defend_R","Defend_R","Defend_R","Defend_R","Bash+1","Pommel Strike+1","Discovery+1","Shrug It Off","Twin Strike","Shockwave+1"],"relics":["Burning Blood","NeowsBlessing","Paper Frog","Frozen Egg 2","Pantograph","Pear"],"potions_floor_usage":[13,16],"damage_taken":[{"damage":0,"enemies":"Jaw Worm","floor":1,"turns":1},{"damage":0,"enemies":"Lagavulin","floor":7,"turns":1},{"damage":0,"enemies":"3 Sentries","floor":10,"turns":1},{"damage":3,"enemies":"2 Louse","floor":11,"turns":3},{"damage":13,"enemies":"Lagavulin","floor":13,"turns":5},{"damage":1,"enemies":"Small Slimes","floor":14,"turns":3},{"damage":91,"enemies":"Hexaghost","floor":16,"turns":10}],"seed_played":"4696730004939186256","potions_obtained":[{"floor":1,"key":"SkillPotion"},{"floor":11,"key":"FearPotion"},{"floor":14,"key":"Fire Potion"}],"is_trial":false,"path_per_floor":["M","?","$","?","$","R","E","R","T","E","M","R","E","M","R","B"],"character_chosen":"IRONCLAD","items_purchased":["Discovery"],"campfire_rested":0,"item_purchase_floors":[3],"current_hp_per_floor":[74,63,63,68,68,68,74,74,74,80,80,80,83,88,88,0],"gold":141,"neow_bonus":"THREE_ENEMY_KILL","is_prod":false,"is_daily":false,"chose_seed":false,"campfire_upgraded":4,"win_rate":0,"timestamp":1556101993,"path_taken":["M","?","$","?","?","R","E","R","T","E","M","R","E","M","R","BOSS"],"build_version":"2019-01-23","purchased_purges":1,"victory":false,"max_hp_per_floor":[75,75,75,80,80,80,80,80,80,80,80,80,90,90,90,90],"card_choices":[{"not_picked":["Bloodletting","Wild Strike"],"picked":"Pommel Strike","floor":1},{"not_picked":["Iron Wave","Anger","Sword Boomerang"],"picked":"SKIP","floor":7},{"not_picked":["Warcry","Havoc","Searing Blow"],"picked":"SKIP","floor":10},{"not_picked":["Iron Wave","Bloodletting"],"picked":"Shrug It Off","floor":11},{"not_picked":["Cleave","Sword Boomerang"],"picked":"Twin Strike","floor":13},{"not_picked":["Headbutt","Body Slam"],"picked":"Shockwave","floor":14}],"player_experience":3348664,"relics_obtained":[{"floor":7,"key":"Paper Frog"},{"floor":9,"key":"Frozen Egg 2"},{"floor":10,"key":"Pantograph"},{"floor":13,"key":"Pear"}],"event_choices":[{"damage_healed":0,"gold_gain":75,"player_choice":"Gather Gold","damage_taken":11,"max_hp_gain":0,"max_hp_loss":0,"event_name":"World of Goop","floor":2,"gold_loss":0},{"damage_healed":0,"gold_gain":0,"player_choice":"Donut","damage_taken":0,"max_hp_gain":5,"max_hp_loss":0,"event_name":"Big Fish","floor":4,"gold_loss":0}],"is_beta":false,"boss_relics":[],"items_purged_floors":[5],"is_endless":false,"potions_floor_spawned":[1,11,14],"killed_by":"Hexaghost","ascension_level":20}