{"gold_per_floor":[110,35,51,11,22,22,49,49,49,49,67,67,78,88,88,167,167,187,24,24,24,40,40,67,17,17,31,31,31,31,61,61,61],"floor_reached":33,"playtime":919,"items_purged":["Shame"],"score":666,"play_id":"2f51d563-636e-48ab-b120-94544ba03cbf","local_time":"20190313201156","is_ascension_mode":true,"campfire_choices":[{"data":"Darkness","floor":6,"key":"SMITH"},{"data":"Capacitor","floor":8,"key":"SMITH"},{"data":"Zap","floor":10,"key":"SMITH"},{"floor":12,"key":"REST"},{"data":"Hologram","floor":15,"key":"SMITH"},{"floor":23,"key":"REST"},{"floor":30,"key":"REST"},{"floor":32,"key":"REST"}],"neow_cost":"PERCENT_DAMAGE","seed_source_timestamp":380945350166300,"circlet_count":0,"master_deck":["AscendersBane","Strike_B","Defend_B","Defend_B","Defend_B","Defend_B","Zap+1","Dualcast","Darkness+1","FTL","Capacitor+1","Core Surge","Hologram+1","Electrodynamics","Glacier","Defragment","White Noise","Skim","Sweeping Beam","Defragment","Blizzard","Turbo"],"relics":["Cracked Core","FossilizedHelix","Question Card","Sozu","Smiling Mask","Ginger","DataDisk","Orichalcum"],"potions_floor_usage":[11,14,16],"damage_taken":[{"damage":0,"enemies":"Cultist","floor":1,"turns":3},{"damage":0,"enemies":"2 Louse","floor":3,"turns":2},{"damage":0,"enemies":"Jaw Worm","floor":5,"turns":3},{"damage":24,"enemies":"Gremlin Nob","floor":7,"turns":4},{"damage":10,"enemies":"Gremlin Gang","floor":11,"turns":4},{"damage":7,"enemies":"Exordium Thugs","floor":13,"turns":4},{"damage":5,"enemies":"Large Slime","floor":14,"turns":5},{"damage":0,"enemies":"Slime Boss","floor":16,"turns":5},{"damage":36,"enemies":"2 Thieves","floor":18,"turns":4},{"damage":16,"enemies":"3 Byrds","floor":22,"turns":3},{"damage":20,"enemies":"Gremlin Leader","floor":24,"turns":6},{"damage":1,"enemies":"Sentry and Sphere","floor":27,"turns":4},{"damage":22,"enemies":"Slavers","floor":31,"turns":3},{"damage":28,"enemies":"Champ","floor":33,"turns":3}],"seed_played":"-7269776487671207321","potions_obtained":[{"floor":4,"key":"Energy Potion"},{"floor":4,"key":"PowerPotion"},{"floor":7,"key":"FocusPotion"},{"floor":11,"key":"Swift Potion"},{"floor":16,"key":"Dexterity Potion"}],"is_trial":false,"path_per_floor":["M","?","M","?","M","R","E","R","T","R","M","R","M","M","R","B",null,"M","$","?","?","M","R","E","$","T","M","?","$","R","E","R","B"],"character_chosen":"DEFECT","items_purchased":["Defragment","White Noise"],"campfire_rested":4,"item_purchase_floors":[19,19],"current_hp_per_floor":[46,46,46,46,46,46,22,22,22,22,12,33,26,21,21,21,59,23,23,23,23,7,28,8,8,8,7,7,7,28,6,27,0],"gold":61,"neow_bonus":"ONE_RARE_RELIC","is_prod":false,"is_daily":false,"chose_seed":false,"campfire_upgraded":4,"win_rate":0,"timestamp":1552475516,"path_taken":["M","?","M","?","M","R","E","R","T","R","M","R","?","M","R","BOSS","M","$","?","?","M","R","E","?","T","?","?","$","R","E","R","BOSS"],"build_version":"2019-01-23","purchased_purges":1,"victory":false,"max_hp_per_floor":[71,71,71,71,71,71,71,71,71,71,71,71,71,71,71,71,71,71,71,71,71,71,71,71,71,71,71,71,71,71,71,71,71],"card_choices":[{"not_picked":["Sweeping Beam","BootSequence"],"picked":"Darkness","floor":1},{"not_picked":["Ball Lightning","Stack"],"picked":"FTL","floor":3},{"not_picked":["Beam Cell","Tempest"],"picked":"Capacitor","floor":5},{"not_picked":["Sweeping Beam","Steam","Turbo"],"picked":"SKIP","floor":7},{"not_picked":["Sweeping Beam","Steam","Turbo"],"picked":"SKIP","floor":7},{"not_picked":["Compile Driver","Coolheaded","Stack"],"picked":"Core Surge","floor":11},{"not_picked":["Ball Lightning","Turbo","Gash"],"picked":"Hologram","floor":13},{"not_picked":["Steam","Storm","Doom and Gloom","Fusion"],"picked":"SKIP","floor":14},{"not_picked":["Reboot","Seek","Hyperbeam"],"picked":"Electrodynamics","floor":16},{"not_picked":["Melter","Skim","Chaos"],"picked":"Glacier","floor":18},{"not_picked":["Beam Cell","Compile Driver","Go for the Eyes"],"picked":"Defragment","floor":22},{"not_picked":["Redo","Chaos","Auto Shields"],"picked":"Blizzard","floor":24},{"not_picked":["Hyperbeam","Fusion","Barrage"],"picked":"Turbo","floor":27},{"not_picked":["Go for the Eyes","Leap","Stack","Compile Driver"],"picked":"SKIP","floor":31}],"player_experience":2244482,"relics_obtained":[{"floor":7,"key":"Question Card"},{"floor":24,"key":"Ginger"},{"floor":26,"key":"DataDisk"},{"floor":31,"key":"Orichalcum"}],"event_choices":[{"cards_removed":["Strike_B"],"damage_healed":0,"gold_gain":0,"player_choice":"Card Removal","damage_taken":0,"max_hp_gain":0,"max_hp_loss":0,"event_name":"The Cleric","floor":2,"gold_loss":75},{"damage_healed":0,"gold_gain":0,"player_choice":"Bought 3 Potions","damage_taken":0,"max_hp_gain":0,"max_hp_loss":0,"event_name":"The Woman in Blue","floor":4,"gold_loss":0},{"damage_healed":0,"gold_gain":0,"cards_transformed":["Strike_B","Strike_B"],"player_choice":"Became Test Subject","damage_taken":0,"max_hp_gain":0,"max_hp_loss":0,"event_name":"Drug Dealer","floor":20,"gold_loss":0,"cards_obtained":["Skim","Sweeping Beam"]},{"damage_healed":0,"gold_gain":0,"player_choice":"Stole Relic","damage_taken":0,"relics_obtained":["Smiling Mask"],"max_hp_gain":0,"max_hp_loss":0,"event_name":"Addict","floor":21,"gold_loss":0,"cards_obtained":["Shame"]},{"damage_healed":0,"gold_gain":0,"player_choice":"0 cards matched","damage_taken":0,"max_hp_gain":0,"max_hp_loss":0,"event_name":"Match and Keep!","floor":28,"gold_loss":0,"cards_obtained":[]}],"is_beta":false,"boss_relics":[{"not_picked":["Philosopher\u0027s Stone","Ectoplasm"],"picked":"Sozu"}],"items_purged_floors":[25],"is_endless":false,"potions_floor_spawned":[7,11,16,22],"killed_by":"Champ","ascension_level":20}