{"gold_per_floor":[118,118,268,268,1,1,36,36,61,71,42,42,76,86,86,160,160,171,13,13,13,31,59,59,59,59,90,90,90,90,124,124,124],"floor_reached":33,"playtime":641,"items_purged":[],"score":760,"play_id":"2d2aab45-36f3-4086-bb0f-88eee946c23e","local_time":"20190327125716","is_ascension_mode":true,"campfire_choices":[{"data":"Whirlwind","floor":6,"key":"SMITH"},{"data":"Whirlwind","floor":12,"key":"SMITH"},{"data":"Defend_R","floor":15,"key":"SMITH"},{"data":"Demon Form","floor":24,"key":"SMITH"},{"floor":32,"key":"REST"}],"neow_cost":"NONE","seed_source_timestamp":37471717844000,"circlet_count":0,"master_deck":["AscendersBane","Strike_R+1","Strike_R","Strike_R","Defend_R","Defend_R","Defend_R","Defend_R+1","Bash+1","Whirlwind+1","Doubt","Seeing Red+1","Warcry+1","Whirlwind+1","Flex+1","Warcry+1","Double Tap+1","Intimidate+1","True Grit+1","Demon Form+1","Parasite","Pain","Whirlwind+1","Impervious+1","Clash","Decay","Writhe"],"relics":["Burning Blood","NeowsBlessing","Prayer Wheel","Toxic Egg 2","Red Skull","Bronze Scales","Mercury Hourglass","Cursed Key","Juzu Bracelet","Enchiridion","PreservedInsect","Kunai","Darkstone Periapt","Gremlin Horn","Ginger"],"potions_floor_usage":[16,22],"damage_taken":[{"damage":0,"enemies":"Jaw Worm","floor":1,"turns":1},{"damage":0,"enemies":"Gremlin Nob","floor":7,"turns":1},{"damage":0,"enemies":"Small Slimes","floor":10,"turns":1},{"damage":29,"enemies":"Lagavulin","floor":13,"turns":7},{"damage":0,"enemies":"2 Louse","floor":14,"turns":1},{"damage":21,"enemies":"The Guardian","floor":16,"turns":6},{"damage":12,"enemies":"3 Byrds","floor":18,"turns":2},{"damage":0,"enemies":"Shell Parasite","floor":22,"turns":1},{"damage":11,"enemies":"Gremlin Leader","floor":23,"turns":3},{"damage":20,"enemies":"Book of Stabbing","floor":27,"turns":3},{"damage":15,"enemies":"Gremlin Leader","floor":31,"turns":3},{"damage":52,"enemies":"Champ","floor":33,"turns":6}],"seed_played":"-6086844380338173866","potions_obtained":[{"floor":1,"key":"SkillPotion"},{"floor":14,"key":"Block Potion"},{"floor":16,"key":"Ancient Potion"},{"floor":18,"key":"AttackPotion"},{"floor":27,"key":"FearPotion"}],"is_trial":false,"path_per_floor":["M","?","?","?","$","R","E","?","T","M","$","R","E","M","R","B",null,"M","$","?","?","M","E","R","T","T","E","?","?","?","E","R","B"],"character_chosen":"IRONCLAD","items_purchased":["Toxic Egg 2","Flex+1","Juzu Bracelet"],"campfire_rested":1,"item_purchase_floors":[5,11,19],"current_hp_per_floor":[74,51,51,33,33,33,39,44,44,50,50,50,27,33,33,18,65,59,59,59,38,44,39,39,39,39,25,25,31,37,28,55,3],"gold":124,"neow_bonus":"THREE_ENEMY_KILL","is_prod":false,"is_daily":false,"chose_seed":false,"campfire_upgraded":4,"win_rate":0,"timestamp":1553659036,"path_taken":["M","?","?","?","$","R","E","?","T","M","?","R","E","M","R","BOSS","M","$","?","?","M","E","R","?","T","E","?","?","?","E","R","BOSS"],"build_version":"2019-01-23","purchased_purges":0,"victory":false,"max_hp_per_floor":[75,75,75,75,75,75,75,80,80,80,80,80,80,80,80,80,80,80,80,80,80,80,80,80,80,80,80,80,86,92,92,92,92],"card_choices":[{"not_picked":["Combust","Ghostly Armor"],"picked":"Whirlwind","floor":1},{"not_picked":["Anger","Body Slam"],"picked":"Seeing Red+1","floor":7},{"not_picked":["Iron Wave","Thunderclap"],"picked":"Warcry+1","floor":10},{"not_picked":["Infernal Blade+1","Pommel Strike"],"picked":"Whirlwind","floor":10},{"not_picked":["Anger","Thunderclap","Havoc+1"],"picked":"SKIP","floor":13},{"not_picked":["Flex+1","Hemokinesis"],"picked":"Warcry+1","floor":14},{"not_picked":["Uppercut","Iron Wave","Bloodletting+1"],"picked":"SKIP","floor":14},{"not_picked":["Bludgeon","Berserk"],"picked":"Double Tap+1","floor":16},{"not_picked":["Iron Wave","Blood for Blood"],"picked":"Intimidate+1","floor":18},{"not_picked":["Carnage+1","Spot Weakness+1","Clash"],"picked":"SKIP","floor":18},{"not_picked":["Twin Strike","Headbutt+1"],"picked":"True Grit+1","floor":22},{"not_picked":["Flex+1","Heavy Blade","Rage+1"],"picked":"SKIP","floor":22},{"not_picked":["Ghostly Armor+1","Pommel Strike+1"],"picked":"Demon Form","floor":23},{"not_picked":["Iron Wave","Pommel Strike"],"picked":"Whirlwind+1","floor":27},{"not_picked":["Wild Strike+1","Uppercut","Flex+1"],"picked":"SKIP","floor":31}],"player_experience":2625812,"relics_obtained":[{"floor":7,"key":"Red Skull"},{"floor":9,"key":"Bronze Scales"},{"floor":13,"key":"Mercury Hourglass"},{"floor":21,"key":"Enchiridion"},{"floor":23,"key":"PreservedInsect"},{"floor":25,"key":"Kunai"},{"floor":26,"key":"Darkstone Periapt"},{"floor":27,"key":"Gremlin Horn"},{"floor":31,"key":"Ginger"}],"event_choices":[{"damage_healed":0,"gold_gain":0,"player_choice":"Entered Light","damage_taken":23,"max_hp_gain":0,"max_hp_loss":0,"event_name":"Shining Light","floor":2,"gold_loss":0,"cards_upgraded":["Bash","Strike_R"]},{"damage_healed":0,"gold_gain":150,"player_choice":"AGREE","damage_taken":0,"max_hp_gain":0,"max_hp_loss":0,"event_name":"Liars Game","floor":3,"gold_loss":0,"cards_obtained":["Doubt"]},{"damage_healed":0,"gold_gain":0,"player_choice":"Success","damage_taken":18,"relics_obtained":["Prayer Wheel"],"max_hp_gain":0,"max_hp_loss":0,"event_name":"Scrap Ooze","floor":4,"gold_loss":0},{"damage_healed":0,"gold_gain":0,"player_choice":"Donut","damage_taken":0,"max_hp_gain":5,"max_hp_loss":0,"event_name":"Big Fish","floor":8,"gold_loss":0},{"damage_healed":0,"gold_gain":0,"player_choice":"Ignored","damage_taken":0,"max_hp_gain":0,"max_hp_loss":0,"event_name":"Beggar","floor":20,"gold_loss":0},{"damage_healed":0,"gold_gain":0,"player_choice":"Obtained Book","damage_taken":21,"max_hp_gain":0,"max_hp_loss":0,"event_name":"Cursed Tome","floor":21,"gold_loss":0},{"damage_healed":0,"gold_gain":0,"cards_transformed":["Strike_R","Strike_R"],"player_choice":"Became Test Subject","damage_taken":0,"max_hp_gain":0,"max_hp_loss":0,"event_name":"Drug Dealer","floor":28,"gold_loss":0,"cards_obtained":["Impervious","Clash"]},{"damage_healed":0,"gold_gain":0,"player_choice":"Smashed Altar","damage_taken":0,"max_hp_gain":0,"max_hp_loss":0,"event_name":"Forgotten Altar","floor":29,"gold_loss":0,"cards_obtained":["Decay"]},{"damage_healed":0,"gold_gain":0,"player_choice":"1 cards matched","damage_taken":0,"max_hp_gain":0,"max_hp_loss":0,"event_name":"Match and Keep!","floor":30,"gold_loss":0,"cards_obtained":["Writhe"]}],"is_beta":false,"boss_relics":[{"not_picked":["Astrolabe","Sozu"],"picked":"Cursed Key"}],"items_purged_floors":[],"is_endless":false,"potions_floor_spawned":[1,14,16,18,27],"killed_by":"Champ","ascension_level":20}