{"gold_per_floor":[109,109,120,136,211,241,241,253,279,299,329,329,329,53,53,130,130,146,196,216,216,34,34,68,78,78,78],"floor_reached":27,"playtime":689,"items_purged":[],"score":582,"play_id":"9eaa33b3-f489-40b1-a62d-d32634820894","local_time":"20190223143512","is_ascension_mode":true,"campfire_choices":[{"data":"Defragment","floor":7,"key":"SMITH"},{"data":"Zap","floor":13,"key":"SMITH"},{"data":"Dualcast","floor":15,"key":"SMITH"},{"floor":23,"key":"REST"}],"neow_cost":"NONE","seed_source_timestamp":268818513383500,"circlet_count":0,"master_deck":["AscendersBane","Strike_B","Strike_B","Strike_B+1","Strike_B","Defend_B","Defend_B","Defend_B","Defend_B","Zap+1","Dualcast+1","Cold Snap+1","Ball Lightning","Ball Lightning","Defragment+1","FTL","Conserve Battery","Creative AI","Consume","Self Repair","Cold Snap","Coolheaded"],"relics":["Cracked Core","NeowsBlessing","Whetstone","Regal Pillow","Potion Belt","Mercury Hourglass","Cables","Fusion Hammer","Bag of Preparation","Orichalcum","Juzu Bracelet"],"potions_floor_usage":[6,11,16,20,24,25],"damage_taken":[{"damage":0,"enemies":"Small Slimes","floor":1,"turns":1},{"damage":0,"enemies":"Cultist","floor":3,"turns":1},{"damage":0,"enemies":"2 Louse","floor":4,"turns":1},{"damage":16,"enemies":"3 Sentries","floor":6,"turns":5},{"damage":0,"enemies":"2 Fungi Beasts","floor":8,"turns":3},{"damage":11,"enemies":"Looter","floor":10,"turns":2},{"damage":4,"enemies":"Gremlin Nob","floor":11,"turns":3},{"damage":0,"enemies":"Hexaghost","floor":16,"turns":7},{"damage":9,"enemies":"Chosen","floor":18,"turns":4},{"damage":8,"enemies":"Shell Parasite","floor":20,"turns":4},{"damage":32,"enemies":"Slavers","floor":24,"turns":4},{"damage":17,"enemies":"Shelled Parasite and Fungi","floor":25,"turns":3},{"damage":28,"enemies":"Gremlin Leader","floor":27,"turns":5}],"seed_played":"-752762416920928169","potions_obtained":[{"floor":1,"key":"FocusPotion"},{"floor":2,"key":"Fire Potion"},{"floor":6,"key":"EssenceOfSteel"},{"floor":10,"key":"PowerPotion"},{"floor":11,"key":"Weak Potion"},{"floor":16,"key":"GamblersBrew"},{"floor":18,"key":"Weak Potion"},{"floor":20,"key":"LiquidBronze"}],"is_trial":false,"path_per_floor":["M","?","M","M","?","E","R","M","T","M","E","?","R","$","R","B",null,"M","?","M","?","$","R","E","M","T","E"],"character_chosen":"DEFECT","items_purchased":["Cables","Bag of Preparation","Cold Snap"],"campfire_rested":1,"item_purchase_floors":[14,22,22],"current_hp_per_floor":[64,64,64,64,53,37,37,37,37,26,22,22,22,22,22,22,59,50,50,42,42,42,71,39,22,22,0],"gold":78,"neow_bonus":"THREE_ENEMY_KILL","is_prod":false,"is_daily":false,"chose_seed":false,"campfire_upgraded":3,"win_rate":0,"timestamp":1550900112,"path_taken":["M","?","?","M","?","E","R","M","T","M","E","?","R","$","R","BOSS","M","?","M","?","$","R","E","M","T","E"],"build_version":"2019-01-23","purchased_purges":0,"victory":false,"max_hp_per_floor":[71,71,71,71,71,71,71,71,71,71,71,71,71,71,71,71,71,71,71,71,71,71,71,71,71,71,71],"card_choices":[{"not_picked":["Doom and Gloom","Beam Cell"],"picked":"Cold Snap","floor":1},{"not_picked":["Ball Lightning","Compile Driver","Redo"],"picked":"SKIP","floor":3},{"not_picked":["Compile Driver","Redo"],"picked":"Ball Lightning","floor":3},{"not_picked":["Heatsinks","Rebound"],"picked":"Ball Lightning","floor":4},{"not_picked":["Storm","Force Field"],"picked":"Defragment","floor":6},{"not_picked":["Rainbow","Hologram"],"picked":"FTL","floor":8},{"not_picked":["Compile Driver","Rebound","Genetic Algorithm"],"picked":"SKIP","floor":10},{"not_picked":["Compile Driver","Blizzard"],"picked":"Conserve Battery","floor":11},{"not_picked":["Reboot","Buffer"],"picked":"Creative AI","floor":16},{"not_picked":["Cold Snap","Steam"],"picked":"Consume","floor":18},{"not_picked":["Rebound","Blizzard","Ball Lightning"],"picked":"SKIP","floor":20},{"not_picked":["Go for the Eyes","Conserve Battery"],"picked":"Coolheaded","floor":24},{"not_picked":["Ball Lightning","Skim","Barrage"],"picked":"SKIP","floor":25}],"player_experience":1772855,"relics_obtained":[{"floor":6,"key":"Whetstone"},{"floor":9,"key":"Regal Pillow"},{"floor":11,"key":"Potion Belt"},{"floor":24,"key":"Orichalcum"},{"floor":26,"key":"Juzu Bracelet"}],"event_choices":[{"damage_healed":0,"gold_gain":0,"player_choice":"Got Potions","damage_taken":0,"max_hp_gain":0,"max_hp_loss":0,"event_name":"Lab","floor":2,"gold_loss":0},{"damage_healed":0,"gold_gain":75,"player_choice":"Gather Gold","damage_taken":11,"max_hp_gain":0,"max_hp_loss":0,"event_name":"World of Goop","floor":5,"gold_loss":0},{"damage_healed":0,"gold_gain":0,"player_choice":"Searched \u00272\u0027 times","damage_taken":0,"relics_obtained":["Mercury Hourglass"],"max_hp_gain":0,"max_hp_loss":0,"event_name":"Dead Adventurer","floor":12,"gold_loss":0},{"damage_healed":0,"gold_gain":50,"player_choice":"Stole From Cult","damage_taken":0,"max_hp_gain":0,"max_hp_loss":0,"event_name":"Nest","floor":19,"gold_loss":0},{"damage_healed":0,"gold_gain":0,"player_choice":"Read","damage_taken":0,"max_hp_gain":0,"max_hp_loss":0,"event_name":"The Library","floor":21,"gold_loss":0,"cards_obtained":["Self Repair"]}],"is_beta":false,"boss_relics":[{"not_picked":["Calling Bell","Busted Crown"],"picked":"Fusion Hammer"}],"items_purged_floors":[],"is_endless":false,"potions_floor_spawned":[1,6,10,11,16,18,20],"killed_by":"Gremlin Leader","ascension_level":20}