{"path_per_floor":["M","?","M","$","M","R","E","R","T","?","E","?","M","M","R","B",null,"M","$","M","T","M","R"],"character_chosen":"IRONCLAD","items_purchased":["Bronze Scales"],"gold_per_floor":[111,111,122,47,59,59,94,94,141,141,170,170,181,196,196,293,323,289,33,45,125,135,135],"floor_reached":24,"campfire_rested":2,"playtime":1102,"current_hp_per_floor":[78,62,68,68,74,74,64,64,64,64,40,40,44,47,71,34,69,36,36,30,30,7,31],"items_purged":["Defend_R","Decay"],"gold":135,"score":278,"play_id":"0a7e23c9-9f30-40e8-8a7e-531279fcb9b6","local_time":"20180311160723","is_prod":false,"is_daily":false,"is_ascension_mode":true,"campfire_upgraded":2,"timestamp":1520777243,"path_taken":["M","?","M","$","?","R","E","R","T","?","E","?","M","M","R","BOSS","M","?","?","?","?","R","M"],"build_version":"2018-03-09","purchased_purges":2,"victory":false,"master_deck":["Strike_R","Strike_R","Strike_R","Strike_R+1","Defend_R+1","Defend_R+1","Defend_R+1","Bash+1","Iron Wave","Rupture","Berserk+1","Iron Wave","Clash","Offering","Parasite","Pain","Fire Breathing+1"],"max_hp_per_floor":[80,80,80,80,80,80,80,80,80,80,80,80,80,80,80,80,80,80,80,80,80,80,80],"relics":["Burning Blood","NeowsBlessing","Letter Opener","War Paint","Toolbox","Calling Bell","Pen Nib","Tiny Chest","Ornamental Fan","Bronze Scales","Toxic Egg 2"],"card_choices":[{"not_picked":["True Grit","Warcry"],"picked":"Iron Wave"},{"not_picked":["Pommel Strike","Entrench"],"picked":"Rupture"},{"not_picked":["Second Wind","Exhume"],"picked":"Berserk"},{"not_picked":["Thunderclap","Dual Wield"],"picked":"Iron Wave"},{"not_picked":["Feel No Pain","Wild Strike"],"picked":"Clash"},{"not_picked":["Bludgeon","Fiend Fire"],"picked":"Offering"},{"not_picked":["Reckless Charge","Twin Strike"],"picked":"Fire Breathing"}],"player_experience":283585,"potions_floor_usage":[7,13,16,16,16,22,24],"damage_taken":[{"damage":0,"enemies":"2 Louse","floor":1,"turns":1},{"damage":0,"enemies":"Jaw Worm","floor":3,"turns":1},{"damage":0,"enemies":"Cultist","floor":5,"turns":1},{"damage":16,"enemies":"Gremlin Nob","floor":7,"turns":3},{"damage":30,"enemies":"Lagavulin","floor":11,"turns":5},{"damage":2,"enemies":"Red Slaver","floor":13,"turns":2},{"damage":3,"enemies":"Looter","floor":14,"turns":3},{"damage":43,"enemies":"Slime Boss","floor":16,"turns":9},{"damage":39,"enemies":"2 Thieves","floor":18,"turns":5},{"damage":12,"enemies":"3 Byrds","floor":20,"turns":3},{"damage":41,"enemies":"Slaver and Parasite","floor":22,"turns":5},{"damage":53,"enemies":"Cultist and Chosen","floor":24,"turns":5}],"event_choices":[{"event_name":"Shining Light","player_choice":"Entered Light","floor":2,"damage_taken":0},{"event_name":"Bonfire Elementals","player_choice":"BASIC","floor":10,"damage_taken":0},{"event_name":"The Lab","player_choice":"Got Potions","floor":12,"damage_taken":0}],"boss_relics":[{"not_picked":["Runic Dome","Tiny House"],"picked":"Calling Bell"}],"potions_floor_spawned":[3,7,14,20,22],"seed_played":"-7687777119264337575","killed_by":"Cultist and Chosen","ascension_level":7,"is_trial":false}